1905 3254
700 281 813 311 sEss.
841 281 916 311 vn.
1454 265 1539 304 403

79 386 234 433 benda,
262 386 406 443 deque
438 387 633 429 Postillis
670 388 802 429 etiam
837 387 1032 444 agendis,
1065 394 1109 429 et
1129 386 1415 429 decernantur
1435 401 1535 442 qua}

83 460 295 501 Caesareae
330 460 559 516 MaJestati
581 461 723 502 visum
747 469 812 502 est
835 461 889 502 ad
919 461 997 502 hoc
1019 468 1214 502 sanctum
1238 462 1397 502 referre
1422 460 1534 502 Con-

77 533 241 574 cilium.

140 606 206 647 14.
239 605 391 647 Unum
432 605 691 647 beneficium
733 606 806 646 uni
847 612 1021 646 tantum
1059 605 1321 654 conferatur,
1360 606 1537 648 sublata

79 678 197 734 quod
229 679 385 720 attinet
420 678 475 720 ad
508 679 808 735 pluralitatem
838 680 1187 734 compatibilium
1210 686 1253 721 et
1283 680 1536 735 incompati—

80 751 250 799 bilium,
273 766 556 806 personarum
579 751 845 801 differe11ti{·1;
879 766 979 807 quae
996 751 1228 799 distinctio,
1253 758 1303 793 ut
1325 759 1391 793 est
1413 767 1535 800 nova,

81 828 125 864 et
156 823 349 879 antiquis
381 823 561 865 decretis
592 824 824 880 incognita,
853 824 913 865 ita
933 825 1048 866 Eccffl
1072 824 1310 866 Catholicae
1332 840 1535 881 magnam

79 895 373 937 calamitatem
397 897 572 937 attulit:
605 897 765 939 dentur
787 903 933 939 autem
961 897 1206 954 Regularia
1222 897 1535 953 Regularibus,

80 967 305 1008 saecularia
326 969 625 1011 saecularibus.

143 1040 206 1081 15.
241 1041 329 1090 Qui
352 1055 455 1082 vero
475 1056 591 1083 nunc
613 1042 699 1083 duo
720 1042 904 1098 plurave
928 1042 1165 1098 possident,
1203 1049 1280 1084 aut
1308 1042 1418 1083 illud
1446 1050 1536 1084 tan-

79 1118 173 1153 tum
209 1113 435 1159 retineant,
469 1114 588 1169 quod
621 1115 737 1156 intra
767 1116 902 1157 breve
929 1122 1103 1171 tempus
1136 1116 1352 1172 eligerint,
1386 1123 1463 1157 aut
1494 1116 1538 1156 in

79 1200 233 1240 poenas
256 1187 534 1241 antiquorum
558 1194 601 1228 et
622 1194 820 1228 veterum
842 1188 1068 1228 Canonum
1090 1188 1293 1229 incidant.

142 1259 204 1298 16.
238 1259 302 1300 Ut
326 1274 351 1300 a
371 1259 628 1300 sacerdotali
650 1260 798 1301 ordine
830 1260 976 1301 sordes
1008 1276 1154 1301 omnes
1186 1268 1229 1302 et
1259 1276 1405 1302 omnes
1438 1277 1538 1303 ava-

77 1332 190 1373 ritiae
210 1332 332 1373 labes
353 1333 504 1388 procul
532 1333 826 1389 expellantur,
858 1348 933 1374 nec
954 1334 1043 1374 ullo
1065 1341 1287 1389 praetextu
1310 1350 1388 1390 pro
1408 1336 1539 1376 rebus

78 1405 239 1447 divinis
270 1406 502 1462 quicquam
536 1406 752 1462 exigatur,
776 1413 898 1447 curet
931 1407 1187 1463 Episcopus,
1221 1414 1297 1448 aut
1318 1423 1397 1463 per
1418 1409 1540 1448 unio-

80 1494 176 1520 nem
198 1479 527 1527 Beneficiorum,
551 1486 628 1520 aut
660 1479 923 1520 decimarum
959 1480 1314 1535 assignationem,
1338 1487 1382 1521 et
1403 1481 1438 1521 si
1461 1481 1539 1522 hoc

80 1553 172 1593 fieri
207 1568 292 1593 non
324 1553 486 1608 poterit
525 1553 757 1601 commode,
802 1554 1026 1609 PrincepS,
1058 1569 1137 1609 per
1170 1553 1538 1595 Parochianorum

80 1625 278 1680 symbola
310 1633 353 1667 et
384 1625 597 1673 collectas,
626 1633 676 1667 ut
697 1626 897 1674 Plcbani,
931 1633 975 1667 et
996 1642 1095 1667 cum
1118 1641 1168 1667 eo
1190 1626 1277 1666 duo
1311 1641 1358 1667 ac
1391 1628 1542 1681 plures

83 1699 240 1740 Clerici
260 1699 468 1749 habeant,
489 1700 604 1741 unde
628 1700 762 1741 vitam
787 1715 977 1756 congrue
999 1699 1244 1746 traducant,
1272 1705 1315 1741 et
1345 1699 1539 1756 hospita-

81 1773 194 1814 litati
217 1774 457 1828 praebeant.

144 1845 205 1887 17.
241 1845 293 1886 In
327 1846 474 1886 Missis
510 1844 833 1900 parochialibus
864 1845 1161 1900 Evangelium
1188 1851 1337 1900 aperte
1363 1850 1407 1885 ct
1427 1844 1539 1885 dilu-

83 1917 189 1966 cide,
223 1925 266 1959 et
290 1933 369 1973 pro
401 1919 555 1974 populi
589 1925 721 1973 captu
755 1919 925 1974 copiose
958 1919 1001 1958 in
1033 1923 1249 1973 suggestu
1271 1923 1540 1972 exponatur;

83 2004 170 2045 quo
190 1990 235 2030 in
255 1991 360 2039 loco,
394 2006 496 2046 quae
527 1997 753 2046 praeeunte
777 1991 971 2031 Plebano
1003 2005 1028 2030 a
1055 1988 1221 2045 populo
1243 1989 1354 2029 fiunt
1375 2003 1539 2044 preces,

82 2061 235 2118 lingua
266 2064 371 2104 fiant
401 2064 657 2114 vernacula;
688 2070 863 2119 peracto
886 2070 1032 2103 autem
1056 2062 1262 2103 sacrificio
1284 2062 1458 2110 Latine,
1496 2069 1540 2103 et

84 2137 275 2192 mysticis
292 2137 508 2192 precibus,
543 2137 699 2192 lingua
717 2137 847 2177 etiam
870 2136 1100 2177 vernacula
1114 2135 1287 2190 publice
1306 2134 1359 2175 ad
1376 2135 1539 2176 Dcum¹

83 2210 188 2251 fiant
208 2211 448 2260 orationes3
481 2226 530 2251 co
566 2217 711 2251 autem
747 2217 956 2265 tempore,
986 2216 1063 2249 aut
1091 2209 1186 2249 aliis
1217 2209 1396 2248 statutis
1426 2207 1541 2249 horis

84 2282 248 2323 cantari
268 2289 478 2337 poterunt
512 2283 586 2337 pia
619 2289 663 2323 ct
694 2282 942 2337 spiritualia
963 2281 1136 2327 cantica,
1168 2287 1244 2320 aut
1267 2279 1428 2335 psalmi
1450 2280 1540 2321 Da-

85 2354 223 2404 vidici,
256 2356 380 2411 prius
417 2356 472 2396 ab
505 2356 727 2412 Episcopo
760 2355 993 2411 diligenter
1015 2352 1266 2400 examinati,
1298 2353 1333 2392 si
1365 2352 1409 2393 id
1441 2368 1464 2394 e
1495 2368 1541 2394 re

84 2441 174 2468 suae
197 2429 408 2469 Ecclesiae
430 2430 622 2470 censebit
644 2430 909 2484 Episcopus.

146 2502 208 2542 18.
242 2502 492 2557 Antiquum
527 2502 639 2543 illud
664 2502 822 2543 Leonis
843 2508 887 2542 ct
911 2500 1077 2541 Gelasii
1108 2499 1331 2540 decretum
1354 2498 1406 2539 dc
1429 2514 1540 2540 com-

88 2574 287 2615 munione
311 2575 393 2615 sub
417 2581 605 2631 utraque
626 2576 767 2632 specie
788 2580 1033 2616 renovetur.

147 2648 208 2688 19.
242 2648 305 2688 Ac
336 2654 386 2689 ut
420 2663 567 2690 omncs
601 2650 821 2705 praecipue
850 2646 1043 2702 imperiti
1065 2659 1193 2686 usum
1228 2651 1272 2685 et
1308 2646 1539 2687 efficaciam

87 2727 454 2763 sacramentorum
476 2723 743 2779 intelligant,
766 2719 985 2777 pratccdat
1003 2732 1174 2774 semper
1194 2733 1248 2760 ex
1269 2719 1423 2775 lingua
1448 2735 1540 2761 vcr-

704 2809 712 2827 ¹
740 2810 833 2847 Eum,
852 2808 923 2838 MS.

1187 2866 1213 2905 2
1237 2879 1264 2905 D
1288 2867 1314 2906 :2
