1905 3254
355 316 436 357 26ss
988 331 1096 363 smss
1121 332 1180 361 w.

354 439 641 494 pronunciare
663 437 883 486 studeant,
908 444 957 478 ut
989 437 1044 478 ab
1075 437 1165 477 illis
1186 436 1292 477 dum
1312 435 1407 477 haec
1429 441 1639 492 aguntur,
1661 435 1808 478 Deum

353 511 549 567 cogitari,
573 517 707 566 atque
728 510 790 551 ibi
812 509 938 551 corde
960 516 1004 551 et
1025 525 1098 551 ore
1120 524 1193 550 eos
1210 509 1357 551 adesse
1380 524 1526 550 omnes
1545 508 1807 565 intelligant.

357 585 556 627 Caveant
579 586 707 627 etiam
724 600 776 626 ne
797 585 861 625 ita
881 584 1093 625 submissa
1115 598 1216 624 voce
1239 583 1373 624 verba
1394 583 1631 639 proferant,
1654 589 1704 623 ut
1726 597 1811 622 non

357 659 579 701 commode
602 660 657 700 ab
679 659 775 700 aliis
795 658 1125 714 intelligantur3
1157 658 1217 698 sic
1237 663 1395 706 tamen,
1417 672 1470 697 ne
1491 657 1674 697 clamoso
1697 656 1813 697 vocis

354 735 541 790 strepitu
573 733 848 774 audientium
882 732 1096 773 fervorem
1132 731 1351 787 frangant,
1379 745 1530 771 verum
1564 730 1625 770 ita
1660 735 1813 770 cuncta

353 804 647 853 moderentur,
683 810 733 844 ut
755 803 916 853 Missae,
939 804 1029 845 sive
1051 803 1180 859 plana
1202 818 1305 844 voce
1328 802 1417 843 sive
1439 808 1571 842 cantu
1592 801 1811 843 celebren-

356 884 444 926 tur,
468 878 613 918 omnia
634 878 760 926 clare,
783 884 1042 932 matureque
1065 877 1237 932 prolata
1258 878 1302 916 in
1326 875 1599 917 audientium
1622 891 1749 916 aures
1769 882 1814 916 et

354 950 481 991 corda
498 950 668 1006 placide
684 950 947 991 descendant
962 966 969 988 ε
994 964 1094 1004 quae
1110 964 1211 989 vero
1232 947 1460 1003 rhythmis,
1477 948 1663 996 musicis,
1679 955 1814 1003 atque

356 1024 532 1079 organis
553 1024 627 1078 agi
650 1022 803 1070 solent,
826 1023 869 1062 in
891 1022 944 1062 iis
959 1021 1069 1062 nihil
1083 1021 1329 1076 profanum,
1349 1020 1425 1061 sed
1442 1020 1611 1076 Hymni
1629 1027 1813 1068 tantum,

356 1103 401 1137 et
422 1095 583 1137 divinae
605 1095 761 1136 laudes
780 1094 1181 1144 intermisceantur3
1205 1094 1268 1134 ita
1283 1100 1428 1134 tamen
1446 1100 1498 1134 ut
1519 1108 1619 1148 quae
1639 1094 1815 1149 organis

356 1175 486 1210 erunt
506 1168 745 1224 psallenda,
782 1168 816 1209 si
839 1183 892 1208 ex
914 1173 1118 1208 contextu
1140 1166 1277 1207 divini
1301 1167 1386 1207 sint
1407 1165 1544 1215 officii,
1570 1166 1691 1222 quod
1711 1173 1815 1207 tunc

355 1248 612 1297 peragetur,
647 1241 800 1282 eadem
833 1246 946 1288 ante,
980 1239 1163 1294 simplici
1198 1239 1403 1295 claraque
1426 1253 1527 1279 voce
1561 1239 1814 1287 recitentur,

356 1328 410 1354 ne
445 1320 664 1369 perpetua
696 1327 915 1353 sacrorum
958 1312 1089 1353 lectio
1131 1327 1398 1367 quemquam
1438 1311 1638 1367 effugiat.
1701 1312 1817 1353 Tota

357 1393 506 1428 autem
538 1386 631 1427 haec
663 1385 800 1427 modis
834 1385 1009 1425 musicis
1041 1385 1257 1441 psallendi
1289 1385 1414 1434 ratio,
1443 1399 1529 1425 non
1564 1385 1620 1426 ad
1644 1386 1816 1426 inanem

359 1457 530 1498 aurium
563 1457 894 1498 oblectationem
926 1457 1010 1498 erit
1044 1456 1352 1511 componenda,
1388 1456 1465 1496 sed
1496 1457 1558 1497 ita
1593 1463 1645 1497 ut
1680 1457 1818 1498 verba

359 1532 416 1572 ab
458 1531 661 1572 omnibus
696 1530 864 1586 percipi
903 1530 1082 1585 possint,
1120 1536 1254 1585 atque
1287 1529 1560 1570 audientium
1591 1529 1720 1571 corda
1760 1530 1816 1572 ad

358 1604 542 1645 caelestis
574 1603 812 1644 harmoniae
848 1603 1127 1650 desiderium,
1169 1603 1486 1658 beatorumque
1520 1603 1686 1658 gaudia
1720 1618 1815 1645 con-

359 1676 612 1731 templanda
632 1676 873 1731 rapiantur.
920 1676 1032 1725 Quae
1053 1675 1094 1715 in
1112 1675 1348 1716 Missarum
1371 1675 1660 1717 celebratione
1681 1683 1816 1718 statu-

357 1755 503 1796 untur,
527 1749 679 1789 eadem
701 1755 746 1789 et
767 1749 811 1788 in
835 1748 933 1789 aliis
952 1748 1111 1789 divinis
1128 1749 1276 1790 officiis
1296 1755 1425 1790 erunt
1446 1749 1733 1799 observanda,
1765 1757 1817 1792 ut

359 1838 445 1878 quo
474 1824 614 1879 magis
634 1838 702 1864 res
724 1837 856 1863 sacrae
879 1822 934 1862 ab
963 1822 1166 1863 humanis
1198 1822 1376 1871 distant,
1414 1838 1463 1864 eo
1499 1824 1633 1864 etiam
1663 1825 1817 1880 maj0ri

357 1897 615 1944 reverentia,
638 1896 818 1952 pietate,
843 1909 890 1936 ac
911 1894 994 1935 fide
1015 1894 1106 1936 haec
1127 1895 1221 1936 fieri
1242 1895 1562 1951 intelligantur.

417 1968 470 2009 In
492 1968 730 2009 Missarum
753 1967 971 2015 sacrificio,
1005 1966 1127 2022 quod
1147 1967 1339 2008 omnium
1368 1968 1675 2023 mysteriorum
1702 1983 1817 2010 sum-

357 2056 478 2082 mum
513 2048 592 2090 est,
633 2055 720 2082 non
753 2039 881 2081 modo
916 2040 1095 2093 publice
1128 2055 1176 2081 ac
1207 2041 1373 2081 notorie
1414 2041 1816 2088 excommunicatos,

358 2115 521 2170 quibus
555 2128 633 2155 nec
673 2114 793 2154 locus
834 2112 1014 2168 quidem
1055 2112 1176 2153 ullus
1211 2114 1255 2154 in
1286 2114 1483 2155 Ecclesia
1512 2114 1819 2156 communicari

358 2187 502 2236 debet,
531 2188 738 2228 interesse
769 2186 891 2226 nefas
924 2192 1002 2233 est,
1038 2201 1190 2227 verum
1227 2187 1359 2228 etiam
1388 2187 1588 2243 publicos
1618 2187 1817 2229 concubi-

358 2259 513 2307 narios,
549 2273 597 2300 ac
631 2258 879 2299 manifestos
911 2259 1131 2300 usurarios
1162 2260 1219 2300 ab
1249 2260 1463 2315 ejusmodi
1493 2261 1690 2301 sacrificii
1721 2275 1817 2301 con-

361 2339 513 2388 spectu
548 2332 764 2388 repellere
799 2332 1011 2372 convenit.
1092 2332 1198 2373 Ideo
1239 2332 1355 2373 omni
1395 2332 1627 2389 diligentia
1665 2339 1818 2374 curent

362 2405 598 2454 Ordinarii,
633 2412 684 2447 ut
715 2406 751 2446 si
778 2420 851 2446 eos
882 2404 977 2445 aliis
998 2404 1201 2447 scandalo
1223 2421 1315 2448 esse
1337 2407 1631 2463 cognoverint,
1655 2407 1711 2449 ab
1732 2407 1818 2449 Ec·

359 2478 488 2520 clesia
511 2485 753 2520 arceantur.

418 2552 531 2593 Haec
552 2552 738 2599 decreta,
763 2551 965 2606 quamvis
996 2565 1051 2591 ex
1083 2551 1177 2592 aliis
1197 2552 1327 2609 longe
1349 2553 1555 2609 pluribus
1576 2559 1621 2594 et
1641 2553 1818 2609 prolixi-

361 2625 509 2665 oribus
534 2631 740 2680 excerpta
760 2630 916 2670 essent,
947 2622 1099 2664 eadem
1121 2630 1268 2666 tamen
1299 2625 1454 2675 adhuc,
1487 2632 1537 2667 ut
1569 2625 1816 2673 minutiora,

361 2698 578 2753 nimisque
601 2697 816 2753 exquisite
838 2697 1030 2746 collecta,
1051 2712 1136 2737 non
1159 2705 1257 2739 sunt
1279 2714 1304 2739 a
1320 2699 1480 2739 Pribus
1502 2698 1699 2754 probata,
1718 2713 1817 2739 cum

363 2783 520 2822 parum
542 2769 678 2825 digna
698 2770 810 2811 tanti
833 2784 1052 2811 consessus
1074 2771 1301 2826 majestate
1325 2770 1548 2818 videntur,
1571 2777 1616 2812 et
1636 2786 1687 2812 ea
1708 2786 1818 2812 com-

364 2842 508 2895 plecti,
546 2844 709 2898 quibus
730 2842 995 2885 commodius
1015 2843 1261 2885 ordinarius
1296 2844 1485 2900 quisque
1518 2845 1563 2884 in
1596 2844 1705 2885 Ecca
1739 2859 1819 2886 sua
