1905 3254
371 275 454 320 578
991 294 1103 323 sess.
1129 294 1203 323 vn.

374 402 625 441 sacramenti
660 401 948 456 Baptismatis
976 400 1274 441 sacerdotibus
1308 400 1472 441 auxilio
1505 406 1670 449 essent3
1703 413 1820 439 exor-

373 475 513 515 cismis
534 483 576 515 et
598 475 973 516 exsufflationibus
1001 475 1244 516 immundos
1279 475 1514 515 Daemones
1548 474 1828 529 abjicientes(

373 548 500 589 missa
523 547 946 589 Cathecumenorum
980 549 1193 596 absoluta,
1216 548 1508 589 admonebant
1528 561 1822 588 non-commu-

373 622 565 662 nicantes
586 629 636 662 ut
651 621 966 676 ¹abscederent3
985 624 991 642 ¹
1027 614 1260 677 aquamsin
1293 622 1530 662 ministerio
1552 620 1821 678 praebebant.

378 693 490 735 Haec
511 694 653 735 omnia
675 694 884 750 Episcopi
898 694 1064 750 judicio
1076 695 1119 734 in
1134 695 1318 750 singulis
1335 695 1543 735 Ecclesiis
1556 692 1824 735 restituenda

379 773 530 807 erunt:
563 767 641 807 illa
668 781 771 807 vero
803 782 900 807 cum
932 767 1123 807 maxima
1145 768 1339 808 utilitate
1368 782 1568 808 exercere
1602 771 1824 822 poterunt.

380 838 458 885 pm,
481 839 672 893 quidem,
696 839 739 879 in
762 840 873 879 libro
896 840 1041 894 aliquo
1062 840 1252 880 omnium
1271 840 1535 881 infirmorum
1558 839 1732 879 nomina
1752 838 1822 879 de-

377 912 576 959 scribant,
611 919 660 952 ut
701 912 788 967 [de]
817 927 964 953 eorum
999 928 1101 953 cura
1142 912 1428 953 admoneatur
1467 913 1715 968 Episcopus
1749 918 1826 953 aut

375 983 607 1030 parochus,
631 984 794 1039 quibus
818 985 1108 1031 Sacramenta,
1133 985 1201 1024 vel
1232 984 1519 1039 poenitentiae,
1544 984 1615 1024 vel
1638 985 1822 1025 Sanctmae

377 1055 623 1096 Eucharisti
631 1072 680 1104 se,
692 1057 759 1097 vel
774 1057 997 1097 Extremae
1007 1057 1248 1105 Unctionis,
1260 1057 1543 1098 ministranda
1557 1058 1660 1098 sint:
1677 1072 1823 1113 corpo-

373 1129 451 1169 rali
466 1131 594 1170 etiam
610 1131 855 1171 necessitati
869 1130 1109 1171 subsidium
1126 1130 1280 1179 ferant,
1295 1131 1328 1171 si
1345 1130 1561 1186 eguerint:
1575 1130 1729 1171 deinde
1745 1145 1823 1186 pro

375 1217 424 1241 eo
446 1202 596 1250 officio,
621 1203 738 1258 quod
761 1203 845 1243 iliis
872 1203 1144 1243 commissum
1169 1210 1245 1250 cst,
1271 1210 1320 1243 ut
1353 1204 1826 1244 non-communicantes

374 1275 428 1315 ab
468 1275 667 1316 Ecclesia
708 1276 925 1317 discedere
972 1276 1267 1317 admonerent.
1350 1277 1482 1317 Nunc
1528 1277 1825 1332 prohibebunt

374 1348 530 1396 Laicis,
553 1363 606 1388 ne
631 1349 684 1389 ad
722 1349 889 1397 Altare,
914 1350 1154 1405 praesertim
1185 1364 1281 1389 cum
1312 1364 1429 1389 sacra
1460 1350 1695 1391 ministeria
1716 1351 1824 1391 cele-

373 1422 568 1468 brantur,
593 1422 809 1463 accedant.
879 1423 1060 1463 Publice
1084 1430 1216 1478 atque
1252 1423 1383 1462 etiam
1417 1422 1505 1463 alta
1542 1437 1659 1470 voce,
1684 1423 1825 1464 veluti

374 1494 549 1548 quidam
590 1510 810 1535 sacrarum
842 1496 1181 1535 ceremoniarum
1218 1495 1429 1549 magistri,
1467 1502 1642 1550 possent
1674 1495 1827 1536 fideles

373 1567 617 1616 admonere,
638 1584 733 1609 cum
752 1569 868 1609 horis
889 1569 1111 1616 canonicis,
1136 1576 1178 1609 et
1201 1570 1430 1609 missarum
1453 1569 1669 1610 solemniis
1690 1571 1824 1612 inter-

372 1647 484 1685 sunt,
510 1656 596 1695 quo
618 1648 813 1697 tempore
837 1649 912 1682 aut
934 1641 1153 1690 standum,
1178 1649 1254 1682 aut
1275 1649 1407 1697 caput
1430 1642 1724 1697 aperiendum,
1748 1650 1826 1685 aut

372 1721 526 1769 pectus
547 1714 820 1756 tundendum
844 1723 966 1756 esset.
1030 1715 1244 1756 Videmus
1265 1717 1376 1756 enim
1396 1731 1527 1770 quam
1550 1717 1825 1773 negligenter

371 1786 621 1844 hujusmodi
653 1790 918 1830 caeremoniae
940 1789 1147 1830 Ecclesiae
1181 1796 1422 1837 serventur,
1460 1804 1560 1844 quae
1593 1797 1740 1830 tamen
1770 1790 1824 1831 ad

371 1860 690 1908 declarandam,
708 1861 777 1901 vel
796 1861 850 1901 ad
875 1861 1146 1902 excitandam
1171 1862 1301 1902 animi
1327 1861 1614 1911 devotionem,
1639 1863 1822 1904 salubri-

370 1940 435 1974 ter
458 1949 504 1974 ac
526 1936 766 1975 necessario
788 1936 986 1976 instituta
1008 1942 1119 1975 sunt.

429 2007 712 2063 Acolytorum
736 2016 952 2062 praeterea
972 2023 1057 2048 non
1072 2022 1205 2048 unum
1223 2007 1355 2048 fuisse
1373 2007 1674 2055 ministerium,
1699 2023 1821 2064 aper-

369 2080 585 2121 tissimum
614 2088 700 2130 est;
734 2096 830 2121 cum
866 2082 979 2121 enim
1008 2081 1159 2137 Epum
1190 2080 1362 2121 assiduo
1384 2088 1686 2136 sequerentur,
1710 2081 1822 2123 unde

371 2160 414 2194 et
434 2169 589 2194 nomen
611 2154 875 2202 habuerunt,
893 2170 991 2194 nam
1016 2169 1157 2210 graece
1180 2155 1394 2201 ἀκόλουθος,
1413 2154 1546 2195 latine
1569 2162 1819 2209 sequentem

370 2228 598 2283 significat.
652 2228 709 2267 Ei
733 2227 928 2274 aderant,
950 2227 1111 2267 nedum
1129 2227 1171 2265 in
1194 2226 1438 2266 domesticis
1459 2227 1693 2282 obsequiis,
1717 2235 1760 2269 et
1779 2228 1822 2268 in

370 2300 638 2358 perferendis
652 2301 968 2341 Ecclesiasticis
983 2301 1133 2346 literis,
1148 2300 1223 2341 sed
1240 2301 1370 2340 etiam
1388 2301 1431 2340 in
1447 2301 1820 2342 Sacramentorum

369 2376 561 2415 omnium
604 2374 984 2420 administratione,
1028 2381 1071 2414 et
1113 2374 1348 2429 praecipue,
1387 2373 1534 2415 Altari
1572 2375 1819 2422 servientes,

369 2448 499 2489 thura
516 2447 818 2495 incendebant,
835 2445 1205 2502 procurandisque
1228 2453 1272 2486 et
1294 2446 1573 2486 accendendis
1590 2454 1633 2487 et
1650 2454 1820 2503 portan-

370 2521 435 2561 dis
457 2521 666 2561 Ecclesiae
688 2520 982 2560 luminaribus
1005 2519 1235 2574 mancipati
1266 2526 1404 2567 erant,
1429 2526 1560 2575 atque
1583 2535 1668 2561 uno
1690 2520 1821 2562 verbo

369 2601 531 2650 praesto
553 2599 675 2633 crant
692 2593 924 2647 Episcopis
938 2592 1278 2647 quotiescunque
1292 2592 1466 2633 illorum
1481 2596 1609 2648 opera
1627 2593 1822 2634 Ecclesia

368 2664 564 2720 indigere
610 2664 843 2704 videretur.
926 2663 1079 2719 Hujus
1118 2665 1267 2719 itaque
1303 2664 1464 2704 ordinis
1503 2680 1694 2712 munera,
1736 2678 1820 2720 quo

369 2738 534 2778 facilius
568 2737 741 2777 restitui
786 2744 982 2792 possunt,
1019 2752 1068 2776 eo
1108 2737 1238 2777 etiam
1276 2736 1533 2792 diligentius
1568 2745 1617 2778 ut
1659 2737 1703 2778 id
1743 2737 1818 2777 fiat

921 2826 925 2840 ¹
949 2826 1188 2862 Abscimlerem,
1209 2826 1219 2853 Ῐ
1245 2826 1277 2856 S.
