1905 3254
6 3058 15 3254 ἱ

671 317 784 347 SEss
808 317 866 346 JV.
1431 301 1504 341 131

53 425 308 466 nominatim
330 424 407 466 hoc
429 425 655 481 negotium
678 424 861 473 dedisse,
895 432 944 466 ut
974 424 1040 465 his
1065 423 1118 464 de
1151 423 1282 464 rebus
1317 423 1429 463 inter
1461 436 1505 463 se

55 498 385 554 diligentissime
420 499 678 548 consultcnt,
709 514 762 541 ne
794 498 902 556 quid
935 498 1034 540 hinc
1068 497 1321 539 Christiana
1351 497 1504 554 Respffl

55 570 305 612 detrimenti
332 572 490 628 capiat.
555 572 768 613 Statuisse
803 573 907 613 item
943 578 1031 612 tres
1057 586 1190 612 novos
1220 571 1391 627 legatos
1420 571 1507 612 huc

54 645 241 693 mittere,
275 645 489 686 Joannem
523 646 769 701 Baptistam
805 646 869 686 tit.
913 645 957 686 S.
1001 644 1243 685 Clementis
1279 644 1508 693 Cicalam,1

56 717 349 758 Philibertum
389 718 457 759 tit.
501 718 545 758 S.
590 718 716 767 Sixti,
758 717 906 758 Barbo
941 716 1059 757 della
1098 716 1508 772 Burdegaknsem?

55 790 330 831 Bernardum
370 791 437 832 tit.
476 791 518 831 S.
561 791 736 832 Nicolai
776 791 891 831 inter
931 789 1147 845 imagines
1185 789 1506 844 Navagerium,

57 877 166 919 quos
187 870 334 905 tamen
354 864 398 905 in
419 864 670 906 consistorio
700 864 893 906 nondum
914 863 1204 911 renunciavit,
1228 863 1305 919 qui
1326 869 1392 905 tot
1413 878 1507 904 con-

55 938 257 979 troversis
277 938 451 980 modum
475 944 687 980 statuant.

112 1011 265 1053 Rebus
298 1012 365 1053 his
399 1012 444 1053 in
480 1011 618 1053 Urbe³
658 1011 889 1058 nunciatis,
928 1010 1084 1066 ingens
1119 1012 1248 1052 animi
1283 1011 1511 1053 solicitudo

55 1101 202 1127 omnes
225 1086 473 1142 occupavit.
535 1086 733 1127 Primum
755 1085 870 1125 enim
904 1085 1069 1126 cunctis
1094 1085 1344 1135 videbatur,
1367 1086 1510 1142 pristi-

55 1173 133 1200 nos
163 1159 360 1215 Legatos
392 1158 661 1201 authoritate
695 1173 743 1198 ac
776 1157 1013 1213 prudentia
1034 1160 1330 1215 gravissimos,
1352 1174 1512 1215 magno

56 1247 110 1273 ex
150 1232 228 1274 hac
269 1233 615 1275 extraordinaria
653 1231 871 1287 legatione
911 1231 1120 1274 dedecore
1171 1234 1326 1282 notari,
1379 1233 1513 1289 idque

56 1313 217 1361 praeter
238 1322 406 1348 omnem
428 1321 578 1348 eorum
599 1305 773 1362 culpam
789 1321 800 1355 3
823 1320 920 1346 cum
941 1306 1114 1347 illorum
1134 1306 1321 1362 quisque
1342 1306 1515 1348 diverso

55 1379 157 1421 licet
171 1379 339 1436 judicio
361 1379 520 1421 ductus
543 1379 759 1420 communi
791 1379 1000 1420 Ecclesiae
1035 1380 1219 1421 utilitati
1252 1380 1414 1421 servire
1447 1396 1512 1421 co-

57 1454 280 1510 gitaverit.
343 1453 514 1495 Deinde
548 1468 787 1495 sermonem
819 1453 917 1495 hinc
949 1453 1175 1495 malevolis
1212 1469 1296 1495 non
1335 1454 1516 1495 obscure

57 1526 207 1568 datum
238 1528 304 1576 iri,
342 1528 419 1583 qui
448 1542 605 1568 novam
640 1527 750 1568 hanc
779 1527 1041 1582 legationem
1078 1527 1234 1569 idcirco
1266 1528 1515 1569 institutam

56 1601 481 1656 interpretabuntur,
512 1616 566 1642 ne
590 1602 745 1657 pravis
770 1601 981 1643 Romanae
1005 1603 1138 1642 curiae
1162 1602 1361 1643 moribus
1380 1617 1516 1643 reme-

59 1673 181 1715 dium
223 1674 398 1730 aliquod
438 1681 737 1731 opportunum
772 1674 1047 1722 adhibeatur,
1085 1675 1226 1724 veriti,
1267 1690 1321 1716 ne
1360 1675 1515 1716 horum

60 1748 254 1789 adventu
287 1755 508 1804 concepta,
541 1748 578 1789 si
607 1763 696 1803 qua
728 1754 829 1789 sunt
857 1748 901 1788 in
922 1763 990 1789 res
1015 1749 1218 1797 urbanas,
1242 1748 1353 1798 odia,
1374 1749 1516 1805 magis

62 1821 362 1863 exardescant.
403 1820 492 1862 His
510 1820 744 1862 accedebat
761 1819 879 1876 quod
896 1821 1143 1877 complures
1158 1822 1384 1871 Praelatos,
1403 1822 1518 1863 viros

59 1895 382 1936 honestissimos
404 1901 539 1951 atque
560 1894 876 1950 integerrimos,
907 1893 983 1949 qui
1015 1893 1294 1936 residentiam
1324 1899 1424 1950 jure
1456 1894 1516 1936 di-

61 1968 162 2009 vino
182 1974 450 2024 praeceptam
472 1967 689 2015 dixerant,
714 1967 929 2023 gravibus
951 1967 993 2007 in
1016 1966 1140 2008 Urbe
1161 1967 1259 2009 ideo
1280 1968 1520 2009 maledictis

60 2048 282 2091 oneratos;
315 2047 493 2083 caeteros
522 2055 639 2090 vero,
673 2041 750 2096 qui
784 2040 1020 2081 contrarias
1051 2046 1199 2096 partes
1221 2041 1357 2083 secuti
1379 2049 1517 2092 erant,

61 2114 340 2156 vehementer
373 2114 592 2170 probatos,
633 2113 984 2169 intelligebatur.
1061 2113 1291 2170 Praecipue
1333 2130 1436 2157 vero
1475 2115 1519 2156 id

62 2203 207 2229 omnes
227 2187 535 2244 perturbabat,
558 2186 677 2243 quod
700 2186 950 2227 Cardinalis
973 2186 1258 2237 Mantuanus,
1291 2188 1519 2231 advenien-

64 2260 182 2301 tibus
202 2261 323 2301 novis
344 2261 543 2316 Legatis,
576 2259 750 2300 honoris
771 2260 838 2300 sui
861 2259 1021 2315 gratia,
1049 2260 1314 2316 legationem
1342 2262 1520 2318 reJicere

65 2339 236 2373 coactus
249 2332 508 2381 vidcbatur3
532 2334 657 2389 cujus
677 2331 868 2373 discessu
896 2332 1073 2373 minime
1096 2338 1190 2373 erat
1206 2331 1392 2374 dubium
1413 2334 1520 2390 quin

64 2418 233 2460 magno,
268 2404 475 2453 universi,
504 2411 548 2445 et
568 2410 824 2446 ornamento
846 2410 890 2445 et
915 2403 1120 2460 praesidio
1141 2410 1284 2445 essent
1304 2404 1519 2457 destituti,

68 2477 181 2519 unde
203 2478 291 2519 levi
312 2478 510 2534 qualibet
530 2478 750 2520 occasione
774 2478 973 2526 suborta,
1006 2478 1135 2519 facile
1166 2477 1411 2520 Concilium
1443 2478 1523 2521 hoc

67 2557 218 2607 sponte
239 2550 443 2607 dissipari
464 2566 588 2607 posse
612 2551 917 2592 dubitabatur.

123 2625 296 2682 Legati,
327 2626 403 2681 qui
435 2626 636 2681 repetitis
663 2626 829 2681 saepius
850 2640 903 2666 ex
928 2624 1051 2666 Urbe
1079 2624 1219 2666 literis
1254 2624 1405 2666 eadem
1435 2626 1522 2683 sig-

112 2745 119 2763 ¹
145 2746 327 2787 Something
341 2746 405 2777 like
422 2748 562 2783 Quidam
580 2748 613 2778 in
628 2747 679 2778 the
696 2747 768 2778 MS.

111 2798 124 2816 ²
148 2800 331 2831 Burdesiera
344 2801 377 2831 in
391 2801 442 2832 the
459 2802 532 2832 MS.
581 2803 645 2832 But
660 2811 707 2831 see
724 2801 847 2832 Pallav.
866 2801 968 2832 Cone.
985 2799 1072 2829 Trid.
1089 2799 1148 2828 lib.
1163 2799 1228 2829 xvi.
1248 2810 1318 2839 cap.
1337 2799 1403 2829 viii.

111 2851 124 2869 ³
147 2853 343 2893 Tridentini„
360 2865 392 2885 or
409 2854 538 2895 perhaps
553 2864 591 2884 ex
608 2854 704 2884 Urbe.

1215 2912 1299 2951 KQ
