1905 3254
691 289 805 319 SEss.
832 289 858 318 1.
1451 272 1500 313 31

46 396 108 438 rei
139 396 254 437 intra
293 395 371 437 hos
401 395 494 437 dics
524 394 763 438 tractandae
798 400 1110 450 argumentum
1143 401 1268 443 esset,
1297 395 1503 436 Mantua-

44 481 214 522 nusque
247 467 292 507 id
322 468 366 508 in
398 468 607 523 proximis
640 466 928 508 conventibus
960 467 1228 522 explicatum
1261 467 1502 515 indixisset,

44 555 190 582 omnes
210 541 263 588 ei,
287 555 383 581 cum
405 541 556 582 eodem
579 539 850 587 Madruccio,
874 540 1074 595 protinus
1097 555 1329 581 assensere.

102 613 206 653 Post
236 612 342 661 haec,
365 613 479 654 idem
504 614 775 655 Mantuanus
794 612 1004 653 nonnulla
1033 614 1248 668 praefatus
1268 613 1321 653 de
1354 613 1503 668 singu-

41 685 122 726 lari
144 686 376 727 Sanctissmi
395 688 454 728 N.
478 687 647 743 pietate
683 692 726 726 et
761 684 1008 740 prudentia,
1030 700 1084 726 ne
1117 700 1206 741 qua
1241 685 1503 741 disceptatio

42 757 96 799 de
127 758 350 799 sententiis
376 759 559 799 Patrum
593 758 737 814 priore
771 757 1060 813 posteriorive
1092 757 1184 798 loco
1216 757 1423 805 dicendis,
1458 765 1503 798 et

41 829 95 871 de
122 831 314 886 primatu
337 831 570 887 graduum,
593 845 742 871 rerum
775 830 1075 870 tractationem
1103 830 1318 886 impedire
1351 831 1501 886 possit,

41 902 264 944 mandavit
286 919 311 944 a
333 905 573 945 Secretario
605 903 695 959 legi
727 917 788 951 ea,
812 917 912 958 quae
949 901 1063 943 idem
1093 903 1399 944 Sanctissimus
1420 902 1502 943 hac

41 974 94 1016 de
133 990 179 1016 re
214 976 350 1017 literis
390 978 479 1018 suis
519 977 784 1025 decreverat,
820 975 989 1031 adjecta
1025 977 1220 1032 ipsorum
1251 977 1500 1033 legatorum

40 1047 346 1092 declaratione.

161 1178 313 1227 Breve
340 1178 608 1226 Sanctissmi.
637 1178 736 1225 Dni
762 1179 837 1224 nri
866 1178 940 1224 Pii
968 1178 1046 1225 IV.
1075 1196 1216 1243 super
1240 1181 1382 1227 modo

415 1261 609 1307 sedendi
635 1261 684 1306 in
710 1258 944 1316 Concilio,
972 1259 1050 1306 fol.
1079 1264 1123 1307 8.

142 1371 412 1420 Declaratio
439 1372 729 1435 Legatorum
755 1389 865 1419 cum
892 1374 1024 1419 brevi
1050 1374 1403 1421 confirmatorio

409 1472 552 1519 super
576 1456 718 1502 modo
745 1456 954 1511 sedendi,
982 1455 1060 1502 fol.
1087 1458 1131 1502 9.

99 1558 270 1608 Quibus
306 1562 505 1616 peractis,
528 1575 623 1602 cum
649 1562 804 1602 Patres
836 1575 889 1602 ex
922 1562 1262 1617 congregatione
1285 1562 1498 1603 discessis-

39 1637 149 1679 sent,
163 1631 245 1672 sibi
265 1639 420 1673 mutuo
442 1633 726 1689 gratulantes,
750 1640 838 1673 tam
860 1632 964 1672 felix
986 1633 1160 1673 initium
1184 1634 1498 1688 unanimesque

41 1702 302 1751 voluntates,
340 1718 435 1744 ecce
473 1704 680 1759 postridie
715 1704 1001 1744 Gra-nammis
1040 1718 1197 1743 novam
1239 1704 1500 1759 aggreditur

39 1773 381 1830 disputationem
424 1776 633 1816 adversus
675 1776 812 1816 verba
850 1775 1032 1816 decreti:
1082 1775 1322 1815 clausulam
1364 1776 1496 1824 illam,

39 1849 387 1904 proponentibus
408 1849 566 1905 legatis
598 1864 645 1890 ac
682 1848 1033 1904 praesidentibUS,
1057 1863 1112 1888 ex
1133 1848 1306 1889 decreto
1329 1864 1497 1904 expun-

39 1921 184 1977 genda
214 1935 305 1962 esse
337 1921 585 1972 contendit3
622 1921 792 1976 quippe
832 1936 932 1976 quac
966 1935 1042 1961 nec
1077 1921 1119 1960 in
1155 1921 1251 1961 aliis
1289 1922 1498 1963 Conciliis

40 2008 233 2050 unquam
264 1994 438 2042 inserta,
470 2009 547 2035 nec
578 1994 622 2033 in
656 1994 866 2049 praesenti
903 1994 959 2034 sit
994 1995 1249 2041 neccssaria,
1285 2002 1417 2050 atque
1454 1997 1498 2037 in

38 2067 294 2108 sententiam
317 2082 441 2108 suam
465 2073 654 2122 quatuor
676 2066 781 2107 alios
798 2066 1022 2121 Hispanos
1045 2067 1258 2108 Praelatos
1279 2068 1495 2122 perducit.

39 2138 132 2180 Ubi
161 2155 309 2180 rumor
344 2139 399 2180 ad
429 2140 677 2195 legatorum
719 2154 845 2180 aures
886 2138 1096 2186 defertur,
1131 2139 1312 2180 mittunt
1351 2141 1497 2182 statim

41 2209 323 2251 Thelesinum
361 2211 665 2259 secretarium,
698 2212 774 2266 qui
815 2211 867 2251 iis
904 2210 1101 2258 suadeat,
1140 2210 1249 2251 nihil
1281 2226 1387 2260 esse,
1421 2228 1497 2253 cur

40 2281 259 2324 decretum
276 2283 385 2324 illud
403 2288 493 2339 jam
512 2299 537 2324 a
554 2284 764 2324 Patribus
782 2283 1076 2339 approbatum
1095 2283 1230 2323 velint
1247 2283 1495 2326 immutare.
1529 2326 1531 2328 ,

41 2355 115 2398 Ad
151 2356 243 2397 haee
280 2357 566 2398 Granatensis
597 2357 817 2412 duplicem
854 2356 1064 2397 rationem
1099 2355 1252 2396 affert:
1295 2357 1496 2412 primum,

42 2428 144 2484 quia
160 2429 352 2470 clausula
368 2430 442 2470 illa
457 2444 572 2470 nova
593 2436 658 2470 cst
678 2436 722 2470 et
745 2428 917 2470 insolita
938 2444 1015 2469 nec
1036 2429 1280 2470 necessaria
1292 2447 1303 2479 ;
1326 2430 1496 2479 deinde,

42 2500 144 2555 quia
183 2516 281 2542 eum
321 2501 517 2543 haeretici
551 2502 789 2543 adversarii
829 2501 908 2543 hoe
942 2516 1077 2542 unum
1112 2501 1239 2542 nobis
1271 2502 1495 2556 objiciant,

42 2572 157 2627 quod
190 2574 350 2614 nemini
386 2574 575 2614 liberum
617 2574 671 2614 sit
706 2574 751 2614 in
787 2573 867 2614 hoe
903 2573 1108 2621 Concilio,
1143 2588 1195 2614 ea
1226 2573 1270 2613 in
1303 2573 1496 2615 medium

42 2643 205 2694 afferre,
228 2660 327 2700 quae
350 2646 434 2686 sibi
451 2650 574 2701 Justa
597 2660 688 2686 csse
711 2646 969 2686 conscientia
989 2644 1232 2691 dictaverit,
1256 2643 1331 2684 sed
1352 2645 1498 2687 omnia

44 2730 70 2758 a
96 2717 340 2774 legatorum
374 2726 546 2760 tantum
582 2719 764 2760 vocibus
800 2719 1004 2774 pendere,
1027 2733 1154 2765 nunc,
1178 2718 1212 2759 si
1245 2718 1289 2758 in
1322 2717 1496 2760 decreto

42 2788 115 2831 illa
133 2790 328 2833 clausula
349 2793 634 2848 relinquatur,
653 2793 809 2848 utique
831 2792 1080 2835 existimare
1103 2806 1146 2831 se
1170 2790 1262 2831 illos
1284 2805 1333 2831 eo
1355 2793 1496 2848 magis
