1905 3254
355 312 433 352 186
996 326 1104 357 snss.
1129 327 1188 357 vl.

353 432 500 477 tuisse,
525 437 587 479 ut,
613 430 980 487 quemadmodum
1003 439 1068 472 est
1089 437 1339 472 sanctorum
1362 429 1547 471 Patrum
1579 430 1805 480 sententia,

352 521 396 547 se
438 504 715 546 Sacerdotem
764 512 960 546 eternum
1001 504 1240 546 secundum
1281 503 1476 545 ordinem
1517 502 1808 546 Melchisedec

353 578 491 634 patris
513 579 775 619 Juramento
796 578 1094 619 confirmatum
1116 593 1206 619 esse
1235 576 1526 626 demonstret3
1560 583 1603 618 et
1633 591 1732 617 cum
1764 577 1808 618 in

352 666 401 692 eo
423 658 690 692 sacramento
712 652 983 692 contineatur
1003 652 1108 706 ipse,
1140 651 1216 707 qui
1238 657 1303 692 est
1325 665 1467 707 agnus
1486 649 1805 696 immaculatus,

352 729 396 764 et
428 724 484 764 ab
519 724 626 764 Ecca
658 726 801 781 (cujus
825 740 975 780 preces
995 724 1170 765 mundae
1192 726 1313 778 sunt)
1338 723 1558 772 offeratur,
1581 723 1678 764 ideo
1699 722 1808 764 hanc

352 798 630 839 oblationem¹
654 813 749 839 eam
772 813 862 840 esse
880 798 984 839 dicit
1007 798 1167 840 Sancta
1189 798 1391 854 Synodus
1414 812 1502 839 una
1523 812 1620 838 cum
1643 797 1811 838 Sanctis

352 872 575 920 Patribus,
618 887 718 927 quae
759 872 886 912 Dnus
925 886 1003 928 per
1039 871 1319 919 Malachiam,
1356 886 1435 912 suo
1469 871 1657 919 nomine,
1691 870 1810 926 quod

352 960 561 1001 magnum
595 945 794 985 futurum
828 951 941 985 esset
972 945 1015 985 in
1047 945 1255 1000 gentibus
1276 945 1320 985 in
1341 946 1455 985 omni
1476 944 1567 985 loco
1600 943 1809 985 mundam

352 1016 616 1058 offerendam
639 1032 729 1058 esse
752 1017 974 1071 praedixit.
1036 1017 1361 1059 Eucharistiam
1393 1033 1521 1074 porro
1543 1032 1635 1058 esse
1656 1031 1810 1059 verum

354 1090 634 1137 Sacrificium,
671 1090 782 1131 illud
817 1090 947 1131 etiam
978 1091 1177 1139 ostendit,
1211 1091 1329 1147 quod
1365 1091 1534 1132 Paulus
1569 1089 1626 1131 ad
1658 1089 1809 1131 Corin-

352 1161 466 1203 thios
499 1163 703 1211 scribens,
730 1162 1073 1212 Eucharistiam,
1104 1167 1288 1219 ejusque
1319 1177 1511 1204 mensam
1545 1168 1590 1203 et
1620 1161 1809 1209 calicem,

352 1236 464 1277 inter
497 1236 693 1277 victimas
728 1235 903 1276 Israelis
935 1243 980 1277 et
1013 1236 1262 1277 immolatas
1298 1235 1538 1283 Dcmoniis,
1571 1247 1811 1289 eorumque

351 1324 545 1351 mensam
594 1316 638 1350 et
677 1309 864 1356 calicem,
918 1314 1068 1365 aperte
1116 1316 1335 1358 recenset3
1388 1324 1440 1351 ea
1481 1309 1614 1350 etiam
1662 1308 1810 1356 verba,

353 1383 516 1439 quibus
555 1383 600 1424 in
649 1382 868 1424 offerendo
907 1389 949 1423 et
993 1383 1253 1424 conficiendo
1309 1383 1564 1425 Sacerdotes
1610 1388 1811 1430 utuntur,

352 1457 431 1498 hoc
450 1463 645 1498 nostrum
667 1456 984 1497 divinissimum
1018 1456 1286 1498 Sacrificium
1309 1456 1545 1505 declarant,
1579 1455 1810 1512 siquidem,

352 1546 498 1572 rerum
519 1538 803 1572 externarum
826 1546 904 1586 per
937 1530 1213 1572 Sacerdotem
1247 1531 1505 1581 benedictio,
1533 1532 1811 1580 consecratio,

353 1611 397 1646 et
418 1605 595 1654 oblatio,
618 1604 873 1645 sacrificium
896 1604 1073 1660 proprie
1091 1611 1308 1646 statuunt.
1371 1604 1504 1655 Quod
1525 1620 1628 1646 vero
1649 1605 1705 1646 sit
1724 1605 1813 1646 Dei

352 1676 526 1724 donum,
561 1677 670 1718 sicut
710 1683 753 1718 et
784 1678 828 1717 in
871 1676 1047 1718 Canone
1089 1678 1322 1719 confitetur
1363 1677 1482 1726 Ecc³,
1525 1693 1622 1719 cum
1658 1678 1731 1726 ait,
1767 1693 1812 1720 se

352 1750 505 1791 offerre
542 1749 640 1791 Deo
675 1765 755 1791 sua
787 1750 910 1799 dona,
946 1766 1025 1792 sua
1051 1767 1237 1794 munera
1269 1751 1322 1794 de
1357 1753 1447 1794 suis
1474 1752 1597 1793 donis
1618 1767 1666 1793 ac
1686 1751 1811 1802 datis,

351 1840 434 1865 non
476 1825 617 1866 solum
659 1825 873 1866 sacrificiis
913 1826 1126 1867 rationem
1166 1841 1251 1867 non
1293 1826 1420 1876 tollit,
1462 1825 1538 1868 sed
1573 1827 1810 1868 confirmat.

352 1897 476 1938 Nihil
509 1899 624 1939 enim
657 1905 723 1939 est
758 1898 877 1954 quod
911 1899 966 1940 ab
989 1900 1083 1955 ipso
1104 1915 1190 1941 non
1213 1900 1525 1957 acceperimUS,
1560 1906 1603 1941 et
1623 1915 1703 1957 pro
1723 1915 1810 1957 quo

350 1986 434 2011 non
470 1971 535 2011 illi
571 1972 734 2027 gratias
768 1987 898 2029 agere
931 1979 1173 2015 teneamur.
1235 1973 1308 2014 Ex
1341 1973 1408 2014 his
1438 1973 1590 2028 itaque
1611 1973 1813 2014 omnibus

352 2046 512 2086 Sancta
542 2045 741 2103 Synodus
773 2046 978 2095 declarat,
1012 2048 1268 2088 sacrificium
1300 2047 1378 2088 hoc
1401 2062 1425 2088 a
1446 2046 1550 2088 Dno
1572 2062 1665 2089 esse
1685 2047 1811 2088 insti-

349 2125 508 2167 tutum,
541 2120 775 2176 ipsumque
810 2120 1048 2176 ApostoliS,
1083 2135 1323 2176 eorumque
1356 2121 1399 2161 in
1432 2121 1685 2162 Sacerdotio
1717 2136 1811 2162 suc-

350 2194 590 2234 cessoribus
630 2195 900 2250 praecepisse,
941 2200 991 2234 ut
1031 2194 1144 2234 illud
1184 2182 1404 2236 offerrent.
1480 2195 1643 2246 Quare,
1683 2209 1810 2235 nemo

349 2280 509 2320 negare
531 2266 706 2316 audeat,
729 2268 919 2316 missam,
953 2269 1058 2323 (quo
1085 2268 1258 2309 nomine
1293 2268 1563 2310 oblationem
1594 2267 1705 2309 hanc
1737 2283 1810 2309 ex-

349 2340 537 2394 primere
559 2342 776 2382 communi
805 2356 1013 2383 consensu
1046 2343 1264 2384 censuerit
1296 2343 1435 2396 Ecca)
1471 2357 1563 2384 esse
1596 2357 1706 2398 opus
1735 2342 1809 2383 bo-

349 2427 467 2453 num.
530 2414 616 2455 Est
637 2415 750 2455 enim
772 2415 910 2471 ipsius
933 2415 1100 2458 Christi
1122 2432 1244 2473 opus,
1278 2417 1356 2473 qui
1385 2416 1516 2459 simul
1537 2422 1602 2458 est
1627 2416 1811 2457 offerens

349 2492 392 2526 et
425 2487 611 2529 oblatus.
675 2487 959 2529 Sacerdotum
991 2494 1137 2530 tamen
1168 2489 1420 2538 ministerio,
1455 2490 1532 2545 qui
1552 2488 1658 2530 dum
1678 2488 1808 2545 digne

348 2560 586 2601 sacrificant
619 2575 729 2616 opus
764 2568 878 2603 certe
905 2561 1003 2603 Deo
1033 2568 1209 2618 gratum
1231 2562 1420 2618 ideoque
1443 2562 1712 2604 meritorium
1733 2577 1806 2604 ex-

348 2638 542 2675 cercenffl

393 2765 400 2783 ¹
427 2766 675 2805 Obligationem,
694 2768 764 2798 MS.

390 2814 401 2832 ²
423 2816 488 2845 The
512 2822 652 2847 sentence
678 2817 704 2847 is
728 2818 900 2858 imperfect.
946 2818 1081 2861 Perhaps
1095 2819 1147 2849 the
1158 2819 1259 2851 writer
1276 2820 1426 2850 intended
1440 2831 1511 2860 opus
1526 2826 1566 2850 es!
1579 2833 1592 2860 ;
1617 2820 1674 2851 but
1689 2819 1804 2859 having

347 2867 419 2896 used
437 2867 487 2897 the
502 2868 587 2898 word
603 2880 683 2907 opus,
700 2868 795 2900 either
810 2869 970 2908 hesitated,
988 2882 1020 2901 or
1037 2871 1195 2911 supposed
1203 2871 1240 2902 he
1256 2871 1319 2902 had
1335 2872 1478 2911 repeated
1494 2871 1530 2901 it.
