1905 3254
679 284 792 315 sess.
818 284 911 314 vni.
1441 266 1529 306 629

75 390 120 430 in
141 390 414 432 matrimonio
437 389 722 432 Clandestino
745 390 1026 432 Cardinalem
1051 390 1339 431 Simonettam
1372 388 1530 429 dissen-

76 463 192 510 sisse,
221 478 265 504 se
293 479 470 520 quoque
501 464 583 504 sub
613 463 856 505 conditione
888 463 1185 519 respondisse:
1219 462 1337 519 quod
1368 461 1530 502 factum

75 536 231 578 idcirco
262 537 363 585 fuit,
402 538 610 594 quoniam
644 553 902 593 persuasum
944 544 1046 578 tunc
1085 537 1132 578 id
1171 543 1248 583 est,
1284 551 1367 577 non
1407 550 1531 591 posse

77 609 296 651 decretum
315 611 571 666 simpliciter
593 611 636 650 in
660 610 848 651 sessione
881 611 1047 659 sanciri,
1080 610 1115 650 si
1147 610 1234 650 duo
1266 625 1320 650 ex
1351 608 1534 664 Legatis

79 683 203 724 Sedis
236 684 410 740 Apheae
446 684 749 733 dissentirent3
791 683 979 739 ideoque
1016 698 1189 724 necesse
1229 698 1319 724 6556
1352 697 1442 723 rem
1483 696 1533 722 eo

77 756 226 798 ordine
248 773 334 814 quo
357 764 481 814 gesta
502 764 568 798 est
590 757 754 799 Pfibus
772 756 956 812 aperire.

135 830 174 870 6.
193 830 291 879 fuit,
308 830 436 887 quod,
454 847 550 872 cum
572 831 617 872 in
631 830 726 872 aliis
737 829 1001 871 sessionibus
1015 829 1202 870 solerent
1216 828 1355 869 vereri
1370 828 1536 875 Patres,

79 918 131 944 ne
153 903 262 959 quid
284 903 340 944 ad
359 903 560 945 Canones
583 910 659 945 aut
687 902 743 943 ad
776 902 951 944 decreta
973 902 1198 958 proposita
1233 900 1440 941 adderent
1468 898 1538 940 vel

79 976 313 1026 demerent,
349 978 468 1034 quod
500 978 658 1035 religio
687 977 938 1023 videbatur,
964 991 1054 1017 rem
1078 983 1197 1017 tanta
1218 975 1472 1016 maturitate
1494 973 1538 1013 in

82 1050 514 1108 Congregationibus
535 1052 789 1098 discussam,
807 1065 902 1091 eam
925 1049 1082 1090 deinde
1097 1049 1140 1089 in
1163 1049 1349 1090 sessione
1372 1046 1538 1102 simpli-

80 1125 187 1166 citer
222 1141 306 1166 non
340 1127 614 1182 approbar03
648 1126 693 1166 in
724 1124 805 1165 hac
838 1132 985 1165 tamen
1010 1123 1193 1164 sessione
1222 1122 1362 1162 multo
1388 1121 1540 1177 plures

81 1198 274 1247 fuerunt,
299 1200 377 1255 qui
398 1199 442 1240 in
464 1200 691 1241 sententiis
712 1199 800 1239 suis
818 1196 987 1253 aliquid
1010 1212 1064 1237 cx
1083 1195 1266 1236 decretis
1285 1192 1538 1240 immutari,¹

81 1271 304 1327 petierint,
325 1287 457 1327 quarn
491 1273 568 1328 qui
601 1271 857 1327 simpliciter
886 1272 961 1310 ea2
984 1268 1376 1325 comprobaverint.
1439 1266 1542 1306 Non

83 1344 228 1385 omitti
255 1345 403 1393 etiam,
434 1344 616 1385 sensisse
654 1344 838 1399 aliquos,
873 1357 958 1383 non
992 1357 1083 1383 csse
1117 1341 1215 1381 illos
1252 1338 1456 1379 articulos
1489 1336 1542 1377 de

84 1417 248 1474 quibus
269 1432 420 1473 supra,
444 1424 654 1473 tanquam
676 1418 719 1458 in
743 1418 939 1458 Scssione
960 1416 1156 1472 legitime
1179 1413 1361 1454 sancitos
1391 1410 1543 1466 recipi-

84 1490 230 1539 endos,
256 1506 351 1532 cum
373 1490 426 1531 de
447 1491 533 1531 illis
554 1491 676 1531 nulla
698 1491 787 1531 fere
810 1491 993 1531 Patrum
1018 1488 1276 1530 consultatio
1301 1485 1542 1542 praecessis-

84 1572 162 1607 set.
224 1565 391 1606 Verum
414 1564 457 1605 id
478 1564 634 1605 falsum
656 1571 773 1614 erat;
807 1562 1021 1619 siquidem
1052 1562 1194 1618 pridie
1221 1561 1264 1601 in
1288 1560 1475 1615 Congrne
1501 1564 1545 1599 et

87 1638 183 1679 aliis
206 1638 335 1679 etiam
357 1637 514 1678 diebus
536 1644 635 1678 ante
656 1636 745 1679 haec
768 1637 911 1678 omnia
931 1637 1044 1677 inter
1062 1634 1170 1676 Pfes
1187 1634 1365 1675 fuerunt
1382 1631 1543 1673 exami-

86 1717 202 1758 nata,
230 1710 334 1751 licet
364 1725 492 1758 nunc,
521 1710 663 1751 veluti
683 1725 735 1751 ex
767 1709 1018 1765 improviso,
1041 1707 1148 1748 nihil
1168 1704 1419 1762 hujusmodi
1449 1703 1545 1744 aliis

86 1784 381 1840 opinantibus,
395 1783 488 1825 haec
503 1791 653 1840 postea
666 1784 827 1824 fuerint
841 1783 1082 1823 immutata.
1119 1779 1351 1821 Sciendum
1367 1791 1545 1833 quoque

88 1865 165 1906 est,
185 1858 458 1906 Jadrensem,
480 1874 611 1914 quem
634 1858 776 1914 opinio
791 1864 883 1898 erat
900 1864 988 1898 tam
1005 1854 1134 1896 valde
1150 1855 1350 1910 Esmrum
1372 1865 1545 1892 causam

88 1931 344 1988 amplexum
366 1946 471 1980 esse,
488 1938 537 1972 ut
554 1946 598 1972 56
616 1932 759 1986 ipsum
779 1945 956 1987 quoque
973 1945 998 1970 a
1014 1927 1268 1970 Patriarcha
1289 1941 1365 1966 suo
1379 1925 1548 1966 Veneto

89 2005 366 2054 subduceret,
383 2005 487 2046 dum
504 2005 687 2045 nimium
711 2004 804 2045 aliis
827 2003 1003 2045 studere
1021 2002 1156 2057 cupit,
1175 2001 1258 2041 sibi
1276 2000 1360 2055 ipsi
1382 1998 1548 2054 pariter

90 2079 305 2135 profuisse
316 2095 326 2128 ;
354 2093 470 2125 nam,
486 2093 583 2119 cum
600 2078 643 2118 in
661 2081 757 2132 ejus
775 2084 875 2118 voto
896 2078 940 2117 in
958 2078 1001 2117 3⁰
1018 2091 1108 2132 cap.
1126 2075 1179 2116 de
1197 2071 1549 2128 lN‘letropolitanis

90 2159 263 2194 tantum
291 2152 555 2193 mentionem
588 2151 771 2199 fecisset,
794 2166 877 2191 non
909 2150 963 2191 de
1000 2149 1280 2196 Patriarchis,
1304 2147 1444 2187 visum
1467 2144 1550 2185 suit

91 2232 244 2281 postea
264 2223 488 2280 deputatis
509 2224 731 2265 decretum
754 2223 865 2263 illud
883 2225 1016 2279 juxta
1037 2222 1267 2277 ipsiusmet
1282 2218 1428 2265 verba,
1448 2231 1549 2273 quae

92 2299 148 2340 ab
171 2298 267 2339 aliis
287 2298 476 2353 probata
496 2298 684 2346 fuerant,
706 2311 798 2337 esse
825 2294 1249 2341 accommodandum,
1271 2298 1403 2348 prout
1424 2289 1551 2331 hodie

92 2374 137 2414 in
158 2372 231 2413 illo
253 2378 387 2413 extat.
452 2372 538 2412 An³
559 2378 703 2412 tamen
727 2370 951 2411 consilium
973 2368 1052 2409 hoe
1086 2372 1183 2422 ejus
1212 2365 1357 2413 fuerit,
1382 2370 1432 2404 ut
1458 2377 1550 2404 rem

94 2461 217 2487 suam
254 2450 419 2502 ageret,
457 2444 672 2485 affirmare
713 2458 797 2484 non
831 2443 985 2490 ausim,
1020 2456 1118 2482 cuin
1151 2439 1345 2494 alioquin
1378 2451 1550 2493 magnae

96 2518 328 2575 Arch5pus
349 2518 582 2575 probitatis
600 2516 851 2558 haberetur.
914 2515 977 2555 Et
995 2529 1047 2555 ex
1065 2513 1130 2553 his
1149 2511 1354 2568 praesenti
1376 2508 1553 2551 sessioni

94 2594 191 2634 finis
212 2592 443 2648 impositus
464 2592 532 2637 sit,
556 2590 610 2632 ad
632 2589 807 2630 laudem
831 2587 1138 2642 omnipotentis
1165 2585 1266 2633 Dei,
1290 2591 1332 2625 et
1355 2583 1552 2639 gloriosae

95 2667 291 2723 Virginis
313 2666 484 2708 Mariae.

140 2744 148 2762 ¹
176 2745 311 2780 Imitari,
331 2746 403 2775 MS.

139 2796 152 2813 ²
179 2798 256 2827 Here
272 2797 297 2826 is
314 2797 441 2828 inserted
458 2803 498 2834 el,
514 2795 614 2827 which
632 2794 732 2834 might
750 2793 826 2824 have
842 2804 926 2823 some
943 2792 1026 2823 word
1042 2793 1117 2822 aster
1133 2791 1166 2827 it,
1185 2801 1216 2822 or
1231 2800 1314 2821 some
1333 2787 1489 2819 intended.

141 2848 153 2865 ³
179 2849 228 2885 In,
246 2848 318 2877 MS.
