1905 3254
683 244 793 274 snss.
820 244 895 274 vu.
1437 231 1519 273 375

56 372 372 420 Difficultates
410 375 656 422 nonnullae
693 376 819 423 cirea
851 376 903 422 V.
932 375 1094 441 Caput
1119 377 1365 425 Doctrinae
1402 378 1515 424 ulti-

118 471 197 501 mo
254 455 578 511 emendatum,
627 465 673 502 et
723 456 969 504 Canonem
1019 461 1045 504 7
1095 459 1153 505 de
1202 458 1515 506 Saeramento

119 534 330 593 Ordinis,
358 539 647 584 transmissae
673 539 732 584 ad
755 538 937 586 Urbem
963 539 1144 602 Aprilis
1174 542 1312 586 1563.

109 643 322 693 Quamvis
357 645 462 685 alias
494 645 816 687 constituissent
837 645 941 687 DD.
966 647 1129 703 Legati
1151 662 1396 702 proponere
1417 648 1513 688 doc-

49 716 207 758 trinam
243 724 286 758 et
320 716 518 760 Canones
553 719 606 760 de
653 720 934 761 Sacramento
963 719 1153 768 Ordinis,
1192 727 1236 761 et
1267 720 1394 761 modo
1426 736 1514 776 quo

48 790 207 831 firmati
238 790 418 832 fuerunt
453 807 478 832 a
506 792 618 834 Dnis
653 793 910 849 Deputatis,
934 792 1256 850 IntelligenteS,
1289 794 1409 849 quod
1430 809 1514 836 non

48 863 186 905 solum
210 865 334 906 Galli
354 866 530 907 obstare
553 867 704 907 volunt
727 874 909 922 propter
942 868 1080 908 verba
1114 867 1301 908 Concilii
1331 868 1368 909 F
1373 868 1511 909 loren-

46 937 125 978 tini
158 938 301 993 posita
329 939 372 979 in
408 946 563 981 octavo
598 939 790 989 Canone,
825 947 958 996 atque
993 947 1141 996 petere
1171 956 1225 982 ex
1255 941 1440 997 justitia,
1463 948 1513 982 ut

46 1024 96 1052 ea
125 1025 243 1052 more
280 1012 556 1067 Synodorum
578 1012 876 1068 disputentur,
903 1020 1140 1069 antequam
1173 1013 1325 1055 Canon
1348 1014 1509 1055 sancia-

46 1089 148 1133 tur3
190 1099 344 1125 verum
381 1086 527 1134 etiam,
567 1086 683 1141 quod
719 1087 898 1128 Praelati
935 1085 1127 1142 Hispani
1168 1093 1211 1127 et
1241 1087 1372 1127 multi
1407 1086 1511 1127 Itali

44 1157 354 1198 contradicturi
374 1165 486 1206 sunt,
510 1174 596 1199 non
618 1166 669 1200 ut
699 1159 931 1200 detrahant
959 1161 1166 1215 potestati
1201 1160 1371 1200 Summi
1400 1160 1510 1201 Pon-

45 1230 183 1279 tificis,
207 1231 283 1272 sed
317 1232 422 1287 quia
453 1232 608 1273 nolunt
631 1232 806 1287 plenius
828 1232 1034 1287 explicari
1058 1232 1376 1273 institutionem
1399 1232 1508 1288 Epi-

43 1320 284 1361 seoporum,
327 1313 371 1347 et
411 1321 560 1347 eorum
605 1305 967 1361 jurisdictionem,
1012 1312 1055 1346 et
1101 1306 1344 1361 praesertim
1393 1306 1511 1361 quod

41 1379 195 1420 nolunt
229 1378 460 1420 admittere
496 1379 574 1419 illa
609 1379 755 1426 verba,
793 1378 1039 1434 Episcopos
1075 1379 1218 1419 vocari
1259 1379 1303 1418 iu
1338 1386 1509 1433 partem

42 1452 340 1500 solicitudinis,
376 1453 451 1494 &c.
495 1453 578 1493 nisi
610 1454 733 1508 prius
769 1451 1067 1507 disputentur,
1104 1468 1201 1493 eum
1236 1453 1380 1494 dicant
1415 1453 1508 1494 haee

47 1525 267 1581 pertinere
304 1531 476 1565 tantum
519 1524 574 1565 ad
609 1524 976 1580 Archicpiscopos
1012 1531 1056 1565 et
1098 1524 1326 1573 Primates,
1369 1532 1413 1566 et
1448 1526 1510 1566 ita

44 1596 168 1653 loqui
192 1597 405 1645 Canones,
429 1598 505 1653 qui
526 1598 569 1637 in
589 1596 669 1638 hae
692 1597 874 1638 materia
896 1596 1233 1637 adducuntur—

101 1669 282 1719 Idcirco,
319 1677 518 1711 verentes
553 1669 627 1709 Dui
652 1669 827 1725 Legati,
864 1684 917 1710 ne
952 1685 1113 1725 magna
1149 1670 1300 1725 aliqua
1342 1677 1508 1711 contro-

44 1744 186 1784 versia
218 1758 272 1784 ex
293 1743 361 1784 his
393 1744 572 1791 oriatur,
609 1743 792 1798 insuper
826 1741 943 1797 quod
979 1743 1203 1784 accesserit
1237 1743 1382 1784 obitus
1403 1743 1508 1784 duo—

44 1830 139 1857 rum
176 1816 345 1857 ΙΙΙιῃοῐιιιᾙ
367 1815 656 1871 Legatorum,
679 1816 722 1854 in
745 1830 932 1870 quorum
957 1814 1100 1855 locum
1123 1816 1377 1871 intelligunt
1400 1817 1508 1857 alios

42 1903 176 1930 novos
197 1890 393 1946 Legatos
409 1890 501 1944 jam
524 1887 730 1928 suffectos
752 1902 856 1935 esse,
885 1887 1027 1927 visum
1047 1894 1112 1928 est
1132 1888 1218 1928 illis
1239 1889 1413 1930 interim
1436 1904 1505 1930 su-

44 1962 361 2018 persedendum
377 1977 467 2003 esse
482 1977 505 2002 a
523 1961 807 2017 proponenda
822 1961 899 2001 hac
913 1960 1109 2001 doctrina
1123 1967 1166 2001 et
1176 1960 1211 2000 C
1218 1975 1353 2002 anone
1369 1976 1506 2017 usque

45 2030 87 2070 in
110 2030 350 2072 adventum
373 2045 586 2071 novorum
609 2030 896 2085 Legatorum,
922 2035 970 2069 ut
988 2029 1202 2069 maturius
1222 2029 1365 2069 onmia
1386 2030 1504 2070 fiant.

101 2102 319 2153 Quoniam
343 2117 446 2143 vero
469 2102 762 2158 suspicantur,
787 2102 929 2142 varias
961 2100 1242 2141 difficultates
1264 2101 1375 2141 cirea
1397 2116 1505 2156 prae-

43 2174 170 2223 dicta,
204 2191 298 2216 cum
335 2182 647 2231 proponentur,
681 2174 928 2216 excitandas
962 2188 1065 2222 esse,
1096 2174 1282 2228 cupiunt
1316 2173 1504 2221 interim,

44 2255 92 2289 ut
109 2248 162 2289 ad
183 2248 460 2304 infrascripta
481 2249 809 2304 quamprimum
834 2246 1160 2303 respondeatur.

99 2322 295 2364 Primum
319 2329 397 2369 est,
437 2337 491 2362 an
524 2338 549 2363 a
583 2323 839 2378 praescripta
870 2323 1007 2362 forma
1039 2322 1064 2360 5
1096 2319 1263 2375 Capitis
1284 2318 1505 2368 doctrinae,

45 2401 89 2436 et
110 2395 266 2451 capitis
288 2395 473 2436 Canonis
509 2396 532 2438 7
560 2402 603 2436 et
627 2396 664 2435 ὅ.
699 2395 848 2450 aliquo
870 2394 997 2435 modo
1019 2395 1074 2434 sit
1094 2391 1401 2433 discedendum
1418 2410 1428 2442 3
1463 2401 1506 2435 et

44 2482 145 2510 casu
167 2483 254 2524 quo
276 2469 562 2524 permittatur
596 2467 757 2509 discedi
787 2482 925 2523 posse,
966 2473 1099 2522 prout
1120 2465 1293 2506 omnino
1314 2480 1506 2508 necessa-

45 2539 156 2582 rium
180 2540 374 2590 videtur,
410 2541 464 2582 ad
482 2540 754 2596 effugiendas
783 2540 1116 2595 disputationes,
1148 2545 1250 2579 tune
1283 2539 1504 2593 quaeritur,

46 2627 98 2654 an
118 2614 254 2669 possit
273 2615 449 2655 tractari
472 2629 568 2655 eum
586 2614 796 2655 Patribus
811 2613 896 2653 alia
916 2612 1064 2659 forma,
1089 2612 1220 2652 etiam
1237 2626 1322 2651 non
1341 2612 1504 2653 utendo

45 2685 190 2727 verbis
223 2686 408 2728 Concilii
441 2687 694 2731 Florentini,
733 2685 810 2726 sed
844 2685 994 2740 aliqua
1018 2684 1214 2725 addendo
1252 2690 1329 2724 aut
1365 2683 1506 2726 detra-

46 2755 201 2808 hendo,
223 2761 346 2801 salva
367 2775 537 2816 semper
560 2761 747 2801 veritate
771 2766 814 2800 et
836 2764 1053 2814 potestate
1077 2757 1328 2798 sanctitatis
1344 2772 1447 2799 suoe.

111 2831 372 2881 Secundum,
396 2847 449 2874 an
474 2833 645 2887 placeat
668 2833 854 2878 omnino,
870 2838 918 2872 ut
941 2832 1015 2872 fiat
1037 2830 1188 2871 Canon
1210 2829 1508 2886 principaliter
