1905 3254
714 273 821 302 suss.
848 273 923 303 vn.
1461 263 1544 303 583

92 376 164 417 vel
187 382 368 423 mutata,
393 375 555 417 addita.
581 377 650 417 vel
671 377 850 434 dempta
870 379 1014 425 fuisse,
1053 394 1149 434 quae
1186 379 1326 420 forsan
1357 381 1543 421 maxima

93 449 291 506 indigent
323 449 672 497 consideratione,
706 451 802 491 ideo
835 452 977 506 petiit,
1013 460 1056 492 et
1093 468 1191 492 cum
1232 452 1457 509 dignitate,
1499 461 1542 494 et

89 537 190 562 cum
214 513 396 563 veritate
419 522 705 577 respondere,
736 524 904 579 reliqua
927 539 1028 564 vero
1051 525 1132 564 sibi
1154 525 1339 579 placere.

149 595 202 635 R.
227 594 283 634 D.
307 596 633 636 Neocastrcnsis
650 595 775 643 dixit,
800 596 918 650 quod
941 597 1083 636 onmia
1096 597 1179 636 sibi
1201 597 1384 652 placent,
1420 598 1542 638 dum-

92 660 220 708 modo
242 669 278 708 si
301 668 408 724 quid
437 668 711 716 declaratur3
745 668 991 708 declaretur
1024 670 1153 709 etiam
1181 677 1384 724 quartum
1411 678 1542 726 caput

89 741 308 782 doctrinae.

148 814 200 854 R.
224 815 280 855 D.
305 814 591 855 Dertusensis
623 815 747 861 dixit,
772 814 854 854 sibi
882 814 1065 869 pla-cere.
1091 822 1133 854 et
1160 815 1217 855 sic
1254 816 1412 856 sentire
1446 832 1538 857 cum

91 888 310 933 Patribus,
335 894 377 928 et
398 888 567 942 placere
589 889 718 928 etiam
743 886 903 927 habere
929 904 1054 927 unam
1082 887 1205 928 fidem
1230 904 1325 929 cum
1350 889 1448 929 illis.

145 960 197 1001 R.
223 960 276 1000 D,
306 960 593 1000 Guadiccnsis
615 959 738 1006 dixit,
762 960 840 999 sibi
864 960 1048 1014 placere,
1074 960 1304 1001 dummodo
1340 961 1436 1001 Illmi
1458 962 1540 1002 Le-

90 1033 184 1088 gati
205 1039 319 1072 stent
342 1032 575 1087 promissis¹
602 1031 654 1072 ad
684 1039 856 1072 sextum
887 1039 929 1071 et
957 1038 1157 1072 octavum
1182 1033 1380 1074 Canones
1408 1035 1539 1089 perti—

89 1105 295 1146 nentibus
361 1105 472 1145 Item
497 1104 618 1145 dedit
639 1103 888 1144 schedulam
908 1105 1067 1144 tenoris
1084 1105 1403 1159 subsequentis.
1423 1106 1538 1147 vide-

88 1179 211 1219 licet:

147 1252 287 1292 Sicuti
320 1252 424 1291 alias
459 1252 580 1307 petii,
614 1258 657 1291 et
689 1265 801 1290 nunc
835 1251 965 1290 etiam
1002 1251 1307 1292 instantissime
1340 1259 1454 1307 peto,
1493 1259 1540 1293 ut

87 1333 305 1381 ponantur
326 1327 369 1366 in
391 1327 532 1381 primo
553 1325 705 1366 saltem
730 1324 902 1366 decreto
923 1326 1159 1381 cujuslibet
1177 1327 1385 1367 Sessionis
1407 1328 1541 1368 verba

85 1400 180 1447 ista,
211 1400 490 1441 Sacrosancta
527 1398 727 1454 Synodus
761 1397 980 1453 generalis
1009 1397 1269 1438 Tridentina
1298 1399 1341 1438 in
1373 1399 1539 1454 Spiritu

87 1473 243 1513 Sancto
269 1473 467 1528 legitime
490 1478 767 1526 congregata,
788 1470 1096 1511 Universalem
1121 1470 1361 1510 Ecclesiam
1395 1486 1538 1526 repre-

85 1554 261 1587 sentans
283 1547 357 1587 &cn
378 1562 388 1595 3
423 1553 614 1602 petoque
645 1561 669 1585 a
691 1545 777 1585 R¹¹¹⁰
803 1544 885 1584 D¹¹⁰
907 1543 1038 1599 hujus
1067 1545 1322 1585 sacrosancti
1360 1544 1539 1585 Concilii

87 1619 343 1669 Secretario,
367 1626 416 1659 ut
448 1618 537 1658 haec
570 1618 829 1673 redigantur
858 1617 900 1656 in
935 1623 1032 1657 acta
1069 1615 1264 1656 Concilii.
1327 1616 1539 1656 Melchior

84 1693 387 1734 Guadicensis.

146 1768 319 1817 Quibus
341 1767 453 1808 votis
476 1767 588 1808 Illmis
603 1767 784 1822 Legatis
798 1766 960 1813 relatis,
982 1765 1104 1806 Illmus
1123 1764 1370 1805 Cardinalis
1388 1764 1534 1804 Moro-

85 1856 168 1882 nus
189 1842 356 1897 primus
388 1840 627 1897 praesidens
650 1841 760 1881 dixit
784 1841 872 1880 alta
896 1854 998 1880 voce
1023 1839 1229 1879 Patribus
1260 1837 1535 1892 infrascripta

86 1914 231 1962 verba,
273 1915 358 1955 viz.
395 1913 606 1955 Doctrina
646 1920 690 1954 et
728 1913 926 1954 Canones
963 1912 1164 1952 omnibus
1197 1911 1396 1965 placent:
1435 1916 1533 1949 sunt

84 1996 229 2030 tamen
251 2003 338 2035 sex,
363 1988 437 2043 qui
458 1989 499 2027 in
515 1987 559 2027 60
581 1994 624 2028 ct
646 1994 800 2028 octavo
823 1986 1090 2031 Canonibus,
1114 1992 1156 2024 et
1177 1998 1287 2023 unus
1308 1983 1350 2022 in
1373 1989 1534 2037 quarto

79 2061 284 2102 doctrinae
313 2061 470 2116 capite,
498 2060 730 2100 nonnullas
761 2059 1074 2100 declarationes
1105 2055 1365 2096 desiderant.
1429 2054 1534 2094 Ideo

80 2135 178 2176 Deo
201 2135 354 2191 gratiae
377 2134 560 2190 agendae
577 2141 690 2174 sunt.

140 2207 257 2247 Vota
277 2206 379 2247 data
398 2222 530 2262 super
549 2205 748 2247 Decretis
780 2204 1043 2246 Residentiae
1072 2209 1114 2242 ct
1141 2200 1467 2246 reformationis,
1491 2200 1530 2239 in

79 2281 246 2336 quibus
267 2295 412 2321 omncs
432 2280 752 2335 responderunt
773 2279 1038 2334 simpliciter,
1062 2276 1224 2321 Placet,
1249 2272 1437 2327 exceptis
1470 2273 1530 2311 in-

77 2353 328 2408 frascriptis.

138 2425 190 2466 R.
214 2425 271 2465 D.
296 2424 549 2466 Patriarcha
574 2425 1000 2481 Hierosolymitanus
1028 2418 1260 2474 respondit,
1286 2417 1367 2457 sibi
1389 2419 1533 2458 omnia

80 2499 263 2555 placere,
285 2506 469 2553 excepto
492 2499 630 2553 primo
653 2498 808 2553 capite,
833 2495 948 2551 quod
980 2493 1063 2533 sibi
1093 2492 1235 2547 placet
1265 2491 1307 2530 in
1340 2497 1465 2545 parte
1489 2498 1532 2532 et

115 2573 296 2613 artibus

81 2588 110 2628 P
137 2644 188 2685 R.
211 2644 268 2685 D.
302 2645 557 2686 Patriarcha
592 2643 876 2685 venetiarum
912 2638 1034 2685 dixit,
1068 2638 1235 2692 placet3
1268 2650 1352 2677 non
1385 2643 1529 2677 tamen

79 2715 256 2757 intendo
277 2716 495 2757 declarare
517 2718 641 2772 cujus
663 2715 691 2755 J
697 2714 786 2754 uris
808 2712 874 2752 sit.

546 2803 554 2821 ¹
583 2805 618 2834 In
637 2803 660 2833 is
675 2802 743 2832 here
758 2798 891 2831 inserted
909 2796 1069 2835 uselehly.
