1905 3254
722 289 832 321 sass.
858 290 900 319 η,
1483 274 1537 315 37

429 622 568 661 ACTA
599 623 870 662 SECUNDAE
902 624 1183 662 SESSIONIS.

81 764 295 805 Pssmcm
332 765 472 821 prima
501 765 702 814 sessione,
725 765 901 822 Legati,
923 765 1106 821 privatis
1132 766 1244 807 inter
1265 781 1309 807 se
1332 766 1385 807 de
1406 767 1537 807 rebus

81 838 281 893 gerendis
302 839 530 894 colloquiis
560 838 735 887 habitis,
757 839 1005 895 generalem
1035 839 1215 880 Patrum
1239 840 1537 896 congregatio-

80 926 177 952 nem
210 912 338 953 indici
364 913 536 968 jubent,
569 913 611 953 in
634 927 817 968 quorum
840 927 1041 954 consessu
1065 913 1310 954 Cardinalis
1333 913 1538 955 Mantua-

83 999 179 1025 mus
220 984 277 1026 sic
310 985 519 1041 loquutus
561 992 625 1027 est
644 1002 653 1026 z
705 986 921 1042 Magnum
961 993 1078 1027 certe
1119 987 1279 1028 divinae,
1321 1002 1428 1044 erga
1465 1003 1540 1029 nos

82 1056 377 1099 benefieentiae
390 1074 549 1099 munus
567 1059 856 1115 agnoseimuS,
875 1073 973 1114 quae
990 1060 1225 1115 praeteritae
1238 1060 1416 1101 sessioni
1431 1060 1540 1102 adeo

84 1129 266 1171 feliciter
288 1131 497 1187 aspiravit
525 1146 578 1172 ex
600 1131 666 1172 his
688 1131 835 1180 initiis,
858 1147 955 1172 eum
979 1139 1145 1173 vestros
1167 1148 1425 1189 congressus
1448 1141 1537 1175 tam

85 1203 162 1258 pia
180 1203 397 1259 alacrique
414 1204 641 1245 voluntate
660 1204 873 1245 excitatos
890 1204 1119 1246 videamus
1136 1221 1144 1245 ε
1167 1212 1371 1261 optamus
1388 1205 1538 1247 iisdem

84 1291 261 1331 quoque
288 1276 445 1318 studiis
471 1277 663 1333 reliquos
692 1277 949 1325 adolescere,
984 1284 1034 1319 ut
1066 1278 1190 1334 digni
1221 1277 1396 1319 tandem
1428 1293 1539 1333 prae-

83 1349 322 1390 clarissimo
342 1350 424 1391 isto
445 1365 644 1391 consessu
667 1350 836 1391 fructus
858 1351 900 1391 in
922 1351 1062 1391 lucem
1091 1358 1264 1392 exeant.
1328 1351 1542 1402 Quamvis

83 1423 222 1479 igitur
244 1424 453 1481 egregius
474 1424 541 1465 hie
562 1430 705 1465 vester
727 1423 781 1465 ad
802 1424 1024 1481 religionis
1047 1425 1425 1480 amplificationem
1448 1439 1541 1465 eon-

84 1511 226 1537 sessus
246 1497 420 1538 nullum
453 1497 578 1538 nobis
604 1513 680 1539 vos
701 1497 903 1539 monendi
926 1505 1003 1539 aut
1024 1497 1226 1539 hortandi
1248 1499 1389 1539 locum
1413 1497 1540 1538 relin-

83 1576 205 1625 quat,
228 1585 312 1611 non
334 1586 567 1627 possumus
585 1578 743 1619 tamen,
767 1586 855 1627 quo
891 1586 1104 1628 urgemur
1140 1572 1272 1612 animi
1305 1571 1457 1612 ardore
1487 1570 1541 1612 ad

85 1641 262 1696 publica
283 1643 520 1692 commoda,
542 1658 627 1684 non
650 1659 726 1684 vos
747 1643 801 1684 ad
822 1658 967 1684 rerum
983 1644 1266 1699 praesentium
1288 1643 1541 1683 memoriam

82 1715 287 1763 excitare,
321 1723 371 1756 ut
404 1716 560 1756 vestris
601 1724 815 1772 perpetuo
864 1717 920 1757 sit
962 1716 1114 1756 animis
1154 1715 1359 1763 defixum,
1395 1715 1542 1756 Chris-

85 1788 303 1829 tianorum
319 1789 510 1829 omnium
533 1789 680 1829 oculos
697 1790 739 1829 in
759 1796 953 1830 vestrum
970 1789 1086 1829 hune
1109 1804 1242 1829 unum
1265 1795 1428 1830 coetum
1451 1804 1543 1830 esse

84 1874 321 1909 conversos,
350 1876 375 1901 a
409 1867 642 1917 vestraque
676 1877 791 1903 nune
827 1862 960 1902 animi
996 1861 1268 1917 praestantia,
1291 1861 1375 1902 fide
1411 1868 1542 1918 atque

85 1934 314 1989 sapientia,
338 1949 389 1975 ea
411 1949 558 1975 omnes
574 1936 674 1991 jure
701 1951 778 1975 suo
809 1942 1055 1990 expectare,
1081 1950 1180 1990 quw.
1208 1935 1477 1985 labentibus,
1501 1944 1544 1977 et

85 2021 195 2062 pene
225 2008 270 2048 in
299 2023 498 2064 praeeeps
522 2009 768 2057 ruentibus,
801 2009 933 2049 rebus
956 2008 1206 2064 praesidium
1230 2010 1317 2049 sint
1338 2010 1541 2051 allatura.

88 2079 258 2136 Itaque,
281 2089 331 2122 ut
353 2088 443 2122 tam
465 2082 752 2123 necessarium
775 2089 819 2122 et
837 2082 893 2121 ab
915 2081 1117 2121 omnibus
1138 2089 1397 2137 exoptatum
1420 2099 1543 2139 opus,

85 2153 181 2196 Deo
217 2155 433 2204 Authore,
465 2155 788 2212 aggrediamur,
825 2155 1169 2197 existimavimus
1199 2156 1242 2196 in
1282 2159 1488 2211 praesenti
1522 2174 1546 2199 a

84 2228 299 2269 nonnullis
332 2229 582 2270 necessariis
619 2229 812 2285 quidem,
840 2229 916 2270 sed
945 2229 1080 2285 paulo
1116 2230 1385 2271 facilioribus
1414 2233 1546 2272 rebus

86 2301 426 2351 exordiendum3
458 2309 630 2343 naturae
653 2302 848 2345 ordinem
869 2303 1046 2350 imitati,
1070 2317 1170 2357 qua}
1193 2304 1348 2344 sensim
1373 2304 1427 2345 ad
1449 2320 1545 2360 per-

87 2374 266 2416 fectiora
286 2376 587 2432 progreditur.
650 2377 798 2417 Erunt
833 2377 971 2432 igitur
995 2377 1114 2417 vobis
1148 2377 1285 2418 veluti
1307 2379 1547 2433 primordia

87 2447 302 2503 quaedam,
326 2448 441 2489 unde
465 2448 518 2489 ad
541 2449 746 2505 graviora
767 2449 911 2490 aditus
934 2452 1131 2505 patefiat.
1191 2449 1299 2490 Inde
1316 2465 1548 2492 conversus

87 2520 142 2561 ad
154 2521 424 2577 Episcopum
441 2521 646 2563 Thelesin
655 2538 740 2569 um,
761 2522 1223 2578 Secretarium,jussit,
1240 2529 1289 2562 ut
1305 2538 1356 2563 ea
1369 2523 1548 2578 publice

87 2593 267 2649 legeret,
291 2609 390 2650 quae
413 2594 635 2650 descripta
668 2596 872 2636 manibus
903 2596 1094 2637 tenebat.
1158 2595 1228 2635 Ea
1249 2602 1372 2637 erant
1402 2595 1548 2653 hujus-

90 2665 216 2707 modi.

147 2739 196 2780 In
218 2741 359 2795 prima
380 2743 606 2797 praeterita
635 2742 822 2783 sessione
846 2742 1119 2783 declaratum
1143 2748 1221 2789 est,
1251 2748 1300 2782 ut
1337 2745 1548 2784 communi

89 2812 281 2853 omnium
309 2821 408 2855 voto
442 2815 737 2870 approbatum
775 2815 1132 2870 pertractandum
1170 2830 1261 2855 esse
1292 2814 1346 2855 de
1378 2816 1429 2856 iis
1451 2832 1550 2872 quae
