1905 3254
700 272 815 302 sess.
843 272 902 302 w.
1455 258 1540 298 253

77 378 238 433 quiete,
282 376 398 432 quod
437 392 492 418 ex
534 377 695 433 Synodi
736 378 955 435 dignitate
998 378 1299 435 Ecclesiaeque
1341 377 1535 420 utilitate

76 449 310 497 videretur,
332 448 507 490 tandem
529 449 823 492 decernerent.

132 523 218 564 His
240 523 387 564 verbis
407 524 563 565 Patres
594 524 700 565 satis
739 524 905 580 placati
943 530 1077 580 atque
1110 524 1264 573 sedati,
1300 524 1537 565 sententias

75 595 230 637 deinde
251 597 417 652 absque
445 597 536 637 ullo
572 597 767 638 tumultu
802 604 905 638 sunt
936 598 1220 652 persequuti3
1255 597 1534 653 tandemque,

75 669 171 710 Deo
193 668 443 727 adjuvante,
466 670 630 725 reperti
650 676 752 711 sunt
772 670 839 718 98,
874 670 949 725 qui
971 669 1193 710 decretum
1219 671 1535 727 approberunt,

75 748 119 783 et
140 742 207 791 38,
229 743 308 798 qui
329 743 675 798 impugnarunt:
711 743 859 798 sicque
879 743 1105 798 negotium
1128 742 1220 791 hoc,
1244 742 1363 798 quod
1395 749 1535 783 tanto-

72 829 176 872 pere
198 815 461 872 perplexum
482 816 568 857 fuit
590 823 634 857 et
652 823 993 864 controversum,
1028 815 1204 857 tandem
1225 815 1342 857 hunc
1365 816 1533 858 exitum

72 889 244 937 habuit,
257 896 308 931 ut
323 889 377 931 ad
392 889 656 931 Sanctissimi
669 890 807 930 nostri
821 889 1053 930 arbitrium
1068 889 1284 931 referatur
1299 907 1310 940 3
1334 890 1536 945 quamvis

72 976 157 1002 non
177 960 414 1002 defuerunt
434 961 565 1002 etiam
586 961 629 1001 in
646 961 841 1002 Sessionc
858 961 954 1017 ipsa
974 960 1194 1017 permulti,
1218 961 1296 1016 qui
1312 960 1535 1002 decretum

72 1043 327 1083 renuerunt,
351 1050 459 1091 quos
479 1035 593 1075 infra
615 1035 968 1076 memorabimus.

132 1107 254 1149 Illud
275 1108 407 1149 etiam
429 1107 601 1156 addam,
647 1107 765 1162 quod
787 1108 894 1148 alios
915 1107 1026 1148 forte
1049 1107 1278 1163 effugeret,
1319 1106 1396 1148 sed
1430 1107 1536 1162 quia

72 1195 157 1221 non
177 1180 289 1221 levis
308 1181 517 1222 momenti
539 1187 618 1229 est,
644 1195 928 1235 nequaquam
957 1179 1249 1220 omittendum
1272 1179 1402 1220 duxi:
1432 1194 1532 1220 nam

72 1270 169 1296 cum
209 1255 253 1294 in
286 1253 437 1295 eodem
472 1254 662 1295 Decreto
703 1253 889 1301 dicatur,
924 1254 1083 1294 Sancta
1122 1252 1323 1308 Synodus
1357 1252 1533 1293 illorum

71 1329 203 1370 saluti
224 1328 388 1383 optime
411 1327 658 1369 consultum
682 1327 843 1375 volens,
868 1328 961 1374 &c.,
991 1326 1069 1367 hoc
1092 1342 1142 1367 eo
1169 1327 1376 1382 pertinet,
1401 1327 1532 1382 quod,

72 1415 168 1442 cum
194 1400 418 1449 Germani,
441 1399 651 1455 Hungari
673 1405 716 1440 et
736 1399 900 1454 reliqui
921 1414 1051 1440 usum
1076 1398 1238 1440 Calicis
1259 1405 1457 1454 petentes
1478 1399 1534 1441 ad

72 1480 263 1515 sanctam
298 1472 524 1529 Synodum
560 1486 721 1527 magno
761 1471 907 1512 studio
950 1471 1262 1527 confugissent,
1308 1487 1386 1512 nec
1425 1487 1533 1517 eam,

73 1560 207 1602 quam
246 1545 461 1600 imprimis
495 1544 731 1592 debebant,
767 1545 976 1585 rationem
1003 1544 1073 1584 Smi
1107 1543 1165 1584 D.
1200 1544 1258 1584 N.
1291 1558 1336 1584 sc
1369 1543 1533 1585 habere

68 1618 369 1665 ostendissent,
419 1633 533 1658 nunc
583 1619 643 1658 Sta
691 1617 891 1673 Synodus
932 1632 1081 1658 eorum
1123 1617 1258 1657 saluti
1309 1617 1532 1658 consulere

68 1693 260 1748 cupiens,
293 1692 460 1747 quippe
489 1706 588 1746 quae
619 1706 690 1732 eos
719 1692 763 1731 in
797 1690 876 1731 hoc
899 1690 1095 1746 graviter
1117 1704 1262 1731 errare
1285 1696 1529 1745 cognoscat,

71 1764 190 1821 quod
210 1778 295 1804 non
315 1763 370 1804 ad
391 1778 645 1819 supremum
670 1762 946 1804 Catholicum
970 1767 1117 1817 caput,
1141 1767 1274 1817 prout
1296 1761 1531 1811 debebant,

70 1838 344 1884 recurrerint,
377 1838 489 1886 ideo,
526 1843 577 1878 ut
602 1837 702 1878 illos
738 1836 783 1876 in
810 1842 972 1876 rectam
1006 1834 1170 1890 dirigat
1192 1835 1324 1882 viam,
1357 1834 1530 1876 eosdem

71 1927 170 1954 cum
192 1918 283 1953 toto
303 1912 480 1967 negotio
504 1910 559 1951 ad
582 1910 866 1951 Sanctitatem
889 1923 1012 1949 suam
1033 1908 1228 1949 remittit.

130 1984 339 2040 Illudquc
382 1998 510 2039 aeque
531 1982 625 2038 :non
663 1981 1028 2023 dissimulandum
1061 1987 1139 2029 est,
1174 1980 1293 2037 quod
1328 1983 1531 2037 quamvis

73 2057 274 2114 Synodus
306 2056 349 2097 id
380 2056 597 2112 singulari
628 2055 785 2097 summi
816 2055 1040 2096 Pontificis
1070 2053 1317 2110 prudentiae
1340 2061 1530 2097 statuen-

72 2130 176 2171 dum
211 2130 449 2185 reliquerit,
493 2129 669 2170 memini
710 2135 869 2175 tamen,
907 2126 1148 2182 permultos
1187 2127 1340 2168 Patres
1381 2135 1531 2183 aperte

72 2203 295 2245 consilium
327 2218 455 2243 suum
488 2202 828 2258 interpretantes
859 2199 1144 2255 respondisse,
1178 2214 1262 2240 non
1282 2199 1328 2240 id
1349 2215 1393 2242 se
1414 2202 1530 2258 cogi-

72 2283 201 2327 tasse,
234 2282 286 2318 ut
309 2276 524 2317 Sanctitas
545 2291 626 2316 sua
657 2289 806 2316 eorum
840 2273 1141 2329 petitionibus,
1168 2272 1238 2312 vel
1278 2273 1530 2329 Principum

73 2350 287 2405 precibUS,
312 2356 356 2392 et
377 2350 532 2406 gratiae
552 2349 813 2403 acquiescat,
838 2346 914 2388 sed
935 2352 986 2387 ut
1008 2352 1147 2387 certos
1167 2345 1347 2386 nuncios
1373 2353 1417 2387 et
1447 2347 1530 2388 Le-

75 2429 199 2478 gatos
218 2423 263 2464 in
283 2438 374 2464 rem
396 2429 657 2478 praesentem
681 2422 841 2468 mittat,
877 2420 954 2475 qui
975 2420 1294 2475 Episcoporum
1327 2425 1370 2460 et
1400 2420 1531 2461 Paro-

75 2495 252 2537 chorum
274 2496 500 2537 consilium
518 2496 648 2536 etiam
673 2494 956 2541 sciscitentur,
981 2500 1074 2534 tum
1097 2491 1366 2533 conditiones
1386 2507 1532 2534 omncs

76 2567 180 2609 alias
200 2568 434 2625 appositas,
469 2574 513 2609 et
537 2567 644 2608 alias
665 2573 882 2623 praeterca
898 2564 1179 2621 apponendas
1196 2565 1532 2620 opportuniores

75 2640 299 2682 observari
329 2640 520 2689 mandet,
556 2641 788 2695 omniaque
813 2639 867 2680 ad
890 2639 1122 2679 arbitrium
1148 2637 1402 2678 Sanctitatis
1424 2653 1528 2682 suae,

76 2725 123 2752 ac
145 2713 222 2754 SS.
245 2713 542 2755 Romanorum
566 2713 827 2754 Pontificum
858 2711 1151 2768 perficiantur.
1213 2709 1316 2750 Non
1351 2717 1531 2765 praetcr-

76 2785 268 2828 eundum
292 2786 400 2828 illud
413 2787 558 2836 etiam,
576 2785 696 2841 quod
717 2800 813 2826 cum
838 2786 880 2826 in
898 2791 988 2826 toto
1008 2784 1087 2825 hoc
1104 2782 1283 2839 negotio
1305 2783 1530 2825 tractando
