1905 3254
709 290 819 321 SESS.
843 292 886 321 11.
1468 295 1522 333 59

62 416 316 464 clementiae,
339 431 411 458 eos
431 417 743 472 complectitur,
767 416 986 473 fidemque
1010 417 1236 473 publicam
1262 418 1306 458 in
1340 417 1516 473 amplis-

61 489 169 529 sima
191 490 338 538 forma,
363 505 460 530 cum
483 504 595 545 opus
618 490 765 537 fuerit,
789 505 833 530 se
848 485 1064 531 'daturum
1087 491 1334 547 pollicetur.

61 595 344 640 Admonitio
370 594 428 640 ad
457 593 620 640 Patres
640 611 698 640 ne
718 594 949 657 evulgent
969 595 1157 641 decreta
1175 604 1284 641 ante
1305 595 1517 658 publiea-

560 671 752 715 tionem.
803 668 882 715 fol.
917 672 987 715 15.

356 739 362 752 Ι

117 765 203 807 His
248 766 370 808 lectis
417 766 690 807 Mantuanus
747 767 1142 822 subsequitur—ut
1175 767 1313 816 vobis,
1348 767 1516 814 Patres,

59 845 229 880 mature
271 839 325 880 de
366 839 525 881 decreti
576 839 794 896 cogitandi
846 841 1037 896 spatium
1081 839 1227 890 detur,
1270 840 1517 881 censuimus

58 912 245 967 primum
269 927 542 968 congressum
575 920 771 954 nostrum
806 914 849 954 in
882 914 1058 954 tertium
1096 913 1251 954 abhinc
1288 912 1415 960 diem,
1441 913 1517 968 qui

59 985 140 1025 erit
162 985 216 1025 20
229 983 361 1041 hujus
382 986 540 1026 mensis
562 985 860 1041 reJiciendum.
898 984 1213 1041 Cognoscimus
1242 986 1416 1042 quidem
1441 1001 1517 1028 nos

58 1058 267 1113 temporis
295 1059 508 1114 angustiis
537 1059 697 1115 urgeri,
722 1073 818 1099 cum
857 1058 1032 1100 indictae
1068 1059 1278 1099 Sessionis
1307 1058 1401 1099 dies
1420 1063 1511 1114 jam

57 1129 148 1170 fere
170 1130 315 1178 instet,
340 1130 415 1171 sed
439 1138 582 1171 tamen
606 1130 723 1186 quod
747 1130 965 1186 agendum
987 1137 1053 1171 est
1075 1136 1325 1186 conjunc-ter
1348 1131 1516 1172 absolvi

57 1216 183 1258 posse
206 1218 290 1243 non
315 1203 585 1251 dubitamus,
604 1204 639 1244 si
663 1218 739 1244 vos
760 1204 842 1258 ipsi
858 1204 984 1244 vobis
1006 1218 1091 1243 non
1108 1202 1351 1245 defueritis.
1416 1203 1514 1244 Hoc

59 1276 189 1324 enim,
214 1284 427 1331 quantum
447 1278 490 1317 in
516 1277 642 1317 nobis
657 1277 752 1325 crit,
775 1291 859 1317 non
884 1277 1278 1332 praetermittimus,
1308 1284 1358 1317 ut
1380 1292 1511 1333 quam

59 1349 408 1406 frequentissime
431 1350 514 1391 huc
538 1351 856 1398 conveniamus,
881 1350 1113 1405 geminatis
1127 1350 1259 1391 ctiam
1278 1350 1428 1391 codem
1444 1350 1514 1392 die

59 1423 94 1464 si
115 1439 224 1480 opus
247 1424 376 1465 fuerit
399 1424 701 1472 conventibus,
728 1438 816 1479 quo
840 1423 1022 1464 celerius
1045 1430 1198 1464 cuncta
1216 1424 1511 1479 perficiantur.

57 1497 262 1539 Attamen
287 1498 411 1539 vobis
433 1497 589 1538 deinde
612 1496 851 1538 curandum
875 1504 954 1545 est,
973 1512 996 1536 n
1006 1512 1044 1545 e,
1065 1497 1182 1552 quod
1207 1497 1347 1538 adhuc
1362 1513 1387 1538 a
1402 1497 1515 1538 mul-

55 1570 110 1611 tis
134 1572 294 1612 factum
317 1579 395 1619 est,
418 1586 506 1619 nOS,
531 1578 574 1612 et
597 1578 732 1612 totam
758 1570 980 1625 Synodum
1006 1572 1340 1625 supervacaneis
1362 1571 1512 1626 ‹lispu-

56 1644 297 1684 tationibus
314 1645 512 1685 onerctis.
577 1644 630 1685 Id
653 1651 799 1685 autem
824 1644 949 1684 facile
973 1644 1278 1699 assequemini,
1297 1645 1331 1684 si
1356 1645 1512 1685 verita-

55 1723 142 1758 tem
177 1724 344 1758 tantum
379 1718 535 1772 ipsam,
571 1733 670 1772 quae
713 1716 833 1757 nuda
874 1723 916 1757 et
959 1716 1147 1771 simplex
1189 1723 1265 1764 est,
1311 1718 1514 1773 persequi

55 1789 322 1831 studueritis.
385 1790 681 1845 Quapropter,
724 1790 874 1830 scitote
916 1788 1109 1845 posthac,
1154 1795 1198 1829 ct
1241 1789 1366 1830 vobis
1409 1790 1515 1845 ipsis

54 1862 209 1903 levius.
234 1870 277 1903 et
308 1863 497 1918 negotiis
520 1862 699 1918 agendis
735 1863 899 1907 utilius,
922 1870 965 1903 et
1000 1862 1124 1903 vobis
1157 1863 1329 1918 gratius
1360 1863 1512 1911 multo,

55 1934 270 1984 futurum,
294 1936 328 1976 si
350 1935 458 1976 nihil
481 1943 606 1976 extra
627 1950 718 1976 rem
738 1942 964 1991 vagantes,
989 1936 1120 1976 etiam
1149 1950 1249 1991 quae
1271 1950 1512 1992 proponen-

55 2015 128 2050 tur
150 2009 343 2049 breviter
364 2007 591 2064 solideque
614 2008 851 2064 attingetis

113 2081 199 2122 Die
222 2082 290 2130 20,
313 2097 410 2122 cum
445 2082 598 2122 Patres
632 2081 826 2122 accersiti
857 2087 1012 2127 essent,
1038 2087 1087 2121 ut
1120 2079 1174 2121 de
1207 2079 1381 2121 decreto
1413 2096 1511 2136 pro-

57 2154 196 2210 posito
232 2153 544 2201 deliberarent,
570 2160 918 2208 vererenturque
943 2153 1116 2208 Legati,
1140 2168 1207 2199 nc,
1231 2153 1267 2193 si
1296 2154 1352 2194 ab
1376 2154 1427 2195 iis
1450 2155 1511 2196 ita

57 2227 239 2282 prolixe,
274 2234 324 2267 ut
358 2234 484 2267 antea
518 2226 681 2267 facturn
718 2234 824 2274 erat,
862 2225 1089 2266 sententia:
1137 2224 1398 2275 dicerentur,
1439 2229 1512 2269 vix

58 2305 246 2355 quatuor
267 2299 434 2340 dierum
454 2301 597 2355 spatio
620 2299 894 2355 singulorum
910 2298 1121 2354 suffragia
1135 2300 1306 2354 exquiri
1323 2307 1509 2355 possent,

56 2381 284 2429 propterca
305 2375 417 2415 inter
440 2389 484 2415 se
507 2374 794 2420 constituunt,
819 2380 867 2413 ut
889 2388 938 2413 eo
962 2371 1032 2413 die
1056 2372 1251 2412 universi
1273 2374 1510 2414 sententias

57 2460 157 2488 suas
188 2455 408 2503 rogentur,
432 2447 532 2488 licet
566 2446 621 2488 ad
657 2447 839 2487 multam
879 2453 1046 2486 noctem
1085 2446 1365 2501 congregatio
1399 2454 1512 2488 esset

57 2519 342 2574 producenda.
406 2521 572 2560 Putant
595 2521 709 2561 enim
734 2519 1034 2575 quamplures,
1060 2518 1368 2573 intempestiva
1387 2527 1511 2561 nocte

57 2607 297 2649 oppreSSOS,
319 2593 398 2635 hoc
427 2594 580 2635 saltem
618 2594 840 2634 breviores
870 2593 913 2633 in
950 2592 1132 2634 dicendo
1165 2592 1349 2633 futuros.
1413 2592 1512 2634 Hoc

55 2663 298 2722 legatorum
322 2667 549 2708 consilium
574 2667 753 2722 egregie
777 2666 838 2706 eis
860 2666 1088 2715 successit3
1121 2665 1252 2705 multi
1275 2665 1388 2705 enim
1412 2673 1512 2720 post

60 2738 220 2794 primas
256 2747 430 2796 patrum
464 2739 632 2789 classes,
667 2755 763 2781 cum
793 2754 838 2780 se
861 2754 911 2780 eo
933 2738 1002 2779 die
1030 2738 1139 2778 nihil
1177 2738 1286 2778 forte
1320 2737 1511 2780 dicturos

59 2811 386 2861 existimassent,
440 2828 517 2854 nec
558 2814 662 2854 satis
703 2812 997 2868 praemeditati
1042 2828 1092 2853 co
1136 2812 1423 2860 accessissent,
1467 2815 1509 2855 in
