1905 3254
373 248 451 287 124
983 263 1095 292 5Ε55.
1121 262 1183 290 111.

429 369 712 410 Granatensis
754 368 938 417 addidit,
981 370 1040 409 ita
1076 370 1205 409 etiam
1240 372 1339 423 jure
1381 366 1608 422 postulari,
1643 372 1692 406 ut
1729 381 1826 406 cum

370 441 500 480 sessio
521 440 680 496 aliqua,
703 447 913 496 tanquam
943 440 1159 496 judicium
1192 438 1435 494 publicum,
1461 438 1503 477 in
1525 437 1639 478 diem
1661 443 1825 478 certum

370 513 424 553 sit
446 514 693 561 constituta,
717 529 800 554 non
822 514 948 554 liceat
970 512 1159 568 amplius
1188 512 1398 566 privatim
1432 510 1545 551 diem
1573 509 1729 565 judicii
1751 508 1828 550 dif-

370 586 495 633 ferre,
519 592 562 626 et
584 593 757 627 vocatos
789 586 844 626 ad
872 584 1102 632 Tribunal,
1127 584 1254 639 quasi
1276 584 1387 624 clam
1411 583 1613 633 eludere3
1647 597 1828 639 praeser-

371 659 450 699 tim
473 674 569 699 cum
593 658 685 699 dies
716 660 953 700 sessionum
976 657 1179 698 omnibus
1207 656 1328 703 edici,
1353 663 1395 697 et
1417 656 1608 712 publicis
1635 654 1832 696 mandari

373 731 478 772 actis
499 731 680 779 soleant,
705 746 805 786 quae
828 730 982 771 deinde
1004 730 1251 784 interrupta
1273 729 1541 775 viderentur,
1570 728 1605 768 si
1633 727 1741 768 nihil
1762 727 1831 768 die
1857 752 1860 755 -

371 804 586 844 constitua
608 811 781 859 gestum
805 809 1047 859 appareret.
1098 801 1195 842 Hac
1219 801 1271 842 de
1294 817 1424 841 eausa
1447 802 1628 856 majores
1650 805 1831 846 nostros,

373 891 468 917 cum
501 877 732 918 sessionem
766 882 906 916 essent
937 875 1154 921 indicturi,
1191 874 1446 914 facultatem
1481 874 1611 914 etiam
1642 873 1758 913 illius
1791 873 1834 912 in

372 950 556 1004 privatis
578 950 866 990 conventibus
887 954 1172 1003 prorogantes
1193 946 1196 960 ²
1228 948 1311 987 sibi
1335 962 1505 1002 semper
1526 961 1782 987 reservasse.

430 1022 519 1062 Hae
544 1022 829 1062 Granatensis
851 1021 1041 1060 rationes
1063 1019 1281 1059 nonnullis
1318 1034 1477 1074 parum
1512 1019 1831 1075 probabantur,

374 1095 729 1152 quandoquidem
760 1095 803 1134 in
832 1093 1096 1134 sessionibus
1123 1092 1285 1132 nullius
1307 1094 1531 1148 privatum
1558 1095 1632 1150 jus
1655 1093 1833 1149 attingi-

373 1175 459 1209 tur.
511 1169 610 1218 Qua
631 1183 683 1209 ex
706 1183 751 1208 re
774 1167 869 1207 illas
892 1167 1108 1207 arbitratu
1133 1167 1315 1207 Patrum
1339 1166 1521 1222 produci
1542 1181 1679 1222 posse,
1704 1173 1834 1220 atque

374 1242 437 1281 ita
459 1240 703 1281 Concilium
728 1239 1062 1280 Constantiense
1096 1239 1281 1279 sessione
1308 1240 1359 1279 12
1381 1239 1631 1279 observasse
1654 1238 1836 1279 affirma-

374 1315 465 1354 bat.
530 1313 584 1355 Id
605 1314 752 1369 potius
774 1313 910 1367 aliqui
933 1312 1212 1359 dubitabant,
1234 1328 1287 1352 an
1310 1328 1543 1353 consensus
1565 1313 1835 1368 singulorum

376 1394 480 1428 tunc
503 1387 559 1427 sit
578 1387 750 1427 omnino
782 1387 1050 1427 necessarius
1083 1402 1179 1426 cum
1208 1385 1260 1426 de
1289 1386 1358 1426 die
1392 1386 1543 1441 agitur
1563 1385 1837 1440 proferenda.

378 1459 464 1500 Sed
486 1459 693 1514 quoniam
724 1460 766 1499 in
790 1459 1036 1499 universum
1073 1458 1151 1499 hoc
1182 1458 1431 1514 legatorum
1458 1457 1671 1514 judicium
1696 1458 1836 1498 visum

375 1532 461 1572 fuit
483 1538 796 1586 opportunum,
819 1530 915 1571 ideo
938 1530 1023 1571 haec
1048 1530 1287 1586 disputatio
1310 1531 1406 1578 fuit,
1431 1537 1480 1570 ut
1497 1545 1835 1586 supervacanea,

376 1602 684 1658 praetermissa.

435 1676 536 1715 Non
555 1674 790 1715 defuerunt
807 1682 962 1723 tamen,
978 1676 1054 1730 qui
1076 1683 1119 1716 et
1139 1676 1309 1732 legatos
1326 1690 1519 1716 seorsum
1542 1674 1835 1724 admonerent,

376 1763 429 1790 ex
452 1763 496 1789 re
521 1748 679 1803 Synodi
702 1763 787 1788 non
813 1747 960 1795 videri,
983 1747 1091 1788 lianc
1113 1749 1196 1789 sibi
1230 1764 1344 1789 nunc
1376 1749 1530 1804 legem,
1553 1748 1674 1789 nulla
1695 1764 1836 1789 neces-

376 1823 518 1870 sitate,
552 1822 787 1876 imponere,
820 1837 872 1862 ne
905 1822 1040 1876 possit
1063 1821 1257 1877 posthac,
1292 1838 1389 1862 cum
1426 1837 1529 1862 usus
1563 1822 1720 1870 veniet,
1751 1838 1834 1863 505-

376 1894 507 1935 sionis
530 1894 660 1941 diem,
683 1894 764 1934 nisi
787 1893 963 1948 publice
985 1895 1230 1935 convocatis
1252 1894 1472 1941 Patribus,
1496 1909 1741 1950 prorogare.

435 1968 609 2022 Legati,
644 1967 710 2007 his
751 1967 947 2022 peractiS,
990 1968 1216 2022 negotium
1259 1967 1364 2008 dant
1400 1968 1622 2017 Auditori,
1662 1976 1710 2010 ut
1745 1969 1835 2017 hoc,

378 2040 496 2096 quod
517 2041 572 2080 ab
594 2040 644 2080 iis
660 2041 751 2095 jam
775 2040 1057 2080 constitutum
1076 2046 1152 2087 est,
1175 2040 1238 2080 ita
1261 2041 1316 2080 ab
1338 2055 1388 2081 eo
1411 2041 1558 2081 verbis
1579 2042 1836 2096 explicetur,

377 2128 425 2153 ac
448 2119 694 2160 exornetur,
719 2120 769 2153 ut
791 2113 834 2152 in
856 2112 1087 2153 formulam
1113 2114 1221 2168 justi
1252 2113 1415 2155 decreti
1446 2114 1684 2163 redactum,
1712 2130 1838 2171 prox-

375 2185 464 2225 ima
485 2186 670 2225 sessione
692 2185 1013 2240 promulgetur.
1078 2185 1171 2226 Nec
1201 2186 1316 2226 enim
1351 2202 1403 2227 ex
1430 2189 1656 2244 majestate
1681 2187 1839 2242 Synodi

375 2273 466 2298 esse
508 2265 679 2313 putant,
717 2259 950 2299 sessionem
992 2259 1215 2314 publicam
1259 2260 1366 2301 adeo
1397 2262 1548 2317 jejune
1584 2262 1833 2318 transigere.

378 2330 594 2371 Mandant
616 2331 672 2371 ab
695 2346 745 2371 eo
768 2331 947 2386 aliquod
969 2339 1281 2387 argumentum
1303 2334 1555 2389 excogitari,
1575 2334 1693 2390 quod
1708 2335 1838 2390 hujus

377 2418 603 2444 concessus
636 2404 846 2459 gravitati
876 2404 1150 2459 respondeat.
1216 2405 1268 2445 Id
1289 2406 1344 2446 ab
1374 2422 1437 2455 eo,
1470 2415 1603 2462 prout
1626 2409 1836 2464 sequitur,

377 2476 539 2517 factum
563 2483 641 2516 est.

434 2550 714 2590 Sacrosancta
742 2549 944 2605 Synodus
974 2551 1051 2591 &c.
1084 2551 1424 2605 praesidentibus
1457 2553 1532 2594 &c
1566 2553 1834 2594 animadver-

379 2628 484 2669 tens,
508 2620 588 2662 hac
611 2621 886 2676 potissimum
910 2622 962 2663 de
985 2638 1114 2663 causa
1137 2624 1362 2664 universos
1386 2623 1625 2665 Christiani
1655 2626 1837 2667 nominis

381 2692 594 2733 praelatos
614 2691 700 2732 hue
732 2693 865 2734 fuisse
890 2695 1126 2739 accersitos,
1161 2702 1209 2735 ut
1232 2695 1284 2735 de
1306 2696 1358 2735 iis
1379 2697 1521 2743 rebus,
1555 2712 1655 2751 quae
1679 2697 1733 2738 ad
1756 2697 1835 2738 Ca-

948 2789 954 2806 ¹
986 2790 1185 2829 I'roroganles
1205 2791 1274 2821 MS.

1888 293 1893 321 v„
1888 235 1892 283 ..v-
1889 211 1892 218 .
1888 143 1893 199 ,-,..-
1887 0 1895 131 -Λνη--υι
