1905 3254
663 281 772 312 sess.
794 281 872 310 vn.
1412 262 1495 305 299

43 404 86 430 se
108 388 260 445 igitur,
282 400 366 428 non
387 387 525 427 solum
547 387 591 427 in
612 386 809 428 doctrina
830 393 874 428 et
892 386 1147 428 Canonibus
1168 385 1346 442 apertiS‚
1369 391 1414 426 et
1434 384 1498 426 di-

43 461 167 502 sertis
201 460 357 508 verbis,
380 459 604 515 explicari,
634 459 952 515 Episcopatum
986 474 1078 500 0550
1105 459 1135 500 J
1139 459 1228 500 uris
1249 457 1401 506 divini,
1426 455 1501 498 sed

43 534 173 574 etiam
215 532 369 573 sanciri
410 546 512 580 0550,
555 531 706 572 eodem
748 531 779 572 J
783 546 862 572 ure
903 530 1052 572 divino
1092 530 1365 585 superiorem
1407 544 1499 571 esse

44 604 331 660 Presbyterio.

100 676 775 733 Montispolitiani—explicetur
811 675 1116 717 Hierarchiam
1149 689 1241 716 esse
1274 675 1399 717 ,Iuris
1438 675 1500 716 di-

44 751 149 791 vini.

100 824 447 879 Vegliensis—si
482 828 673 879 negetur
707 829 783 864 aut
813 829 1028 871 taceatur,
1061 823 1386 879 Episcopatum
1408 839 1501 866 esse

45 897 74 938 J
78 896 169 936 uris
190 896 340 942 divini,
364 895 482 936 idem
503 896 651 936 inferri
674 910 801 950 posse
823 895 877 936 dc
900 896 1090 950 Papatu.
1154 896 1313 951 Itaque
1335 902 1499 937 utrum-

44 984 130 1025 que
164 969 336 1010 omnino
357 976 508 1024 aperte
531 967 837 1024 explicandum
860 983 974 1009 esse:
1007 968 1201 1024 alioquin
1224 969 1267 1010 in
1290 984 1501 1026 magnum

42 1042 274 1083 discrimen
296 1042 439 1082 onmia
463 1041 799 1082 adducerentur.

98 1114 745 1169 Vercellensis—quaestionem
769 1113 822 1154 de
843 1112 1119 1169 Episcopatu
1141 1128 1225 1154 non
1258 1113 1396 1155 videri
1426 1128 1501 1155 ne-

43 1187 283 1235 cessariam,
306 1202 403 1227 cum
427 1187 580 1227 Patres
602 1188 715 1227 inter
736 1201 780 1227 se
808 1187 1076 1231 conveniant,
1109 1188 1203 1243 ejus
1234 1202 1378 1235 usum,
1412 1188 1502 1228 sive

43 1260 462 1301 administrationem
504 1259 692 1316 pendere
733 1274 758 1300 a
798 1260 932 1314 Papa.
995 1259 1126 1309 Quod
1166 1274 1269 1300 vero
1313 1259 1367 1300 ad
1407 1263 1504 1315 ejus

44 1338 306 1387 potestatem
339 1332 545 1387 pertinet,
585 1347 639 1372 an
671 1331 926 1372 immediata
960 1331 1017 1372 sit
1046 1347 1071 1372 a
1101 1331 1211 1377 Deo,
1241 1346 1295 1371 an
1319 1346 1344 1372 a
1366 1331 1504 1387 Papa,

46 1404 333 1460 quaestionem
355 1404 503 1459 potius
536 1404 832 1455 scholasticam
858 1419 990 1459 quam
1024 1404 1311 1445 Conciliarem
1344 1404 1504 1454 videri3

43 1477 228 1533 ideoque
250 1477 545 1519 omittendam.

102 1551 594 1592 Urbevetanus—Cum
628 1550 696 1591 hic
727 1557 890 1606 agatur
922 1550 976 1592 (10
1006 1550 1172 1599 ordine,
1205 1551 1381 1591 sericm¹
1415 1565 1503 1590 om-

45 1624 167 1664 nium
208 1623 410 1664 ordinum
447 1639 471 1663 a
502 1624 646 1678 prima
680 1629 859 1663 tonsura
891 1629 935 1664 ct
968 1623 1170 1679 deinceps
1206 1622 1503 1678 explicandam

44 1710 150 1742 esse,
168 1698 300 1749 juxta
320 1708 426 1749 cap„
446 1709 544 1734 cum
567 1694 802 1749 contingat,
818 1700 860 1734 ct
881 1709 927 1741 c.,
950 1693 1211 1749 degradatio
1232 1694 1285 1734 de
1303 1694 1446 1748 poenis
1467 1693 1508 1734 6.

45 1768 365 1822 Episcopatum
412 1773 573 1813 autem,
614 1765 759 1821 quoad
790 1765 999 1813 ordinem,
1034 1765 1323 1820 proculdubio
1356 1781 1447 1806 esse
1483 1781 1509 1806 a

47 1840 157 1882 Jure
192 1839 355 1885 divino,
395 1854 491 1879 cum
531 1853 679 1879 omnes
712 1838 934 1878 fateantur
976 1838 1222 1892 Episcopos
1259 1838 1512 1878 successisse

47 1913 137 1954 1000
167 1912 494 1968 Apostolorum,
527 1927 561 1951 c.
594 1911 637 1951 in
666 1925 792 1955 novo,
816 1911 864 1950 21
888 1909 985 1949 dist.
1009 1909 1100 1950 etl.
1124 1924 1218 1964 pen.
1241 1925 1274 1950 c.
1300 1908 1352 1950 de
1378 1910 1512 1965 Epis-

49 1999 138 2039 cop.
163 1991 208 2025 et
233 1984 348 2024 Cler.
373 1990 417 2024 et
440 1983 546 2037 quia
567 1989 768 2023 exercent
795 1996 847 2022 ca
878 1996 980 2036 quae
1013 1987 1114 2021 sunt
1143 1981 1511 2036 supernaturalia,

55 2055 167 2096 unde
204 2071 229 2096 a
261 2055 358 2096 Deo
388 2060 501 2095 sunt.
566 2053 694 2104 Quod
730 2052 785 2094 ad
820 2052 1175 2094 Jurisdictionem
1210 2058 1372 2097 autem,
1409 2067 1509 2093 cum

53 2128 219 2184 duplex
242 2129 313 2176 sit,
338 2127 630 2168 voluntariam
650 2126 827 2181 quidem
846 2126 886 2165 in
907 2125 1111 2170 volentes,
1135 2131 1178 2165 et
1194 2124 1362 2179 ubique
1384 2139 1511 2180 posse

51 2202 254 2249 exerceri,
289 2217 387 2242 cum
421 2215 649 2255 personam
683 2206 908 2253 sequatur,
939 2201 1069 2252 juxta
1089 2197 1114 2236 l.
1139 2197 1178 2237 2.
1203 2211 1299 2236 cum
1323 2197 1430 2252 glos.
1454 2198 1509 2238 de

53 2275 172 2317 Offic.
194 2290 324 2330 praec.
349 2280 393 2315 et
414 2274 500 2330 leg.
526 2274 835 2315 contentiosam
865 2278 1013 2312 autem
1041 2269 1256 2310 cohaerere
1278 2270 1512 2319 territorio,

49 2363 126 2390 nec
157 2356 281 2389 extra
312 2348 422 2388 illud
452 2348 659 2395 exerceri,
687 2348 720 2387 1.
746 2347 812 2386 fin,
837 2345 890 2385 (le
913 2344 1229 2386 Jurisdictione
1252 2342 1360 2384 Jud.
1383 2359 1418 2384 0.
1443 2359 1509 2385 00-

52 2437 142 2463 ram
165 2438 197 2463 c.
220 2421 335 2462 final.
361 2421 414 2462 de
436 2420 540 2461 offic.
562 2420 704 2475 deleg.
741 2418 852 2459 Cum
876 2418 1017 2473 igitur
1038 2416 1119 2464 hic,
1143 2423 1187 2456 et
1207 2416 1325 2456 locus
1347 2423 1391 2457 et
1415 2416 1512 2473 dig-

52 2494 166 2535 nitas
202 2499 470 2539 concurrant,
505 2498 556 2532 ut
583 2492 627 2532 in
658 2490 737 2532 0.1.
760 2490 814 2530 (10
836 2489 969 2530 ordin.
996 2488 1051 2528 ab
1073 2487 1281 2542 Episcop.
1315 2494 1416 2542 post
1447 2503 1512 2529 re-

53 2581 178 2607 nunc.
202 2573 245 2607 et
268 2564 397 2606 Host.
431 2564 474 2604 in
507 2579 660 2604 summ.
690 2562 841 2603 eodem
875 2568 919 2602 ct
952 2561 1018 2602 tit.
1053 2575 1141 2615 seq.
1174 2559 1316 2599 locum
1351 2559 1514 2615 utique

55 2653 137 2678 non
159 2653 184 2679 a
206 2637 380 2678 Christo
402 2636 477 2678 sed
505 2652 529 2677 a
561 2637 687 2691 Papa
724 2633 947 2689 assignari.
1011 2633 1233 2673 Praeterea
1265 2631 1516 2687 Episcopos

66 2711 236 2759 electos,
258 2710 448 2752 nondum
478 2714 760 2756 consecratos,
790 2705 1133 2762 Jurisdictionem
1166 2704 1378 2754 obtinere,
1417 2719 1515 2746 cum

681 2795 686 2811 ¹
711 2794 803 2831 Scrie,
822 2794 891 2823 MS.
