1905 3254
355 277 436 318 192
997 292 1108 323 sEss.
1129 292 1188 322 vi.

354 400 705 441 memorationem
728 405 899 440 tantum
921 399 1113 440 sacrificii
1135 399 1179 438 in
1198 397 1339 438 Cruce
1361 398 1539 453 peracti,
1558 404 1634 439 aut
1648 400 1805 448 vocari,

354 473 564 514 translato
596 472 781 521 nomine,
816 473 1088 520 sacrificium,
1125 486 1227 513 vere
1259 477 1404 513 tamen
1436 479 1480 513 et
1512 472 1687 528 proprie
1722 488 1807 515 non

355 560 468 586 esse:
501 545 753 587 Anathema
774 546 839 588 sit.

415 621 461 661 Si
484 620 580 676 quis
600 620 773 669 dixerit,
797 620 978 661 Missam
1002 627 1174 661 tantum
1198 635 1288 661 esse
1309 620 1565 660 sacrificium
1589 620 1744 670 laudis,
1767 628 1810 663 et

357 695 597 750 gratiarum
622 694 814 743 actionis,
836 710 921 735 non
944 700 1091 735 autem
1112 694 1468 749 propitiatorium
1490 699 1579 734 tam
1601 709 1679 750 pro
1700 695 1811 735 vivis

356 782 488 822 quam
519 783 599 824 pro
621 767 849 815 defunctis,
881 782 960 809 nec
991 767 1135 808 offerri
1156 767 1315 808 debere
1346 782 1426 822 pro
1458 767 1660 822 peccatis,
1690 768 1810 809 satis-

357 841 628 888 factionibus,
651 849 695 883 et
718 842 812 882 aliis
831 841 1192 883 necessitatibus:
1226 841 1477 882 Anathema
1498 841 1564 882 sit.

416 915 462 956 Si
484 916 583 971 quis
605 915 777 963 dixerit,
800 915 1120 971 blasphemiam
1143 915 1325 970 irrogari
1349 915 1627 955 Sanctissimo
1649 914 1813 956 Christi

355 989 560 1030 sacrificio
582 989 626 1030 in
660 989 802 1030 Cruce
832 996 1009 1045 peracto
1040 1003 1119 1044 per
1151 987 1300 1028 Missae
1334 987 1604 1037 sacrificium,
1639 995 1714 1030 aut
1734 989 1811 1030 illo

355 1078 434 1118 per
455 1063 536 1103 hoe
557 1062 782 1119 derogari:
817 1062 1070 1103 Anathema
1092 1062 1157 1103 sit,

414 1138 461 1179 Si
483 1137 579 1193 quis
601 1137 775 1184 dixerit,
788 1137 873 1178 illis
895 1137 1054 1184 verbis,
1075 1135 1156 1177 hoc
1178 1136 1307 1177 facite
1327 1137 1370 1176 in
1393 1151 1535 1178 meam
1555 1152 1809 1179 commemo-

356 1211 583 1259 rationem,
617 1226 702 1251 non
736 1210 957 1251 ordinasse
991 1210 1235 1261 Christum,
1263 1216 1314 1251 ut
1336 1211 1541 1266 Apostoli
1574 1218 1618 1253 et
1651 1211 1726 1253 alii
1747 1227 1810 1270 sa-

355 1284 549 1326 cerdotes
569 1284 774 1325 offerrent
794 1299 951 1340 corpus
980 1291 1020 1325 et
1044 1285 1302 1340 sanguinem
1324 1286 1439 1340 ejus:
1473 1285 1722 1328 Anathema
1743 1287 1810 1328 sit.

415 1357 461 1397 Si
477 1357 576 1412 quis
592 1356 763 1404 dixerit,
786 1358 1040 1398 sacrificium
1060 1357 1208 1397 Missae
1226 1357 1367 1397 solum
1385 1358 1588 1413 prodesse
1610 1361 1811 1408 sumenti,

355 1446 439 1471 non
474 1437 618 1471 autem
651 1446 774 1487 posse
808 1430 951 1472 offerri
980 1446 1062 1486 pro
1093 1431 1202 1479 aliis,
1237 1438 1314 1472 aut
1336 1431 1453 1486 quod
1480 1432 1625 1473 offerri
1655 1448 1739 1474 non
1760 1434 1814 1474 sit

357 1504 492 1553 aliud,
516 1519 648 1559 quam
670 1504 796 1544 nobis
817 1503 871 1544 ad
893 1503 1244 1544 manducandum
1263 1503 1379 1544 dari:
1415 1505 1664 1546 Anathema
1685 1507 1752 1547 sit.

415 1578 460 1617 Si
481 1577 580 1632 quis
602 1575 771 1623 dixerit,
796 1591 954 1631 aquam
986 1591 1069 1617 non
1103 1576 1366 1618 miscendam
1400 1592 1491 1618 esse
1517 1593 1614 1618 cum
1647 1578 1747 1619 vino
1768 1579 1811 1618 in

357 1650 499 1696 calice,
521 1649 656 1705 idque
690 1664 781 1690 esse
814 1655 961 1689 contra
995 1648 1160 1690 Christi
1188 1650 1528 1691 institutionem:
1563 1651 1814 1693 Anathema

358 1724 424 1765 sit.

414 1797 460 1838 Si
477 1798 574 1853 quis
587 1797 757 1845 dixerit,
775 1796 997 1838 Canonem
1012 1797 1160 1838 Missae
1177 1797 1396 1839 erroribus
1411 1805 1571 1840 scatere
1591 1798 1810 1855 [ideoque]

357 1870 659 1928 abrogandum
681 1885 795 1911 esse:
831 1869 1079 1911 Anathema
1100 1871 1167 1912 sit.

416 1940 461 1980 Si
483 1939 580 1994 quis
601 1938 774 1985 dixerit,
798 1939 1007 1979 Ecclesiae
1031 1938 1241 1980 Romame
1275 1941 1423 1988 ritum,
1461 1956 1547 1996 quo
1575 1946 1746 1988 secrete,
1771 1946 1815 1981 et

354 2013 570 2054 submissa
584 2028 701 2062 voce,
717 2014 852 2054 verba
866 2012 1192 2054 consecrationis
1206 2013 1504 2068 proferuntur,
1515 2013 1812 2055 damnandum

354 2101 471 2127 esse:
504 2085 755 2128 Anathema
776 2087 842 2127 sit.

415 2161 461 2200 Si
483 2160 580 2216 quis
601 2160 776 2209 dixerit,
805 2160 984 2200 Missam
1017 2173 1101 2199 non
1132 2160 1212 2200 nisi
1244 2159 1288 2200 in
1318 2159 1493 2215 vulgari
1521 2159 1675 2215 lingua
1707 2158 1813 2200 cele-

356 2234 475 2274 brari
496 2234 655 2275 debere
674 2250 682 2274 :
717 2232 968 2274 Anathema
991 2233 1057 2273 sit.

415 2308 460 2348 Si
492 2309 590 2363 quis
622 2308 796 2356 dixerit,
827 2307 1118 2362 imposturam
1156 2321 1261 2353 esse,
1298 2305 1468 2360 aliquas
1500 2305 1657 2346 Missas
1688 2306 1814 2346 certis

357 2381 540 2430 Sanctis,
563 2381 673 2422 sicut
695 2381 894 2422 Ecclesia
914 2379 1115 2426 intendit,
1141 2379 1407 2420 attribuere:
1441 2378 1696 2420 Anathema
1717 2380 1784 2421 sit.

415 2456 461 2496 Si
498 2455 595 2510 quis
626 2454 801 2502 dixerit,
845 2453 1120 2501 ceremonias,
1164 2460 1322 2502 vestes,
1365 2459 1410 2494 et
1451 2460 1633 2494 externa
1673 2453 1812 2509 signa,
1870 2500 1874 2510 Ι

357 2529 521 2583 quibus
542 2530 586 2569 in
609 2529 845 2569 Missarum
874 2526 1161 2568 celebratione
1189 2526 1385 2567 Ecclesia
1408 2525 1636 2566 Catholica
1656 2526 1813 2574 utitur,
1869 2575 1873 2588 ἢ
1902 2579 1905 2583 ⁴

356 2602 588 2643 irritabula
603 2601 842 2657 impietatis
864 2615 956 2641 esse
979 2600 1131 2656 magis,
1153 2614 1284 2654 quam
1307 2599 1446 2640 officia
1467 2599 1669 2654 pietatis:
1695 2599 1813 2639 Ana·
1867 2649 1872 2662 ἶ

358 2674 503 2716 thema
525 2676 592 2716 sit.

416 2747 501 2788 His
522 2749 585 2789 ita
607 2750 805 2804 peractis,
835 2763 932 2789 cum
960 2747 1030 2787 dic
1057 2746 1114 2787 xi.
1140 2746 1341 2802 Augusti
1376 2746 1601 2786 sententiae
1629 2746 1813 2786 Patrum
1866 2786 1869 2790 ,
1891 2761 1905 2784 :a

358 2819 400 2859 in
423 2821 620 2862 concione
637 2823 783 2877 rogari
807 2827 964 2876 coepta¹
986 2826 1142 2869 essent,
1161 2835 1211 2860 ea
1229 2820 1420 2875 primum
1438 2819 1548 2860 inter
1570 2834 1642 2859 eos
1664 2825 1815 2859 exorta
1863 2843 1868 2875 3
