1905 3254
724 297 834 327 SESS.
862 297 922 326 111.
1458 282 1531 322 101

76 412 235 447 caetera
271 407 358 447 fere
391 406 533 446 omnia
563 406 776 446 incassum
810 404 981 445 tentari.
1045 403 1192 445 Variae
1221 409 1365 445 tamen
1400 404 1532 445 etiam

74 494 154 535 pro
176 481 389 536 cujusque
406 479 580 535 ingenio
600 479 789 520 rationes
810 485 912 520 sunt
928 478 1202 534 excogitatae,
1220 492 1320 533 quae
1337 493 1421 519 non
1444 477 1534 519 levi

74 558 252 607 possent
272 566 363 593 esse
386 551 639 608 adjumento

178 626 213 666 I.
249 625 555 666 Sanctissimus
585 632 730 666 noster
762 624 841 665 hoc
876 630 980 680 agat
1012 623 1238 671 monendo,
1271 630 1314 665 et
1336 622 1534 679 urgendo

281 700 476 755 singulos
499 698 554 740 ad
574 697 864 739 residentiam.

150 773 210 815 II.
247 772 501 814 constituat
521 771 792 818 visitatores,
817 770 892 825 qui
915 768 1113 825 quolibet
1135 770 1319 811 triennio
1347 776 1425 810 aut
1447 784 1533 810 am-

275 846 392 901 plius
416 844 593 885 visitent
616 857 762 884 omnes
784 841 1004 883 Ecclesias
1028 841 1327 883 Cathcdrales.

125 918 213 960 III.
246 919 349 959 Non
371 918 506 974 possit
538 917 688 958 abesse
723 916 839 956 ultra
865 922 952 955 tres
975 929 1156 963 menses,
1181 915 1264 955 nisi
1286 914 1339 956 de
1362 915 1534 956 licentia

278 1006 482 1048 expressa
515 991 652 1046 ipsius
687 991 834 1045 Papae,
869 1004 945 1030 nec
981 988 1240 1029 admittatur
1283 988 1338 1028 ad
1378 989 1533 1044 proba-

278 1066 439 1107 tionem
464 1065 649 1119 alicujus
670 1063 879 1119 legitilnae
898 1076 1039 1103 causae
1063 1062 1106 1101 in
1130 1062 1327 1102 absentia
1349 1062 1538 1102 breviori

280 1138 334 1179 de
357 1138 530 1179 licentia
551 1135 894 1191 Metropolitani.

139 1210 216 1251 IV.
250 1210 538 1251 Declarentur
570 1225 594 1250 a
627 1208 796 1265 Synodo
828 1223 970 1249 causae
1005 1207 1308 1262 particulares,
1341 1208 1398 1248 ob
1430 1222 1537 1262 quas

278 1290 422 1338 potest
443 1283 540 1338 quis
562 1281 761 1323 excusari
785 1297 809 1322 a
830 1279 1077 1327 residentia,
1101 1295 1154 1320 ne
1177 1280 1260 1321 sint
1282 1280 1451 1321 fucatae.

166 1356 218 1397 V.
253 1356 454 1407 Quilibet
495 1354 739 1396 ordinarius
780 1352 966 1409 singulis
1008 1353 1129 1393 anuis
1170 1354 1317 1394 mittat
1361 1359 1538 1394 attesta-

278 1430 439 1471 tionem
464 1429 691 1470 Sanctitati
713 1443 803 1469 suae
825 1427 878 1467 de
900 1442 979 1467 sua
1002 1426 1235 1468 residentia
1257 1428 1430 1467 saetam.

136 1502 217 1544 VI.
251 1502 436 1544 Peracto
459 1501 654 1542 Concilio
683 1515 844 1549 omnes,
869 1501 946 1555 qui
968 1500 1034 1540 hic
1063 1498 1234 1547 adsunt,
1263 1500 1411 1541 statim
1444 1515 1540 1541 con-

281 1576 422 1617 ferant
445 1591 489 1616 se
512 1575 568 1616 ad
588 1591 688 1616 suas
710 1575 943 1616 Ecclesias.

108 1650 215 1691 VII.
250 1649 513 1691 Declaretur
534 1648 831 1689 Residentiam
855 1663 946 1688 csse
969 1647 1138 1703 dejure
1160 1647 1321 1688 divino.

80 1722 215 1763 VIII.
251 1722 449 1772 Quilibet
480 1721 731 1777 Episcopus
762 1726 929 1760 statuto
956 1727 1153 1774 tempore
1180 1719 1541 1761 consecrationem

283 1795 411 1835 faciat
445 1795 487 1834 in
524 1809 604 1834 sua
635 1793 842 1839 Ecclesia,
876 1799 918 1833 et
950 1798 1131 1847 praestct
1167 1794 1466 1847 juramentum
1489 1794 1542 1836 de

283 1868 530 1909 residentia.

124 1942 208 1983 IX.
244 1942 525 1998 Significetur
562 1942 711 1996 Papae,
745 1955 845 1980 euni
882 1940 1017 1980 teneri
1052 1940 1152 1995 jure
1186 1938 1333 1981 divino
1369 1942 1542 1982 mittere

283 2015 493 2056 Praelatos
516 2014 571 2055 ad
592 2029 692 2055 suas
714 2013 945 2059 EcclesiaS,
981 2019 1030 2052 ut
1054 2012 1115 2052 ibi
1138 2027 1320 2068 gregem
1347 2022 1539 2070 pascant.

159 2089 218 2130 X.
253 2087 465 2144 Capitula
487 2086 821 2128 Cathedralium
845 2092 1077 2126 teneantur
1098 2085 1180 2125 sub
1202 2100 1335 2141 poena
1355 2087 1541 2128 Excom-

282 2161 584 2203 municationis
601 2160 859 2202 denunciare
877 2158 1106 2200 sanctitati
1127 2173 1230 2206 suae,
1254 2166 1331 2200 aut
1352 2160 1542 2202 Praelato

283 2236 339 2276 ab
356 2250 407 2276 ea
421 2233 632 2290 deputato
647 2233 759 2274 diem
779 2247 969 2273 recessus
983 2231 1188 2273 ordinarii
1204 2246 1229 2272 a
1241 2247 1322 2274 sua
1335 2232 1541 2280 Dioecesi,

283 2316 326 2350 et
356 2309 531 2364 lapsum
569 2307 757 2351 termini,
793 2306 867 2360 qui
900 2304 1158 2346 concedetur
1190 2305 1232 2345 in
1255 2304 1443 2347 Decreto
1464 2321 1543 2362 pro

283 2382 491 2423 absentia.

147 2454 234 2495 XI.
271 2454 557 2509 Supplicetur
595 2453 827 2494 Sanctitati
862 2467 967 2499 suae,
1002 2458 1051 2491 ut
1085 2451 1303 2492 licentiam
1338 2451 1544 2492 absentiae

284 2543 369 2569 non
402 2527 619 2575 concedat,
656 2527 737 2567 nisi
772 2541 852 2582 pro
883 2524 1019 2566 arduo
1052 2524 1258 2565 Ecclesiae
1301 2524 1543 2565 Catholicae

288 2601 477 2657 negotio,
515 2608 558 2642 et
589 2616 686 2641 cuin
721 2606 839 2640 certa
874 2598 1135 2639 limitatione
1168 2599 1387 2653 temporis,
1421 2605 1476 2646 et,
1509 2600 1544 2640 si

285 2674 378 2715 fieri
399 2680 558 2729 potest,
581 2673 662 2713 nisi
685 2672 728 2713 in
749 2686 865 2717 casu,
890 2671 965 2711 ubi
987 2670 1220 2725 praesentia
1240 2670 1360 2711 illius
1380 2671 1437 2711 sit
1456 2686 1545 2712 om-

286 2747 387 2787 nino
408 2746 660 2787 necessaria.
