1905 3254
674 304 787 333 sssss.
814 304 909 334 vm.
1437 291 1522 333 627

65 407 228 463 vulgus
249 413 293 448 et
314 421 554 448 sermonem
587 407 810 449 hominum
844 410 996 456 exiret,
1032 411 1158 466 quasi
1190 411 1522 467 Archiepiscopi

62 487 106 523 et
146 481 357 537 Episcopi
396 481 508 522 inter
560 496 604 522 se
646 481 699 522 de
739 483 926 537 privatis
966 484 1199 525 commodis
1237 485 1519 526 decertarent.

63 554 398 612 Archiepiscopi
433 555 824 596 immemorabilem
867 557 1223 598 consuetudinem
1266 558 1521 605 afferebant,

65 634 108 669 et
147 628 257 669 forte
297 628 537 684 privilegia
577 629 847 684 Apostolica‚
880 636 930 670 ut
971 635 1087 670 certo
1127 631 1196 671 die
1232 631 1443 687 Episcopi
1479 631 1524 671 in

67 700 306 756 Metropoli
326 701 630 751 convenirent3
662 702 796 758 idque
818 718 904 742 non
927 703 1065 743 solum
1089 703 1205 758 quod
1227 703 1319 744 haec
1337 703 1524 759 vestigia

69 774 363 816 Conciliorum
386 775 728 816 Provincialium
759 783 914 822 essent,
939 775 1015 817 sed
1036 776 1166 816 etiam
1195 776 1312 832 quod
1339 777 1522 817 Hicrar-

67 846 175 888 chiae
196 847 515 888 Ecclesiasticae
529 849 637 889 ratio
650 848 712 889 ita
730 855 994 904 exposceret,
1012 856 1061 890 ut
1075 849 1257 889 Paroclii
1271 849 1523 904 Episcopos,

66 919 281 975 Episcopi
312 919 688 977 Archiepiscopos‚
722 921 1052 977 Archiepiscopi
1084 921 1373 969 Patriarchas,
1407 929 1451 963 et
1477 921 1524 963 hi

68 992 299 1033 Summum
336 992 581 1034 Romanum
613 994 865 1035 Pontificem
902 1001 952 1035 ut
984 1009 1135 1035 eorum
1159 995 1424 1050 superiorem
1448 1010 1523 1050 ag-

68 1072 305 1106 noscerent.
367 1066 593 1122 Episcopi,
626 1069 701 1123 qui
733 1083 912 1109 numero
945 1068 1364 1124 [Archi]¹episeopos
1395 1069 1523 1125 longe

68 1139 397 1187 antecedebant,
427 1140 482 1180 ad
516 1140 737 1195 Synodum
770 1156 861 1182 rem
895 1141 1045 1182 referri
1080 1142 1375 1196 postulabant,
1397 1143 1524 1184 confi-

70 1212 222 1254 dentes
244 1213 464 1270 suffragiis
485 1229 529 1254 se
553 1214 688 1254 multo
703 1215 950 1269 superiores
968 1229 1187 1263 evasuros,
1203 1230 1336 1270 seque
1353 1223 1524 1257 tantum

70 1287 126 1328 ab
148 1287 309 1343 iniquis
331 1288 535 1329 oneribus
555 1288 734 1328 liberari
751 1289 976 1343 petebant.
1038 1288 1131 1329 Ubi
1147 1289 1188 1328 in
1205 1304 1256 1329 ea
1272 1304 1317 1330 re
1336 1289 1527 1330 sedanda

69 1359 177 1401 nihil
198 1375 276 1401 nee
298 1361 568 1416 Legatorum
592 1362 864 1410 auctoritate,
882 1377 960 1402 nee
978 1361 1211 1402 amicorum
1226 1363 1527 1403 intercessione

71 1433 271 1475 effectum
298 1440 376 1482 est,
401 1433 644 1480 Jadrensis,
669 1436 744 1490 qui
767 1436 969 1490 quamvis
1001 1434 1369 1491 Archiepiscopus
1402 1442 1526 1483 esset,

67 1513 212 1548 tamen
234 1506 555 1561 Episcoporum
578 1522 751 1547 eausam
775 1508 962 1548 maxime
980 1508 1204 1554 tuebatur,
1228 1508 1338 1547 forte
1362 1514 1414 1548 ut
1431 1508 1525 1563 ipse

74 1595 119 1621 se
141 1595 167 1620 a
188 1579 455 1621 Patriarchae
477 1579 635 1621 Veneti
653 1580 954 1635 jurisdictione
977 1581 1201 1629 eximeret,
1224 1581 1267 1620 in
1291 1596 1526 1637 congrega-

71 1655 187 1696 tione
202 1669 282 1711 pro
295 1654 528 1711 Episcopis
543 1655 684 1695 oravit
701 1672 711 1705 ;
735 1662 778 1696 et
791 1655 971 1710 plurimi
988 1654 1142 1695 deinde
1160 1654 1526 1709 subscripserunt.

74 1726 161 1769 Sed
187 1733 421 1783 postquam
455 1741 540 1767 non
574 1732 640 1768 tot
668 1742 849 1767 numero
880 1741 1058 1782 prorsus
1091 1726 1278 1773 fuerant,
1315 1726 1390 1781 qui
1423 1726 1528 1766 alios

74 1807 345 1857 superarent,
368 1806 418 1841 ut
437 1815 489 1841 ex
510 1800 709 1856 ipsismet
733 1800 1071 1841 Secretariorum
1084 1799 1198 1839 notis
1218 1799 1426 1854 Episcopi
1446 1799 1529 1854 ipsi

71 1873 116 1915 id
147 1877 497 1929 perspexerunt,2
533 1874 664 1914 tertia
691 1874 781 1929 jam
814 1872 920 1913 hora
949 1872 1097 1918 noctis,
1130 1886 1227 1911 cum
1261 1874 1351 1925 jam
1388 1870 1530 1926 prima

71 1947 180 1988 hora
216 1946 302 1987 diei
335 1946 559 2001 sequentis
595 1944 737 1986 sessio³
772 1944 975 1986 habenda
1015 1950 1092 1992 est,
1128 1949 1361 1998 propterea
1402 1941 1530 1982 valde

73 2021 403 2077 perturbantur,
423 2034 519 2060 eum
542 2034 663 2060 secus
680 2034 727 2059 ac
750 2024 955 2073 putarent
975 2033 1065 2058 rem
1091 2016 1293 2057 accidisse
1316 2015 1528 2064 viderent,

74 2094 262 2149 hincque
285 2107 453 2133 omnem
467 2090 883 2148 incipiuntlapidem
908 2105 1097 2137 movere,
1120 2095 1171 2130 ut
1191 2089 1233 2129 in
1259 2088 1454 2128 Sessione
1476 2103 1529 2128 ex

76 2181 224 2208 eorum
248 2167 463 2208 sententia
483 2165 701 2207 decretum
728 2164 957 2205 sanciatur.
1020 2162 1394 2203 Animadvertunt
1417 2161 1530 2202 enim

74 2240 118 2281 in
142 2254 271 2281 causa
290 2239 336 2280 id
358 2240 503 2287 fuisse,
528 2238 644 2294 quod
673 2236 905 2279 Secretarii
937 2236 980 2276 in
1015 2234 1371 2291 Congregatione
1402 2234 1533 2274 nimia

77 2313 274 2359 Patrum,
316 2312 391 2368 qui
424 2312 660 2353 sententias
700 2311 915 2356 dicebant,
949 2308 1237 2356 festinatione,
1272 2321 1357 2347 non
1389 2307 1533 2347 omnia

77 2400 229 2426 eorum
271 2384 388 2425 Vota
429 2384 657 2439 sigillatim
698 2382 964 2424 conscribere
997 2385 1247 2435 potuerunt.
1310 2378 1438 2419 Unde
1474 2393 1530 2426 se,

75 2472 162 2498 non
195 2457 511 2498 sententiarum
532 2470 726 2502 numero,
751 2454 825 2495 sed
859 2453 1004 2508 potius
1035 2451 1273 2491 scribarum
1301 2465 1433 2498 mora,
1454 2456 1532 2491 aut

74 2536 189 2571 certe
211 2529 419 2586 temporis
440 2528 667 2584 angustiis,
692 2526 889 2568 exclusos
911 2525 1043 2565 fuisse
1061 2523 1344 2578 perspiciunt.

482 2629 574 2676 Die
606 2631 658 2674 ll
690 2626 975 2674 Novembris
1007 2626 1145 2671 1563.

137 2730 312 2772 Habita
331 2728 418 2769 fuit
440 2726 595 2774 Sessio,
619 2740 720 2780 quae
743 2723 905 2778 incepit
925 2721 1032 2762 hora
1057 2721 1123 2768 15,
1143 2720 1327 2775 finisque
1349 2719 1435 2760 fuit
1456 2720 1535 2761 eir-

80 2804 186 2847 citer
205 2803 312 2845 hora
333 2802 377 2842 3ἱι
396 2801 544 2843 noctis.
608 2798 660 2839 In
683 2813 734 2839 ea
761 2797 888 2853 plura
919 2794 1131 2836 hactenus
1158 2792 1332 2833 insolita
1350 2798 1394 2833 et
1422 2808 1537 2834 nova

142 2894 149 2913 ¹
175 2893 252 2924 This
267 2891 379 2924 should
395 2890 546 2930 certainly
565 2890 602 2920 be
617 2888 735 2919 added.
902 2884 914 2902 '²
937 2884 1067 2923 Prusa?
1241 2883 1253 2900 ²
1277 2882 1391 2920 Tertio,
1410 2883 1479 2913 MS.

1196 2940 1221 2979 2
1243 2954 1261 2978 s
1284 2940 1310 2979 2
