1905 3254
694 259 808 287 sEss.
837 259 879 288 11.
1467 244 1513 285 71

61 364 318 406 admoneant
360 365 527 421 pridem
569 366 612 405 in
647 365 869 421 Synodum
905 366 1428 422 Quinqueeeclesiensem‚
1470 374 1517 407 ut

64 437 290 478 Oratorem
325 438 464 494 Regis
502 438 767 494 Hungariae,
812 446 1045 495 exceptum
1091 440 1237 489 fuisse,
1280 441 1520 495 literasque

60 510 255 566 privatas
271 509 460 551 Caesaris
477 515 579 565 jure
603 511 791 567 legitimi
814 511 1006 552 mandati
1027 512 1262 567 proba¹as;
1295 511 1404 552 nihil
1421 511 1519 551 ideo

58 596 172 622 nunc
203 582 430 637 impedire,
466 597 554 637 quo
591 583 749 629 minus,
792 588 1008 639 majorum
1044 599 1174 631 more,
1210 586 1302 640 ejus
1342 597 1518 639 quoque

60 656 227 711 priores
268 656 409 696 literae
452 655 532 697 hac
574 656 644 698 die
686 657 907 712 legantur.
973 658 1216 698 Lusitanus
1260 656 1434 698 tandem
1474 672 1519 698 se

60 744 360 771 concessurum
379 730 626 785 respondet,
646 731 882 772 dummodo
903 731 1172 772 Sem-otarius
1196 731 1372 787 publice
1391 737 1519 772 attes-

60 809 189 851 tetur,
219 803 316 844 ideo
341 803 550 859 Hungari
584 804 734 845 literas
767 804 1010 859 praelectas,
1047 819 1181 859 quum
1214 804 1332 860 prior
1361 805 1519 859 ipsein

58 875 167 917 hanc
184 877 407 918 civitatem
422 878 690 918 commeavit.
756 877 1004 933 Hungarus
1019 878 1106 918 fere
1122 893 1143 918 e
1159 878 1337 933 regione
1352 877 1518 921 sedens,

60 949 137 990 ubi
159 949 250 990 haee
275 950 391 1006 regis
419 964 549 991 causa
579 949 704 991 audit
739 950 1019 998 circumferri,
1043 950 1300 1007 indignatus
1333 951 1389 991 ob
1422 966 1518 991 eam

61 1022 265 1063 Lusitani
288 1030 503 1071 naturam,
528 1030 584 1071 et,
609 1031 659 1064 ut
691 1024 783 1078 ipse
809 1023 967 1069 aiebat,
1005 1023 1295 1071 insolentiam,
1326 1024 1517 1070 minime,

60 1093 135 1141 ait,
159 1093 479 1135 eoncedendum
503 1094 583 1135 hac
609 1095 900 1136 Secretarium
922 1096 1178 1151 praefatione
1204 1097 1291 1145 uti3
1323 1096 1409 1136 imo
1443 1110 1520 1136 nee

60 1167 283 1208 tantillum
307 1168 371 1208 illi
405 1168 736 1224 indulgendum,
761 1169 936 1223 quando
960 1184 1003 1209 se
1029 1169 1071 1209 in
1109 1173 1320 1224 majorem
1357 1169 1517 1210 fastum

60 1253 230 1293 semper
252 1247 363 1280 esset
385 1247 623 1281 erecturus.
688 1241 814 1281 Tunc
839 1241 994 1282 Card¹is
1020 1241 1303 1282 Madruccius
1331 1240 1520 1297 Hunga-

60 1327 157 1354 rum
189 1313 294 1361 adit,
318 1320 443 1369 rogat
457 1329 557 1354 eum
580 1329 632 1354 ue
652 1313 730 1355 hoe
749 1314 841 1355 loco
856 1315 1128 1355 istamiseere
1144 1314 1276 1364 velit3
1310 1319 1519 1370 majorem

60 1387 126 1427 illi
168 1387 289 1442 apud
322 1402 471 1428 omnes
503 1388 810 1428 auctoritatem
857 1402 1138 1435 accessuram,
1184 1403 1271 1443 quo
1305 1404 1349 1429 se
1377 1379 1541 1443 placa-¹

60 1460 213 1501 tiorem
238 1475 382 1501 coram
406 1460 472 1501 his
500 1461 707 1501 Patribus
739 1461 987 1502 ostenderit.
1051 1460 1309 1516 Acquieseit
1345 1460 1518 1502 tandem

63 1533 324 1590 Hungarus,
352 1542 400 1576 ut
423 1535 691 1576 Secretarius
715 1536 862 1591 palam
892 1535 1100 1591 proferat,
1128 1534 1364 1575 Oratorum
1389 1536 1522 1575 omni-

63 1623 137 1648 um
161 1608 310 1649 literas
333 1609 499 1664 absque
522 1609 613 1649 ullo
637 1609 892 1665 praejudicio
915 1609 1046 1649 lectas
1069 1623 1174 1649 esse.

121 1680 246 1728 Haec,
281 1681 358 1721 ubi
391 1681 606 1722 Lusitano
638 1682 902 1729 referuntur,
941 1681 1084 1721 renuit
1106 1680 1195 1727 ille,
1220 1696 1270 1721 eo
1304 1681 1423 1736 quod
1456 1681 1524 1722 his

64 1751 211 1792 verbis
232 1752 275 1791 in
300 1754 587 1807 quaestionem
612 1753 656 1793 id
681 1769 834 1794 vocare
851 1753 1086 1799 videretur,
1103 1752 1220 1808 quod
1239 1753 1359 1808 apud
1373 1768 1522 1795 omnes

64 1830 195 1880 putat
229 1839 320 1865 esse
353 1825 647 1881 exploratum,
687 1825 902 1873 videlieet,
937 1826 1106 1881 Regem
1142 1840 1272 1865 suuni
1303 1825 1523 1882 Hungaro

63 1912 155 1938 esse
189 1897 531 1938 anteferendum.
599 1898 685 1939 Ubi
719 1898 883 1954 Legati
921 1913 1008 1938 rem
1044 1899 1242 1952 componi
1278 1913 1362 1938 non
1398 1914 1523 1954 posse

65 1970 226 2018 vident,
249 1970 448 2026 duasque
471 1971 603 2026 paulo
625 1972 769 2012 minus
791 1971 920 2012 horas
946 1972 1035 2027 jam
1061 1970 1128 2011 his
1153 1972 1356 2013 inanibus
1380 1973 1523 2013 verbis

63 2051 353 2100 consumptas,
373 2045 497 2101 gravi
520 2045 711 2085 omnium
735 2045 935 2085 molestia
958 2060 1005 2085 ae
1024 2043 1273 2093 offensione,
1299 2054 1524 2087 accersunt

65 2132 118 2159 ex
151 2118 328 2159 sedibus
364 2119 452 2159 suis
496 2118 829 2162 Rossanensem.
866 2117 1145 2165 Ilerdensem,
1180 2117 1436 2167 Vestanum,
1481 2127 1525 2160 et

66 2191 327 2233 Auditorem
340 2192 480 2239 Rotae,
493 2198 542 2232 ut
559 2191 665 2247 quid
679 2191 854 2248 hiejure
872 2190 1157 2233 statuendum
1173 2191 1242 2239 sit,
1255 2192 1521 2250 intelligant.

66 2263 158 2305 Ubi
180 2279 321 2305 coram
345 2265 405 2305 eis
427 2265 711 2310 constitimus,
736 2266 886 2320 etjam
912 2280 937 2304 a
959 2264 1082 2304 nobis
1115 2263 1227 2303 ratio
1261 2263 1395 2320 hujus
1428 2281 1523 2306 con-

66 2338 288 2378 troversiae
312 2338 604 2394 praecidendae
630 2339 815 2394 proponi
839 2344 987 2393 coepta
1010 2344 1086 2382 est,
1113 2335 1423 2386 Sulmonensis,
1447 2341 1523 2394 qui

68 2409 182 2450 ultro
205 2410 399 2465 citroque
422 2410 691 2450 conciliando
718 2410 894 2465 utrique
915 2409 1091 2450 Oratori
1113 2423 1289 2463 operam
1313 2408 1417 2449 dare
1440 2425 1524 2451 non

69 2481 309 2532 destiterat,
329 2484 502 2524 tandem
519 2484 704 2540 Legatis
718 2485 862 2525 omnia
885 2490 1042 2539 pacata
1056 2482 1212 2531 refert,
1247 2481 1522 2538 Hungarum

69 2555 254 2611 benigne
288 2557 394 2611 pati,
436 2564 483 2596 ut
527 2557 793 2598 Seeretarius
826 2572 877 2597 ex
909 2562 1123 2611 suggestu
1157 2554 1272 2594 dicat
1306 2553 1396 2595 haee
1430 2556 1526 2611 ipsa

70 2629 218 2677 verba,
264 2630 510 2670 “mandata
547 2645 597 2670 eo
626 2629 776 2670 ordine
814 2629 1038 2685 leguntur,
1075 2643 1162 2682 quo
1196 2626 1394 2668 exhibita
1431 2628 1524 2670 fue-

70 2709 172 2743 runt
187 2703 224 2752 ;’'
259 2703 302 2743 id
322 2718 497 2758 quoque
513 2710 557 2744 et
580 2704 796 2744 Lusitano
815 2703 1005 2758 probari.
1068 2702 1195 2742 Tune
1211 2701 1373 2741 divinas
1397 2703 1523 2744 bene-

71 2775 250 2817 fieentiae
287 2777 430 2817 cuncti
469 2777 632 2833 gratias
666 2784 818 2832 agunt,
858 2792 958 2831 quae
1003 2775 1180 2816 tandem
1224 2781 1289 2815 tot
1336 2776 1464 2817 tricas
1500 2793 1523 2818 e

73 2847 214 2889 medio
236 2850 477 2890 sustulerit.
543 2851 811 2891 Secretarius
834 2849 1045 2905 przrdicta
1074 2850 1209 2889 verba
1236 2849 1397 2905 scripta
1429 2867 1519 2892 con-
