1905 3254
350 296 432 337 294
969 310 1079 339 sess.
1106 310 1183 338 vn.

357 418 473 458 tione
493 431 577 458 non
599 415 863 472 ponendum.
913 414 1194 456 Granatensis
1214 414 1460 469 replicavit,
1484 414 1519 454 si
1542 414 1809 469 Augustana

356 488 580 529 Confessio
612 489 658 529 id
688 489 863 537 fatetur,
887 503 934 529 ac
962 503 1115 530 verum
1136 495 1215 536 est,
1239 502 1314 529 cur
1334 502 1411 528 nos
1430 486 1477 527 id
1498 487 1806 528 erubescimus.

355 560 428 602 Ad
449 561 540 603 haec
561 561 844 603 Varmiensis¹
1110 575 1271 617 negare
1292 567 1461 602 nostros
1480 560 1722 615 Episcopos
1740 559 1810 600 hic

353 634 646 695 unctionibus,
671 635 888 690 precibus,
910 635 1158 689 ritibusque
1177 641 1440 676 consecratos
1460 633 1571 674 tales
1591 647 1682 674 esse
1702 647 1807 688 qua-

353 706 416 748 les
438 707 540 748 olim
562 707 775 763 Episcopi
797 708 978 748 fuerunt
998 707 1205 748 instituti.

411 780 854 822 Jadrensis—Patres
888 780 973 821 hue
1005 781 1267 828 convenisse,
1301 794 1387 820 non
1419 779 1475 820 ad
1507 779 1810 820 Confessiones

354 860 528 894 tantum
553 855 855 910 Augustanas.
889 853 965 894 sed
987 854 1043 895 ad
1065 854 1172 894 alias
1193 854 1325 894 etiam
1356 853 1558 900 haereses,
1587 853 1667 893 ubi
1698 867 1809 907 opus

354 927 420 974 sit,
446 926 754 981 profligandas.
820 926 926 967 Ideo
953 926 1047 977 hoc,
1074 927 1128 967 de
1152 929 1251 983 jure
1278 926 1441 973 divino,
1466 925 1587 981 quod
1609 940 1633 966 a
1657 940 1808 980 quam-

354 998 559 1053 pluribus
585 997 801 1039 haereticis
825 1005 1028 1054 negatur,
1052 1014 1144 1039 esse
1166 997 1486 1054 apponendum.

411 1070 687 1111 Bracarensis
703 1094 759 1100 ——
778 1070 1024 1111 Haereticos
1062 1071 1203 1112 dicere
1242 1071 1483 1126 Episcopos
1521 1070 1741 1111 institutos
1786 1084 1811 1110 a

354 1140 545 1190 Christo,
569 1149 779 1198 tanquam
810 1142 1016 1190 homines,
1051 1144 1128 1198 qui
1162 1149 1426 1198 potestatem
1457 1142 1622 1183 habent
1652 1141 1810 1198 praedi-

352 1213 477 1254 candi
498 1222 542 1256 et
563 1214 745 1256 docendi
767 1216 964 1262 verbum,
1000 1222 1044 1256 et
1073 1215 1181 1256 nihil
1217 1215 1349 1256 aliud.
1412 1215 1506 1255 Nos
1527 1221 1673 1256 autem
1701 1215 1810 1256 affir-

353 1300 486 1332 mare,
518 1300 591 1326 eos
610 1285 807 1327 homines
826 1286 1031 1327 habuisse
1054 1287 1186 1331 etiam
1209 1288 1265 1328 ab
1289 1302 1338 1328 eo
1360 1293 1620 1342 potestatem
1643 1301 1810 1327 conser-

353 1357 484 1398 vandi
505 1358 624 1407 alios,
647 1366 691 1399 et
712 1359 797 1400 alia
819 1359 999 1414 gerendi
1019 1360 1313 1415 Episcopalia,
1346 1374 1445 1414 quae
1467 1359 1551 1414 ipsi
1574 1359 1699 1400 aiunt
1718 1374 1810 1400 esse

351 1431 670 1487 phantasmata.
736 1432 843 1473 Ideo
863 1433 1036 1473 omnino
1058 1447 1150 1473 esse
1173 1432 1474 1473 declarandam
1495 1432 1606 1472 hane
1636 1432 1809 1472 institu-

352 1502 514 1542 tionem
534 1502 614 1543 hoc
634 1503 774 1552 modo,
807 1519 896 1559 quo
927 1504 1070 1545 utitur
1100 1505 1219 1553 Ecca,
1253 1519 1343 1545 esse
1372 1519 1397 1545 a
1420 1506 1523 1560 jure
1544 1503 1692 1545 divino
1713 1519 1810 1559 pro-

354 1576 527 1616 sectam.

411 1648 936 1696 Nicosiensis—addatur,
955 1651 1056 1705 jure
1079 1649 1239 1690 divino.

410 1721 1016 1777 Philadelphiensis—votum
1049 1737 1177 1763 suum
1212 1737 1316 1770 esse,
1354 1728 1405 1763 ut
1440 1721 1642 1779 Synodus
1674 1737 1806 1778 quam

351 1792 571 1833 celerrime
589 1793 858 1842 absolvatur,
875 1808 972 1834 cum
989 1794 1292 1835 molestissima
1312 1795 1474 1850 pituita
1490 1801 1621 1835 vexet
1636 1795 1808 1843 multos,

352 1871 393 1905 et
426 1866 671 1920 praesertim
702 1867 831 1922 quod,
857 1868 1109 1908 absentibus
1136 1867 1430 1915 Adversariis,
1453 1874 1627 1925 tempus
1649 1868 1811 1910 frustra

350 1939 590 1979 conteritur
611 1955 660 1980 ae
680 1940 953 1996 marsupium
974 1940 1243 1981 exhauritur.

408 2010 798 2054 Mutinensis—Ut
818 2012 921 2053 ordo
952 2012 1159 2054 doctrinae
1183 2012 1436 2053 Canonibus
1465 2011 1741 2068 respondeat,
1764 2019 1809 2053 et

349 2099 392 2125 se
411 2085 518 2125 alias
539 2085 838 2126 annotationes
859 2085 1020 2141 scripto
1042 2085 1306 2127 commodius
1326 2085 1602 2126 traditurum.

408 2157 1002 2213 Segobiensis—Doctrinam
1046 2173 1131 2199 non
1163 2164 1372 2213 praestare
1406 2156 1524 2212 quod
1563 2156 1809 2211 pollicetur,

350 2244 448 2270 011111
480 2230 621 2271 multa
654 2230 694 2271 ei
729 2230 881 2271 desint.
944 2231 1046 2271 Non
1075 2231 1220 2286 placet
1241 2230 1357 2286 quod
1389 2231 1463 2278 ait,
1496 2230 1540 2270 in
1563 2230 1810 2271 sacerdotio

348 2309 733 2349 consummaretur,
751 2317 848 2343 cum
866 2302 1105 2359 Dionysius
1121 2303 1248 2351 dieat,
1266 2302 1554 2343 consummari
1567 2302 1612 2342 in
1624 2302 1809 2357 Episco-

346 2382 469 2430 patu.
531 2375 635 2415 Non
665 2375 852 2430 plaeere,
887 2375 1005 2430 quod
1034 2390 1088 2416 ex
1121 2376 1166 2416 vi
1198 2375 1330 2430 hujus
1365 2375 1631 2416 Sacramenti
1663 2375 1804 2417 eonfe-

344 2454 470 2488 ratur
492 2448 637 2504 gratia
665 2453 842 2504 gratum
870 2447 1031 2488 faciens
1047 2464 1059 2497 3
1091 2462 1193 2488 nam
1228 2449 1507 2489 Sacramenta
1527 2463 1651 2489 novae
1672 2448 1810 2504 Legis

345 2520 389 2560 id
422 2521 604 2568 efficere,
639 2521 799 2576 inquit,
834 2519 954 2575 quod
976 2521 1219 2576 significant
1237 2521 1282 2561 in
1304 2536 1453 2562 eorum
1475 2521 1636 2572 forma;
1666 2521 1743 2562 sed
1764 2521 1808 2561 in

346 2594 483 2633 forma
514 2592 642 2633 istius
685 2593 953 2633 Sacramenti
984 2607 1069 2632 non
1110 2593 1321 2633 contineri
1360 2593 1563 2648 gratiam,
1606 2592 1807 2648 quamvis

346 2663 470 2704 Deus
490 2680 543 2705 ex
558 2665 851 2706 misericordia
870 2681 949 2706 sua
965 2665 1147 2721 adjuvet
1164 2666 1450 2707 excellentius
1466 2665 1580 2706 hunc
1597 2664 1805 2722 gradum:

391 2767 396 2784 ¹
424 2768 489 2797 The
515 2779 654 2807 vacancy
679 2769 709 2799 in
732 2769 793 2799 this
819 2769 909 2810 place
936 2769 1051 2799 should
1077 2770 1262 2810 apparently
1278 2770 1316 2800 be
1332 2770 1422 2801 filled
1447 2782 1489 2811 up
1507 2771 1548 2809 by
1563 2781 1581 2800 a
1597 2775 1738 2801 sentence
1754 2782 1807 2801 ex·

346 2820 479 2857 {messing
496 2821 546 2850 the
561 2822 728 2852 sentiment
747 2823 780 2852 of
793 2822 843 2852 the
859 2823 1025 2862 presumed
1041 2822 1181 2853 heretics.
