1905 3254
324 307 408 347 620
940 323 1049 353 sEss.
1075 322 1172 353 vm.

326 427 466 468 satius
480 427 732 483 judicarunt
755 442 843 468 rem
876 427 1057 468 arbitrio
1089 441 1180 467 suae
1220 425 1472 466 Sanctitatis
1504 425 1775 480 relinquere:

325 499 437 540 inter
457 500 534 541 hos
556 500 640 541 fuit
661 501 692 542 J
696 499 1074 556 ustinopolitanus,
1095 506 1138 540 et
1159 499 1315 540 Abbas
1345 498 1605 554 Stephanus.

756 633 845 680 Die
872 635 934 680 29
964 632 1186 680 Octobris
1217 636 1357 680 1563.

385 757 607 812 Deputati
642 772 722 812 pro
763 757 1042 798 emendandis
1083 757 1265 798 decretis
1306 757 1646 797 Reformationis
1687 772 1781 798 eam

322 834 414 885 jam
439 830 720 870 absolverunt
736 847 747 880 3
781 836 824 870 et
846 829 1045 885 quamvis
1066 831 1269 885 majorem
1284 836 1453 885 partem
1471 829 1783 870 sententiarum

327 903 370 942 in
392 903 443 942 iis
465 902 733 958 corrigendis
755 903 880 957 sequi
905 902 1171 949 statuissent,
1194 909 1338 942 tamen
1363 909 1644 942 occurrerunt
1667 917 1784 957 quae-
1805 895 1807 898 ¹

328 974 444 1021 dam,
469 981 546 1015 aut
569 975 624 1015 ab
647 974 741 1015 aliis
761 989 845 1015 non
879 974 1196 1022 animadversa,
1220 981 1297 1015 aut
1321 975 1538 1030 ignorata,
1561 990 1661 1030 quae
1695 975 1786 1015 visa

329 1054 431 1088 sunt
462 1048 633 1087 omnino
666 1062 888 1102 reponere,
926 1055 1056 1102 prout
1092 1063 1175 1088 non
1209 1063 1233 1088 a
1261 1049 1415 1104 majori
1452 1055 1589 1104 parte,
1623 1049 1697 1089 sed
1728 1050 1784 1089 ab

327 1122 554 1177 aliquibus
595 1128 766 1162 tantum
807 1122 979 1163 fucrant
1021 1122 1314 1171 considerata3
1367 1130 1409 1163 et
1460 1122 1576 1178 quod
1627 1138 1788 1178 magna

327 1195 495 1235 ratione
536 1194 802 1235 nitebantur.
867 1195 921 1236 In
964 1196 1016 1235 iis
1057 1210 1160 1235 vero
1213 1210 1311 1250 quae
1351 1196 1395 1235 in
1438 1196 1787 1251 Congregatione

332 1268 507 1308 fuerant
529 1267 661 1322 plane
691 1267 897 1314 discussa,
921 1283 1004 1308 non
1027 1268 1313 1309 discesserunt
1335 1284 1359 1310 a
1380 1270 1533 1325 majori
1552 1276 1690 1324 parte,
1714 1269 1787 1309 sed

330 1342 375 1380 in
395 1341 592 1395 margine
615 1340 807 1395 quinque
837 1340 1156 1396 adscripserunt
1186 1342 1313 1382 etiam
1338 1342 1597 1382 contrariam
1619 1349 1787 1382 senten-

331 1413 451 1458 tiam,
474 1419 551 1453 aut
575 1412 679 1467 quid
703 1413 855 1462 simile,
878 1414 954 1453 ubi
972 1428 1041 1454 res
1079 1414 1226 1469 gravis
1257 1421 1361 1459 erat.
1385 1428 1464 1468 pro
1497 1413 1787 1454 admonitione

332 1487 528 1533 Patrum5
552 1493 602 1526 ut
620 1500 750 1540 super
773 1485 840 1525 his
863 1490 1045 1526 rursu1n¹
1080 1493 1257 1540 possent
1279 1486 1535 1526 deliberare.
1600 1485 1672 1525 Ad
1694 1486 1787 1526 haee

330 1566 666 1614 praeposuerant
682 1557 867 1598 decretis
889 1559 1089 1598 omnibus
1103 1558 1403 1613 praefationem
1419 1558 1637 1613 quandam
1652 1560 1788 1599 instar

331 1632 634 1672 declarationis
669 1631 896 1686 cujusdam
932 1639 1103 1672 tantum
1137 1646 1295 1678 rerum,
1326 1646 1426 1686 quae
1468 1631 1788 1672 dubitationem

330 1721 486 1761 parere
508 1706 752 1761 potuissent
773 1720 826 1745 ex
849 1720 997 1745 eorum
1020 1704 1322 1745 emendatione
1343 1722 1352 1755 3
1386 1705 1483 1745 etin
1504 1705 1703 1745 omnibus
1723 1704 1790 1744 his

331 1778 553 1834 capitibus
575 1777 857 1818 emendandis
880 1778 967 1818 fuit
988 1779 1100 1818 inter
1129 1793 1200 1818 eos
1225 1793 1468 1823 consensus,
1491 1785 1787 1833 praeterquam

330 1852 372 1891 in
409 1850 579 1897 ultimo,
609 1849 662 1890 de
690 1851 841 1898 causis,
870 1866 945 1891 eur
977 1866 1053 1891 nec
1083 1851 1377 1892 Asturicensis
1402 1866 1479 1891 nec
1505 1850 1790 1891 Civitatensis

332 1923 608 1963 subscribere
631 1922 880 1964 voluerunt.
945 1923 1063 1972 Quid
1093 1931 1241 1964 autem
1269 1923 1401 1964 fuerit
1427 1924 1469 1963 in
1498 1938 1626 1963 causa
1656 1923 1789 1978 hujus

331 1996 406 2044 rei,
431 1995 538 2051 quid
555 1997 658 2037 item
680 1997 725 2036 in
748 1996 845 2036 aliis
865 1997 1052 2052 singulis
1075 1996 1311 2052 Capitibus
1334 1996 1546 2043 acciderit,
1566 1997 1789 2052 praecipue

330 2072 430 2109 nota
465 2069 660 2125 dignum,
697 2084 888 2110 seorsum
924 2070 1020 2117 erit,
1057 2070 1141 2110 alio
1173 2070 1217 2110 in
1250 2070 1353 2116 loco,
1397 2070 1664 2125 explicatum
1706 2070 1790 2111 sub

331 2141 467 2197 signo.

393 2215 609 2263 Quoniam
634 2215 791 2255 Comes
813 2230 837 2255 a
858 2215 986 2256 Luna
1008 2215 1125 2270 apud
1156 2217 1264 2256 Smum
1288 2223 1330 2257 et
1362 2216 1556 2272 Legatos
1588 2231 1673 2257 non
1704 2231 1789 2257 ces-

333 2287 459 2327 sabat
495 2286 689 2342 quotidie
726 2303 897 2343 urgere,
920 2295 969 2328 ut
999 2288 1220 2329 decretum
1251 2289 1429 2345 aliquod
1460 2291 1595 2338 fieret,
1618 2305 1697 2346 pro
1719 2305 1790 2331 ex-

333 2359 545 2415 plicandis
566 2361 618 2400 iis
650 2361 806 2408 verbis,
830 2361 1183 2416 Proponentibus
1204 2363 1398 2418 LegatiS‚
1420 2363 1473 2404 de
1504 2364 1664 2419 quibus
1687 2364 1791 2404 alias

334 2432 498 2472 dictum
522 2432 626 2481 fuit3
660 2432 756 2474 ideo
780 2434 873 2473 Smus
900 2434 994 2481 Nn,
1020 2442 1069 2475 ut
1090 2435 1207 2491 Regi
1228 2435 1438 2492 Philippo
1456 2438 1789 2492 gratificaretur,

334 2514 431 2546 tum
449 2513 492 2546 et
514 2512 564 2546 ut
585 2506 753 2546 facilius
776 2521 819 2547 se
844 2507 901 2547 ab
922 2506 1001 2548 hac
1023 2508 1220 2549 molestia
1241 2509 1413 2558 liberet,
1437 2510 1646 2550 conscribi
1660 2510 1790 2566 jubet

335 2580 528 2635 quinque
551 2579 748 2619 diversas
770 2580 978 2620 formulas
1010 2581 1221 2621 Brevium
1245 2582 1301 2622 ad
1325 2582 1525 2623 Sanctam
1552 2583 1788 2639 Synodum,

336 2670 445 2711 quas
470 2655 650 2710 legatis
671 2655 827 2702 mittet²
864 2662 914 2696 ut
945 2655 1188 2698 deliberent
1219 2672 1319 2712 quae
1352 2673 1405 2698 ex
1437 2658 1524 2698 illis
1552 2659 1694 2714 aptior
1729 2658 1791 2700 rei

335 2729 571 2784 propositae
606 2728 821 2776 videatur,
857 2736 900 2769 et
932 2744 1063 2784 quam
1100 2730 1184 2786 ipsi
1220 2731 1446 2785 elegerint,
1479 2732 1650 2786 Synodo
1673 2731 1790 2773 exhi-

935 2836 940 2853 ¹
968 2838 1112 2875 Sursum,
1131 2838 1200 2867 MS.
