1905 3254
707 280 815 310 SEss.
845 281 901 310 vl.
1451 264 1536 305 '203

76 387 325 444 Theologos
352 394 552 428 versatus
586 394 663 436 est,
696 386 805 427 nihil
833 386 1087 443 hujusmodi
1123 387 1179 427 ab
1201 387 1309 443 ipsis
1341 401 1535 442 unquam

75 461 312 516 accepisse;
344 461 590 516 multosque
621 459 763 501 adhuc
795 460 840 500 id
861 460 1076 516 ignorare,
1100 474 1199 500 cum
1222 474 1247 500 a
1268 458 1535 500 scholasticis

75 533 414 588 doctoribusque
447 533 540 574 haec
573 534 953 589 praetermittatur,
986 548 1116 588 quam
1149 533 1319 588 primus
1341 533 1534 574 omnium

75 607 298 648 Lutherus
320 606 495 647 videtur
529 607 753 654 excitasse,
788 607 1079 661 placebatque
1112 606 1166 653 ci,
1202 607 1317 647 utin
1339 606 1537 647 doctrina

74 680 381 726 contineretur,
421 678 500 719 hoc
533 693 623 723 nos,
658 684 871 733 tanquam
911 693 936 718 a
970 678 1210 733 majoribus
1244 684 1533 733 acceptatum,

72 766 156 792 non
197 758 343 792 tamen
384 765 519 806 poena
562 750 854 792 anathematis
889 750 1163 797 credendum,
1198 749 1404 791 fidelibus
1439 764 1536 805 pro-

74 838 247 879 ponere.

131 896 403 938 Theanensis
434 895 656 951 duplicem
684 896 952 937 oblationem
979 895 1296 952 distinguebat,
1320 896 1536 936 internam

75 977 118 1011 et
139 977 378 1019 externam,
413 985 510 1011 cum
545 969 750 1011 Christus
786 970 978 1026 scipsum
1002 970 1125 1011 Patri
1148 969 1345 1017 tradidit,
1371 984 1472 1025 quae
1492 969 1537 1009 in

77 1042 219 1084 Coena
240 1043 324 1084 fuit
344 1042 550 1099 perfecta,
583 1049 807 1084 externam
835 1058 950 1088 vero,
974 1058 1073 1098 quae
1098 1043 1138 1083 in
1164 1042 1304 1083 Cruce
1333 1042 1419 1083 fuit
1441 1056 1535 1083 con-

75 1121 307 1156 summata.

132 1188 628 1242 Quinqueecclesiensis,
659 1188 876 1228 neminem
909 1187 1116 1228 dubitare
1152 1187 1378 1227 Christum
1416 1203 1461 1228 se
1494 1189 1537 1228 in

76 1260 218 1302 Coena
239 1261 462 1307 obtulisse,
496 1259 593 1301 idco
626 1260 750 1307 illud,
782 1267 831 1300 ut
854 1268 1020 1300 certum
1055 1260 1385 1310 affirmandum3
1419 1260 1472 1301 de
1495 1262 1538 1301 vi

75 1340 221 1374 autem
243 1340 286 1374 et
307 1332 495 1373 efficacia
515 1332 763 1379 oblationis,
787 1347 881 1372 cum
909 1332 1036 1373 multi
1069 1340 1332 1388 repugnent,
1365 1334 1427 1375 ita
1449 1341 1491 1374 et
1514 1349 1539 1374 a

74 1412 139 1447 se¹
174 1420 394 1446 assensum
428 1405 755 1446 sustinendum:
789 1420 864 1446 nec
891 1405 990 1446 ideo
1020 1406 1226 1446 sacrificio
1249 1413 1394 1447 nostro
1416 1406 1537 1448 hodi-

75 1495 175 1521 erno
217 1478 422 1535 expiandi
455 1479 541 1519 vim
585 1478 803 1533 abrogari,
843 1494 940 1519 cum
985 1478 1189 1520 Christus
1229 1480 1323 1535 ipsc
1359 1480 1460 1521 licet
1492 1481 1535 1521 in

77 1552 230 1599 Coena,
267 1551 342 1592 sed
371 1566 452 1590 non
487 1550 635 1591 eodem
673 1551 782 1591 forte
816 1550 964 1590 fructu
999 1551 1212 1592 obtulerit
1245 1553 1535 1602 oblationem3

75 1631 218 1666 tamen
253 1639 278 1664 a
307 1623 430 1664 nobis
465 1622 764 1678 peragendum
807 1622 1059 1677 plenissimo
1101 1623 1256 1677 gratiae
1299 1638 1390 1663 suae
1426 1623 1538 1664 dono

76 1697 375 1743 sanctificavit,
390 1694 547 1742 dicens,
568 1696 665 1735 Hoc
688 1694 818 1734 facite
840 1694 883 1734 in
908 1708 1047 1734 meam
1072 1695 1535 1735 commemorationem.

135 1767 433 1824 Legioncnsis‚
458 1767 713 1807 sacrificium
746 1764 790 1805 id
825 1779 878 1805 ex
911 1780 954 1805 sc
988 1764 1193 1820 expiandi
1222 1765 1430 1806 facultate
1452 1781 1536 1806 non

77 1842 276 1889 caruisse,
300 1847 392 1880 tum
417 1855 469 1880 ex
493 1839 712 1880 offerentis
733 1853 929 1894 persona,
954 1845 1048 1879 tum
1085 1853 1138 1879 ex
1168 1853 1213 1878 rc
1243 1838 1404 1887 oblata,
1437 1854 1537 1894 quae

77 1914 232 1955 infiniti
254 1914 412 1954 valoris
434 1913 733 1958 censebantur,
763 1927 847 1952 non
871 1918 1016 1952 tamen
1039 1918 1142 1952 tunc
1166 1911 1395 1952 efficaciter
1416 1913 1536 1967 cxpi-

79 2002 186 2035 asse,
210 1985 286 2027 sed
307 1987 350 2026 in
372 1992 508 2026 morte
531 1985 673 2026 omnia
695 1987 1024 2025 consummasse.

134 2059 343 2099 Lucensis
377 2058 640 2098 oblationem
678 2058 720 2097 in
754 2056 897 2097 Coena
924 2071 1007 2095 non
1044 2069 1220 2110 prorsus
1252 2055 1397 2095 omnia
1417 2054 1537 2096 rede-

79 2132 218 2179 misse,
242 2130 319 2172 sed
341 2130 511 2185 aliquid
544 2131 743 2185 expiasse
773 2128 974 2183 exemplo
998 2128 1204 2183 baptismi
1236 2134 1335 2168 ante
1358 2127 1537 2169 Domini

79 2205 320 2261 passionem
356 2204 560 2259 suscepti,
597 2207 723 2258 cujus
765 2202 827 2242 rei
860 2201 1025 2242 nullam
1068 2201 1290 2241 fortiorem
1325 2201 1536 2242 rationem

80 2293 185 2326 esse,
226 2293 356 2334 quam
399 2292 653 2318 consensum
703 2282 769 2316 tot
810 2275 991 2315 Patrum
1035 2274 1332 2329 praesentium,
1377 2275 1453 2329 qui
1494 2275 1537 2315 id

81 2352 307 2399 affirmant,
340 2358 587 2406 petuntque
621 2350 663 2389 in
694 2348 890 2389 doctrina
918 2347 1140 2403 explicari,
1176 2346 1340 2401 quibus
1375 2347 1538 2402 etipse

81 2425 350 2480 subscripsit.

139 2498 243 2539 Post
262 2497 370 2538 hanc
392 2496 751 2552 disputationem,
787 2509 885 2549 quae
909 2493 1141 2548 plurimam
1165 2490 1415 2531 concionum
1441 2506 1538 2546 par-

83 2579 168 2614 tem
202 2571 445 2627 occupavit,
481 2570 658 2611 fuerunt
691 2575 734 2610 et
768 2567 977 2608 nonnulla
1014 2566 1099 2606 alia
1140 2565 1181 2604 in
1217 2563 1427 2612 doctrina,
1462 2565 1540 2606 sed

84 2642 260 2683 brevius
284 2641 504 2682 adnotata.
560 2641 692 2687 Nam,
717 2639 834 2695 quod
859 2639 913 2680 ad
938 2638 1114 2678 Missam
1141 2635 1456 2691 prohibendam
1485 2651 1539 2678 ne

127 2770 132 2786 ι
159 2759 193 2788 In
218 2759 268 2788 the
294 2759 365 2788 MS.
391 2758 412 2787 it
440 2758 463 2787 is
490 2757 612 2797 plainly
629 2757 690 2786 and
707 2767 739 2785 as
756 2754 1015 2795 c01·rnptly,incl
1034 2762 1103 2782 esse.
1154 2751 1165 2779 1
1186 2750 1263 2780 have
1286 2749 1484 2789 substituted,
1500 2751 1543 2780 ita

84 2813 112 2838 et
127 2819 145 2837 a
159 2819 199 2838 se.
247 2808 312 2838 The
328 2808 432 2837 readm-
450 2808 472 2837 is
488 2812 516 2837 a!
535 2807 643 2845 libs—rt)-
664 2812 693 2835 10
711 2807 750 2835 do
768 2807 869 2835 better.
