1905 3254
370 312 453 352 320
994 330 1106 361 snss.
1134 330 1211 359 vn.

374 448 524 473 sumus
555 448 640 474 non
673 433 811 474 solum
843 435 989 483 auriti,
1013 434 1088 476 sed
1109 436 1241 476 etiam
1265 434 1424 475 oculati
1446 440 1589 483 testes,
1613 442 1664 477 ut
1685 450 1747 482 ea,
1771 435 1826 476 de

374 505 533 559 quibus
552 509 641 559 jam
666 505 742 545 diu
767 507 962 561 coepistis
982 506 1243 555 deliberare,
1277 521 1407 562 quam
1432 506 1684 547 brevissime
1705 514 1825 563 pote-

373 577 442 623 rit,
476 577 724 627 absolvatis,
762 592 847 633 quo
880 579 1009 619 citius
1039 580 1214 634 possitis
1235 579 1288 619 de
1311 579 1448 619 multo
1472 579 1760 633 gravioribuS,
1783 586 1827 620 et

373 649 515 704 magis
537 649 614 689 hoc
636 657 832 704 tempore
854 652 1105 692 necessariis
1137 652 1399 692 sententiam
1435 658 1623 691 vestram
1659 651 1824 700 dicere3

374 728 419 761 et
438 721 506 761 his
527 723 814 763 conventibus
828 722 1147 764 Ecclesiasticis
1167 724 1295 764 finem
1318 724 1554 779 imponere,
1575 723 1629 764 ad
1650 724 1825 764 laudem

374 800 417 834 et
436 793 640 835 honorem
666 795 753 835 Dei
787 795 929 836 Patris
956 796 1280 851 omnipotentis,
1315 798 1496 852 ejusque
1532 795 1612 835 filii
1644 795 1720 835 Dni
1747 796 1817 835 Nri

372 866 403 907 J
407 882 481 907 esu
505 866 681 907 Christi.

430 939 504 979 Ad
524 939 615 979 haec
638 939 1080 981 Jadrensis-—Patres
1103 941 1367 981 commodius
1401 941 1455 980 ad
1487 956 1551 988 ea,
1583 956 1681 996 quae
1715 956 1825 996 opus

372 1011 503 1052 fuerit
524 1026 849 1067 responsurum,
873 1027 1030 1067 cosque
1051 1014 1222 1053 muneri
1246 1028 1326 1053 suo
1348 1027 1431 1053 non
1455 1012 1695 1054 defuturos.

430 1086 517 1126 His
538 1087 740 1141 peractis,
762 1086 1025 1141 dimissoque
1047 1087 1229 1126 Patrum
1257 1101 1468 1133 consessu,
1487 1101 1633 1126 omnes
1652 1087 1826 1128 mirifice

376 1158 652 1214 Lotharingii
673 1160 909 1199 orationem
931 1159 1207 1208 extulerunt3
1234 1159 1471 1214 audivique
1489 1174 1585 1216 ego,
1600 1160 1827 1201 nonnullos

372 1247 531 1288 graves
552 1233 706 1273 Patres
740 1233 999 1272 affirmantes
1021 1247 1065 1272 se
1088 1248 1111 1272 a
1132 1232 1363 1288 lachrymis
1395 1233 1612 1274 abstinere
1644 1248 1728 1274 non
1750 1249 1825 1289 po-

367 1306 513 1353 tuisse,
555 1320 653 1346 cum
694 1306 968 1346 calamitates
1011 1307 1202 1347 Gallicas
1250 1315 1612 1356 commemoraret,
1655 1314 1823 1349 anteac-

371 1385 548 1433 tamque
570 1378 637 1418 sui
660 1379 799 1433 ipsius
821 1385 863 1419 et
891 1379 1074 1419 aliorum
1097 1380 1232 1419 vitam
1265 1387 1495 1420 accusaret.
1558 1380 1664 1422 Fuit
1695 1381 1825 1421 etiam

370 1452 592 1507 responsio
624 1451 869 1498 Mantuani,
903 1458 1033 1506 atque
1064 1451 1095 1492 J
1099 1452 1302 1501 adrensis,
1335 1452 1527 1508 itemque
1559 1468 1698 1494 sermo
1720 1454 1826 1495 Ora-

371 1525 476 1565 toris
507 1524 544 1565 F
548 1524 698 1564 errcrii
731 1524 856 1565 valde
888 1523 1222 1564 commendatus.
1285 1524 1415 1567 Unde
1447 1532 1539 1567 tota
1566 1528 1708 1567 concio
1732 1528 1825 1567 visa

371 1604 436 1638 est
457 1612 507 1638 eo
528 1597 598 1637 die
620 1612 720 1637 suos
739 1611 943 1636 numeros
962 1594 1181 1637 habuisse.

427 1669 545 1709 Inter
565 1668 655 1709 haec
676 1668 906 1708 nunciatus
926 1667 1012 1708 fuit
1029 1669 1174 1708 obitus
1197 1668 1408 1724 Episcopi
1428 1668 1602 1710 Reatini
1623 1670 1705 1711 viri
1726 1670 1822 1712 doc-

370 1741 538 1789 tissimi,
563 1755 692 1796 quem
714 1754 855 1795 nuper
877 1755 930 1780 ex
953 1740 1207 1782 Tridentino
1229 1741 1473 1797 profectum
1487 1743 1530 1783 in
1552 1743 1647 1798 ipso
1668 1744 1822 1785 itinere

369 1815 412 1855 in
434 1814 608 1855 civitate
634 1813 873 1868 Spoletana
893 1812 1018 1853 Deus
1041 1813 1096 1853 ad
1117 1828 1161 1854 se
1184 1820 1427 1855 vocaverat.
1489 1815 1631 1855 Paulo
1660 1822 1758 1856 ante
1779 1822 1823 1857 et

370 1887 620 1942 Episcopus
644 1884 926 1925 Canadiensis
959 1891 1002 1925 et
1034 1885 1190 1925 Abbas
1212 1885 1269 1926 D.
1293 1886 1530 1927 Riccardus
1560 1886 1629 1928 hie
1661 1902 1713 1928 ex
1742 1887 1822 1927 hu-

370 1959 508 1999 manis
538 1964 834 2007 excesserant3
867 1956 944 1997 sed
965 1963 1007 1998 et
1028 1957 1180 1998 eodem
1213 1964 1408 2013 tempore
1441 1959 1628 1999 Molines
1649 1966 1824 2000 senator

371 2029 724 2076 Mediolanensis,
754 2043 851 2069 cum
885 2027 1147 2070 Marchionis
1179 2030 1369 2071 Pescarii
1397 2037 1441 2072 et
1467 2029 1666 2087 Philippi
1688 2031 1823 2087 Regis

369 2103 507 2144 literis
529 2118 629 2144 vere
653 2102 880 2144 Catholico
912 2101 1035 2158 Rege
1068 2102 1212 2158 dignis
1243 2103 1298 2144 ad
1325 2104 1567 2160 Episcopos
1598 2103 1822 2160 Hispanos

368 2176 453 2217 huc
495 2183 742 2224 accesserat,
784 2175 945 2231 quibus
985 2176 1285 2223 monebantur,
1326 2183 1376 2217 ut
1411 2177 1446 2217 si
1477 2177 1585 2232 quid
1621 2192 1646 2217 a
1679 2178 1823 2218 Gallis

368 2256 606 2306 peteretur,
635 2248 752 2305 quod
781 2248 989 2289 adversus
1020 2248 1164 2289 sedem
1197 2250 1495 2305 Apostolicam
1527 2257 1570 2291 et
1601 2265 1819 2291 summum

369 2324 621 2365 Pontificem
655 2328 783 2371 esset,
821 2322 876 2362 ab
908 2321 960 2362 iis
995 2322 1274 2370 abstinerent,
1303 2329 1348 2363 et
1383 2322 1643 2379 dignitatem
1678 2325 1820 2379 Apos-

366 2396 537 2436 tolicam
559 2401 800 2436 tuerentur.

424 2468 649 2508 Nunciata
683 2467 814 2508 etiam
849 2466 1016 2507 interea
1051 2465 1202 2507 electio
1236 2466 1381 2507 fuerat
1416 2466 1712 2508 Maximiliani
1742 2469 1820 2509 filii

369 2541 653 2596 Imperatoris
684 2540 728 2580 in
749 2539 918 2595 Regem
951 2539 1260 2587 Romanorum,
1293 2540 1584 2596 solemnisque
1608 2541 1743 2583 Missa
1764 2543 1820 2583 ab

368 2613 707 2669 Archiepiscopo
747 2612 971 2668 Pragensi,
1014 2612 1194 2668 agendis
1234 2612 1330 2654 Deo
1377 2614 1543 2670 gratiis,
1585 2615 1818 2664 celebrata,

369 2693 499 2742 atque
520 2686 656 2727 oratio
680 2686 736 2727 ab
757 2686 978 2742 Episcopo
1001 2685 1244 2726 Tininiensi
1262 2685 1431 2728 habita.

426 2760 545 2800 Ante
577 2774 679 2800 vero
706 2758 799 2799 haec
830 2764 1042 2813 tempora,
1077 2773 1175 2799 cum
1197 2758 1250 2800 de
1277 2760 1520 2814 quaestione
1552 2761 1817 2802 Sacramenti

371 2830 546 2871 Ordinis
568 2830 864 2886 componenda
884 2831 1059 2879 frustra,
1078 2837 1171 2872 tum
1194 2846 1218 2872 a
1234 2832 1365 2873 Petro
1382 2832 1496 2878 soto,
1515 2838 1608 2873 tum
1631 2833 1687 2874 ab
1710 2833 1817 2878 aliis,
