1905 3254
691 293 801 323 sess.
827 293 870 325 11.
1460 272 1514 314 57

46 397 287 437 necessaria
319 412 411 438 esse
443 398 755 438 existimarent.
822 397 909 438 His
941 413 1043 439 vero
1076 398 1155 453 qui
1187 399 1231 438 in
1264 411 1395 453 opere
1429 395 1508 437 hoc

48 471 207 510 versati
239 478 353 517 sunt,
394 471 556 527 Legati
593 471 845 512 facultatem
884 471 1061 527 legendi
1096 471 1229 512 libros
1265 469 1509 527 prohibitos

48 544 191 585 literis
216 545 385 585 Summi
418 545 655 593 Pontificis‚
680 544 760 586 hac
793 544 847 586 de
870 559 1001 585 eausa
1030 545 1091 585 eis
1122 559 1380 592 concessam,
1404 543 1508 584 sub-

50 615 149 657 inde
171 618 427 659 nominatim
450 618 797 674 impertiverunt.

167 721 397 778 Archieps.
455 722 685 778 Pragcnsis
710 722 870 763 Orator
895 721 1111 762 Caesareae
1136 721 1234 761 MUS-

166 794 422 836 Patriarcha
451 795 751 836 Venetiarum.

166 867 394 923 Archieps.
441 868 701 908 Naxiensis.
767 901 773 907 .
841 900 846 905 .
912 867 1181 923 Ragusinus.

442 941 728 981 Surrentinus
768 974 774 980 .
841 973 847 978 .
912 940 1203 981 Bracarensis.

167 1014 313 1068 Epus.
448 1013 657 1054 Cavensis
674 1013 846 1069 junior.
912 1012 1179 1053 Arianensis.

445 1085 710 1126 Mutinensis
761 1118 768 1124 .
833 1119 840 1125 .
906 1085 1238 1141 Senogaliensis.

450 1160 696 1200 Ovetensis.
763 1192 768 1197 .
836 1192 841 1198 .
907 1159 1150 1200 Ilei-densis.

451 1233 689 1273 Brixiensis
763 1264 768 1270 .
835 1266 841 1272 .
906 1232 1212 1273 Cremonensis
1234 1232 1510 1275 Veronenffls.

169 1305 324 1346 Abbas
442 1305 644 1345 Eutitius
689 1337 695 1343 .
762 1337 768 1342 .
834 1338 841 1344 .
906 1304 1189 1346 Cassinensis.

171 1378 327 1419 Gfialis
446 1378 668 1418 Minorum
688 1377 741 1419 de
763 1378 1053 1418 observantia.

445 1453 746 1493 Eremitarum
774 1453 814 1493 S.
842 1453 1099 1509 Augustini.

257 1553 410 1601 Breve
435 1572 530 1618 quo
554 1555 830 1601 conceditur
858 1554 1061 1615 Legatis.
1102 1554 1182 1600 fol.
1219 1554 1290 1600 13.

112 1648 225 1689 Cum
249 1647 403 1690 deinde
428 1650 582 1690 Patres
599 1650 677 1697 illi,
698 1650 862 1704 quibus
883 1649 1046 1690 decreti
1076 1647 1330 1689 conficiendi
1351 1663 1515 1688 munus

57 1720 210 1761 datum
242 1727 348 1765 erat,
374 1721 416 1761 id
442 1725 532 1776 jam
567 1722 884 1762 communicato
922 1721 1096 1761 consilio
1134 1721 1423 1775 compositum
1459 1720 1515 1760 ad

56 1794 226 1849 legatos
273 1792 544 1841 detulissent,
588 1793 662 1839 illi,
703 1793 914 1834 advocata
951 1794 1163 1839 concione,
1203 1800 1436 1848 antequam
1469 1792 1515 1834 id

59 1881 200 1906 con-am
233 1866 328 1905 aliis
354 1866 540 1921 legatur,
564 1866 874 1922 exemplumve
897 1866 953 1906 ab
988 1865 1054 1905 his
1092 1872 1303 1914 sumatur,
1338 1873 1515 1907 cunctos

60 1946 249 1985 monent,
274 1945 406 1993 atque
429 1938 672 1986 hortantur,
696 1953 749 1979 ne
772 1938 996 1979 decretum
1013 1938 1144 1986 istud,
1169 1945 1212 1978 et
1240 1953 1339 1993 quae
1363 1938 1514 1995 hujus-

60 2013 174 2054 modi
196 2012 377 2069 posthac
399 2020 526 2054 erunt
559 2012 853 2069 proponenda,
885 2027 935 2053 ea
960 2020 1058 2053 ante
1083 2027 1214 2067 quam
1248 2013 1292 2053 in
1318 2013 1516 2053 Sessione

61 2086 398 2142 promulgentur
435 2086 490 2127 ad
522 2087 629 2127 alios
662 2087 867 2142 privatim
901 2085 1119 2140 descripta
1151 2086 1516 2126 transmittantur.

61 2159 255 2200 Primum
286 2161 401 2201 enim
431 2160 595 2216 Synodi
628 2159 936 2201 existimationi
961 2174 1012 2199 eo
1044 2158 1395 2199 honorificentius
1424 2173 1518 2199 con-

63 2233 157 2281 suli,
191 2248 276 2288 quo
305 2234 493 2289 parciUS,
529 2249 628 2288 quae
658 2234 771 2274 inter
804 2248 876 2274 eos
905 2239 1123 2288 geruntur
1157 2233 1340 2272 aliorum
1369 2247 1518 2273 sensus

63 2305 354 2361 notitiamque
385 2313 646 2362 penetrant;
679 2305 835 2347 deinde
859 2305 957 2345 hinc
980 2305 1091 2345 male
1114 2304 1167 2344 de
1192 2305 1324 2345 rebus
1357 2304 1519 2360 Synodi

65 2379 277 2420 sentiendi
301 2395 347 2420 ac
366 2379 633 2435 praedicandi
652 2380 801 2420 multis
816 2379 1077 2420 occasionem
1102 2378 1211 2425 dari,
1231 2379 1310 2433 qui
1330 2377 1436 2426 haec,
1452 2379 1518 2419 uti

66 2450 263 2493 absoluta
295 2459 337 2493 et
369 2452 594 2492 elaborata
625 2452 765 2493 emitti
798 2452 1109 2498 existimantes,
1145 2466 1196 2491 ea
1225 2451 1371 2491 statim
1409 2466 1518 2491 com-

66 2525 405 2566 mentationibus
456 2525 659 2572 illudunt,
698 2540 744 2566 ac
776 2532 1036 2580 proterunt3
1079 2540 1178 2580 quae
1212 2531 1356 2565 tamen
1395 2523 1523 2564 rudia

67 2604 166 2637 sunt
202 2605 375 2638 tantum
411 2605 455 2639 et
491 2597 714 2638 inchoata:
750 2605 799 2637 ut
830 2598 966 2653 igitur
1003 2597 1080 2637 hoc
1115 2611 1264 2637 eorum
1300 2597 1519 2637 memoriae

69 2671 259 2712 tenacius
300 2672 481 2712 infixum
525 2670 707 2718 haereat,
754 2670 961 2711 mandant
1013 2670 1266 2717 Secretario,
1309 2677 1359 2711 ut
1400 2670 1520 2711 lectis

70 2742 246 2784 Decreti
270 2744 411 2784 verbis
434 2759 485 2784 ea
518 2744 648 2785 etiam
675 2743 930 2798 subjungat,
969 2758 1069 2797 qua·
1108 2742 1277 2796 scriptis
1313 2741 1521 2783 mandata

71 2822 305 2869 acceperat.
353 2815 479 2856 Tunc
497 2815 767 2856 secretarius.
