1905 3254
327 268 409 308 223
955 283 1067 314 SEss.
1096 283 1154 312 vi.

334 391 446 431 enim
480 389 636 431 horum
669 404 903 446 regnorum
937 405 983 430 ac
1007 389 1330 445 provinciarum
1350 394 1550 437 oratores,
1579 386 1786 443 quemad-

334 462 510 503 modum
531 463 575 503 in
598 463 790 504 Concilio
817 462 1049 503 Basiliensi
1081 462 1244 502 factum
1277 468 1354 509 est,
1386 475 1470 501 non
1504 460 1674 509 adsunt,
1710 460 1788 516 qui

333 534 425 576 haec
448 536 686 591 postulent,
709 535 784 576 sed
804 535 913 576 illud
934 535 1100 583 scitote,
1129 535 1177 575 P.
1203 535 1244 574 S.
1272 549 1358 574 non
1390 549 1481 574 esse
1512 533 1669 589 Regna
1698 532 1789 574 haec

337 615 414 649 aut
434 609 618 664 integra,
642 616 718 650 aut
739 616 919 664 propter
941 615 1006 649 tot
1026 607 1243 648 haeresum
1260 607 1421 648 fluctus
1443 607 1487 646 in
1509 621 1559 647 eo
1582 612 1714 653 statu,
1738 611 1790 646 ut

336 681 436 722 inde
458 683 649 738 publicae
670 683 915 738 legationes
931 680 1211 737 expectandae
1225 681 1322 720 sint.
1359 679 1611 728 Intercedit,
1627 685 1677 720 ut
1689 678 1790 719 olim

337 754 482 794 Moses
503 769 581 810 pro
604 761 694 795 toto
714 754 893 810 popuIQ
916 755 980 795 ita
1000 769 1115 794 nunc
1137 769 1217 809 pro
1250 754 1338 794 suis
1364 752 1614 794 hominibus
1645 751 1789 807 Impe-

336 834 464 868 rator.
528 827 658 877 Quod
690 827 886 869 nationes
915 827 1004 867 illae
1040 827 1270 875 universae,
1304 827 1340 867 si
1375 833 1564 881 possent,
1596 840 1683 866 uno
1718 839 1790 865 ore

335 900 557 941 nobiscum
581 907 775 956 agerent,
809 901 901 955 agit
922 915 1036 940 unus
1058 914 1206 940 earum
1229 899 1420 954 optimus
1442 905 1485 939 et
1508 897 1790 953 prudentissi·

336 987 433 1012 mus
453 972 668 1028 princep5,
691 980 736 1013 et
757 979 1003 1013 vestrarum
1031 972 1226 1027 partium
1256 970 1610 1012 studiosissimus.
1663 970 1792 1020 Quae·

335 1052 431 1086 rent
452 1045 630 1086 fortasse
653 1045 739 1094 alii,
763 1061 837 1086 cur
858 1045 904 1086 id
926 1061 951 1086 a
966 1045 1176 1086 Pontifice
1194 1043 1390 1085 Maximo
1407 1059 1492 1085 non
1508 1043 1793 1099 postulatur?

339 1119 503 1174 quibus
538 1119 861 1175 respondemus,
900 1119 1130 1159 Summum
1163 1118 1307 1174 ipsum
1344 1119 1611 1169 Pontificem,
1648 1133 1673 1158 a
1706 1132 1794 1173 quo

339 1192 562 1248 superiore
585 1207 693 1233 anno
715 1192 761 1232 id
782 1193 969 1247 petitum
992 1191 1089 1238 fuit,
1118 1191 1180 1232 rei
1199 1190 1331 1247 hujus
1355 1190 1717 1232 deliberationem
1740 1190 1795 1231 ad

340 1264 583 1305 Concilium
605 1265 817 1320 rejecisse,
841 1272 936 1306 tum
958 1265 1062 1319 quia
1079 1279 1169 1305 rem
1191 1265 1406 1305 communi
1426 1265 1561 1305 Prum
1580 1263 1796 1304 sententia

340 1336 557 1377 decretam
581 1338 813 1394 gratiorem
847 1337 933 1377 illis
958 1337 1211 1378 nationibus
1244 1338 1424 1393 putavit
1456 1337 1666 1385 futuram,
1703 1343 1796 1377 tum

341 1417 389 1451 ut
411 1410 587 1466 quando
608 1426 689 1466 per
711 1410 952 1451 Concilium
975 1410 1305 1451 Constantiense
1328 1410 1602 1466 prohibitum
1633 1410 1677 1450 id
1708 1410 1795 1465 pri-

340 1498 459 1524 mum
490 1483 575 1524 fuit
609 1499 688 1539 per
721 1484 924 1540 generale
956 1483 1076 1524 aliud
1099 1484 1346 1524 Concilium
1367 1498 1481 1523 nunc
1502 1483 1676 1524 demum
1696 1498 1796 1538 per-

342 1557 615 1606 mitteretur3
651 1557 781 1597 simul
814 1564 857 1598 et
885 1557 998 1598 illud
1031 1557 1368 1613 prudentissime
1399 1556 1622 1612 spectavit,
1656 1563 1707 1596 ut
1734 1562 1799 1597 tot

342 1629 577 1669 conciliatis
612 1644 692 1684 per
726 1644 801 1669 nos
837 1630 1002 1678 animis,
1039 1629 1284 1670 Concilium
1321 1643 1420 1669 vere
1454 1628 1612 1670 haberi
1651 1644 1799 1671 omnes

341 1701 658 1757 intelligerent.
719 1701 870 1743 Unum
893 1709 957 1743 est
980 1702 1100 1758 quod
1120 1702 1320 1758 petitioni
1340 1701 1443 1742 huic
1465 1702 1653 1742 maxime
1676 1702 1795 1743 vide-

342 1780 414 1814 tur
436 1772 682 1813 adversari:
715 1774 939 1830 sanguinis
960 1774 1195 1815 consecrati
1216 1775 1399 1815 timetur
1430 1774 1595 1822 effusio,
1625 1781 1668 1815 et
1701 1775 1798 1830 qui-

343 1845 440 1886 dem
471 1851 585 1885 recte
598 1862 609 1894 ,
644 1844 731 1894 sed,
764 1860 818 1886 ne
843 1845 951 1901 quid
970 1845 1222 1902 hujusmodi
1246 1846 1413 1887 accidat
1433 1847 1652 1888 curabunt
1671 1848 1802 1903 Epis·

345 1920 441 1975 copi
481 1927 525 1960 et
565 1919 752 1961 Parochi
792 1920 1132 1977 diligentissime.
1196 1921 1250 1962 In
1285 1921 1458 1963 duobus
1495 1929 1642 1963 autem
1676 1922 1802 1962 malis

345 2008 443 2033 cum
475 1992 735 2048 fugiendum
776 1995 919 2049 majus
955 2000 1033 2041 est,
1067 1994 1212 2034 minus
1252 2001 1317 2035 est
1358 1995 1618 2050 eligendum.
1681 1994 1800 2035 Hinc

345 2072 460 2106 certa
495 2066 737 2106 multarum
774 2067 1105 2107 provinciarum
1137 2068 1273 2122 quieS,
1307 2068 1437 2118 salus,
1458 2068 1756 2124 tranquillitas
1777 2083 1802 2109 a

344 2145 491 2178 nostra
513 2139 609 2188 fide,
633 2153 793 2194 magna
820 2138 919 2179 fidei
951 2138 1191 2180 Catholicae
1213 2141 1511 2198 propagandae
1544 2157 1667 2198 spes3
1701 2142 1803 2183 alie-

346 2211 465 2250 natio
500 2217 634 2266 atque
670 2211 870 2259 defectio,
903 2226 1064 2267 magna
1095 2226 1241 2252 rerum
1266 2213 1588 2254 Germanarum
1610 2213 1802 2255 confusio

349 2298 395 2322 ac
432 2283 734 2338 perturbatio3
776 2283 875 2324 hinc
909 2283 1087 2339 aliquod
1121 2284 1341 2340 sacrilegii
1379 2284 1624 2344 periculum
1661 2291 1803 2325 osten-

347 2355 478 2403 ditur,
504 2356 620 2411 quod
640 2356 744 2397 licet
766 2356 868 2396 vitae
889 2356 972 2412 ipsi
994 2357 1148 2397 merito
1170 2358 1526 2413 anteponendum
1548 2358 1614 2406 sit,
1643 2364 1802 2405 tamen,

348 2429 522 2484 quando
544 2429 748 2470 Christus
769 2428 865 2469 Dns
895 2429 964 2469 Νι·
991 2436 1056 2470 ῖοῖ
1077 2429 1251 2471 labores
1272 2437 1315 2472 et
1336 2432 1553 2472 cruciatus
1573 2433 1802 2479 sustinere,

348 2510 392 2542 et
414 2517 541 2542 suum
562 2503 807 2558 preciosum
830 2503 1085 2558 sanguinem
1108 2503 1344 2553 effundere,
1371 2511 1420 2546 ut
1438 2519 1516 2546 nos
1537 2520 1562 2546 a
1581 2512 1719 2546 morte
1740 2519 1803 2545 re-

349 2574 544 2623 dimeret,
568 2582 709 2616 totum
732 2575 885 2624 voluit,
909 2590 987 2631 pro
1010 2583 1126 2617 certo
1149 2575 1400 2617 habendum
1423 2585 1500 2625 est,
1524 2593 1621 2618 cum
1645 2580 1805 2620 anima-

348 2662 447 2688 rum
479 2648 595 2688 salus
627 2655 820 2696 curatur,
857 2648 966 2689 nihil
989 2648 1108 2704 quod
1135 2648 1323 2690 humana
1359 2651 1660 2693 imbecillitate
1694 2667 1804 2693 com-

349 2720 537 2761 mittitur
557 2721 597 2761 ei
619 2736 887 2777 magnopere
909 2721 1149 2777 displicere.
1214 2723 1338 2772 Quae,
1362 2739 1458 2764 cum
1479 2725 1540 2765 ita
1561 2725 1658 2773 sint,
1682 2725 1730 2766 P.
1747 2726 1802 2767 A.

348 2798 512 2833 tantam
530 2792 584 2833 de
597 2793 704 2834 Ecc³
724 2793 952 2835 Catholica
965 2795 1075 2836 bene
1089 2795 1283 2836 merendi
1299 2796 1559 2838 occasionem
1575 2797 1805 2852 agnoscite,
