1905 3254
701 283 809 315 sess.
835 284 880 314 11.
1469 270 1518 309 41

117 389 575 430 Arianensis-—omnia
600 389 749 445 perfici
779 404 919 445 posse,
948 389 1151 445 quamvis
1179 388 1381 437 difficilia,
1417 388 1521 429 dum

56 469 226 505 tantum
267 463 392 504 nobis
430 463 536 519 ipsis
571 477 654 503 non
690 462 897 511 desimus,
931 478 1029 504 cum
1072 463 1194 504 Deus
1226 463 1322 519 pias
1357 469 1522 504 mentes

55 551 281 592 nunquam
317 535 536 578 destituat.
598 535 840 591 Eligendos
862 551 952 577 esse
975 551 1071 577 cum
1106 537 1314 578 Patribus
1348 537 1522 593 aliquos

56 625 110 651 ex
129 610 182 650 iis
203 610 322 661 viris,
354 610 430 666 qui
449 610 552 650 olim
575 624 600 650 a
621 609 761 650 Paulo
783 609 849 650 IV
871 609 1058 650 adhibiti
1090 609 1270 651 fuerunt
1303 610 1346 650 in
1368 610 1521 652 Indice

54 683 131 724 illo
162 682 471 738 componendo,
507 688 558 723 ut
588 683 798 723 rationem
834 682 1017 723 afferant
1054 698 1246 724 censurae
1283 683 1418 734 illius,
1453 683 1524 724 vel

56 756 386 811 significandum
414 755 460 796 id
483 756 776 805 Sanctissimo,
809 762 860 797 ut
890 756 925 796 si
953 771 1063 811 quas
1094 771 1227 812 penes
1257 771 1302 798 sc
1333 757 1522 798 rationes

55 830 189 872 habet
209 830 309 871 olim
343 830 398 871 ab
428 830 516 870 illis
547 830 827 886 excogitatas,
865 844 936 871 eas
958 830 1168 871 Patribus
1189 830 1434 887 depromat,
1472 839 1523 875 ut

54 904 193 945 tutius
231 905 460 961 negotium
501 903 833 960 aggrediantur.
911 904 1067 954 Quoad
1114 904 1244 947 fidem
1284 905 1520 961 publicam,

56 990 149 1016 eam
172 975 350 1031 quidem
373 975 689 1018 concedendam
706 993 717 1026 3
750 975 826 1017 sed
855 976 1094 1018 cavendum
1128 991 1181 1018 ne
1210 977 1276 1017 illi
1308 993 1352 1018 se
1384 977 1521 1018 haerc-

55 1049 162 1090 ticos
182 1064 296 1090 nunc
316 1050 531 1090 nominari
553 1065 670 1105 aegre
692 1049 848 1098 ferant,
870 1050 1017 1106 potius
1037 1049 1276 1091 hortandos
1296 1066 1408 1092 nunc
1429 1066 1522 1092 esse

56 1122 341 1172 familiariter,
359 1129 523 1178 postea,
545 1123 580 1163 si
601 1123 842 1170 renuerint,
860 1122 1090 1179 judiciario
1108 1124 1239 1164 etiam
1256 1124 1404 1165 ordine
1425 1139 1521 1180 pro-

56 1194 281 1236 vocandos.

113 1267 333 1308 Pactensis
354 1267 603 1323 Episcopus
631 1268 932 1309 Bartolomeus
970 1268 1254 1310 Sebastianus
1289 1268 1522 1326 Hispanus

57 1354 200 1380 —non
234 1355 325 1381 esse
357 1339 464 1381 adeo
498 1340 672 1381 difficile
706 1340 784 1381 hoc
810 1341 1047 1396 negotium.
1083 1356 1183 1383 nam
1217 1349 1311 1384 tum
1344 1343 1520 1384 sedente

55 1413 195 1454 Paulo
218 1412 283 1454 IV
306 1413 434 1469 pauci
469 1412 515 1454 id
537 1413 618 1454 viri
641 1413 804 1469 exequi
835 1420 1090 1468 potuerunt,
1125 1430 1201 1455 cur
1234 1430 1317 1456 non
1348 1416 1520 1457 facilius

54 1501 166 1527 nunc
189 1493 348 1527 sanctae
373 1485 546 1542 Synodo
568 1486 612 1527 id
634 1486 813 1527 liceret?
874 1487 1005 1528 Posse
1037 1487 1172 1528 libros
1204 1503 1351 1530 omnes
1372 1489 1448 1545 qui
1477 1490 1521 1530 in

55 1560 255 1615 quolibet
276 1559 422 1601 Indice
443 1566 545 1601 sunt
566 1560 865 1616 comprehensi
884 1559 939 1600 ad
959 1561 1155 1616 quinque
1177 1562 1334 1603 classes
1356 1562 1518 1619 redigi:

55 1631 261 1680 Primam,
307 1631 626 1681 haereticorum,
674 1639 717 1674 et
757 1631 834 1673 hos
870 1633 1212 1674 comburendos:
1261 1634 1519 1685 Secundam,

55 1718 218 1752 eorum,
241 1704 319 1759 qui
339 1703 491 1744 incerti
513 1704 707 1745 authoris
728 1711 840 1753 sunt,
874 1711 917 1746 et
939 1704 1029 1752 hos,
1052 1705 1087 1745 si
1109 1706 1235 1760 probi
1257 1706 1356 1754 sint,
1380 1707 1518 1748 fercn-

54 1775 154 1816 dos:
179 1776 263 1823 3³⁸²,
281 1791 441 1825 eorum,
465 1777 542 1831 qui
563 1776 778 1818 admixtos
799 1777 968 1832 aliquos
989 1792 1156 1819 errores
1176 1778 1353 1827 habent,
1377 1786 1421 1820 et
1443 1779 1520 1821 hos

57 1848 364 1891 secernendos:
395 1850 494 1897 42¹m,
517 1849 730 1891 librorum
756 1850 935 1906 vulgari
967 1865 1174 1899 sermone,
1209 1859 1252 1893 et
1273 1852 1315 1893 in
1338 1852 1404 1894 his
1428 1869 1518 1894 vcr-

59 1922 196 1963 siones
217 1921 394 1978 quidem
418 1923 780 1978 Evangeliorum,
804 1930 847 1964 et
870 1923 1143 1978 quorundam
1166 1938 1344 1979 precum
1367 1925 1518 1967 Eccle-

56 1995 130 2036 siae
163 1992 523 2052 frequentiorum,
547 1998 582 2037 si
604 1997 687 2037 sint
708 1996 897 2037 fideliter
918 1997 1155 2046 translatae,
1188 1999 1516 2053 permittendas,

57 2074 232 2109 caeteras
266 2069 610 2111 interdicendas:
645 2072 741 2118 5²³m,
765 2070 978 2110 librorum
1001 2070 1054 2111 dc
1077 2071 1322 2127 sortilegiis,
1358 2074 1516 2130 magia,

57 2144 362 2192 necromantia,
387 2151 430 2185 et
451 2144 671 2193 similium,
696 2151 739 2185 et
760 2144 837 2185 hos
858 2143 1137 2185 damnandos.

115 2216 472 2259 Mutinensis—si
511 2218 564 2260 de
606 2218 809 2259 omnibus
849 2219 892 2258 in
930 2218 1183 2259 universum
1235 2219 1360 2261 libris
1405 2228 1518 2262 esset

60 2289 290 2346 agendum,
333 2306 415 2347 ego
461 2294 561 2333 sane
602 2291 681 2333 hoc
720 2293 848 2333 nimis
890 2291 1090 2340 arduum,
1146 2299 1190 2333 et
1240 2293 1329 2334 fere
1380 2309 1515 2351 supra

58 2362 277 2405 hominum
315 2365 427 2407 vires
462 2381 552 2407 esse
593 2381 835 2415 censerem3
870 2372 1082 2421 quantum
1131 2372 1276 2407 autem
1324 2375 1514 2409 mentem

62 2436 286 2480 Sanctissmi
305 2439 374 2480 nri
407 2455 500 2481 eam
537 2456 630 2482 esse
662 2440 890 2496 perspicio,
928 2446 978 2480 ut
1011 2439 1203 2481 Iudicem
1237 2447 1407 2481 tantum
1431 2441 1516 2482 Ro-

60 2526 233 2554 manum
269 2521 606 2569 perscrutemur,
647 2529 732 2555 non
769 2514 956 2555 diffiteor
990 2513 1166 2568 quidem
1200 2520 1243 2554 et
1283 2513 1328 2554 id
1367 2515 1512 2569 ipsum

61 2582 198 2625 videri
231 2584 509 2640 perdifficile3
542 2585 616 2627 sed
633 2592 803 2627 tantum
844 2585 892 2641 [?]
931 2585 1072 2626 multa
1103 2585 1209 2626 mihi
1244 2586 1287 2625 in
1323 2592 1512 2627 mentem

62 2657 241 2698 veniunt
271 2658 471 2699 adhiberi
503 2673 642 2714 posse,
676 2674 775 2714 quae
810 2659 1049 2714 planiorem
1086 2659 1223 2706 nobis,
1256 2665 1305 2700 ut
1340 2674 1513 2700 cursum

63 2726 175 2769 hunc
215 2731 506 2778 conficiamus,
548 2730 717 2772 aditum
759 2731 1037 2786 patefacient.
1113 2730 1225 2771 Cum
1260 2731 1398 2785 igitur
1437 2731 1516 2772 hoc

64 2798 160 2841 Illmi
181 2802 310 2844 etiam
333 2803 495 2859 Legati
517 2811 684 2859 petant,
718 2810 768 2845 ut
790 2803 930 2845 facilis
951 2803 1102 2858 aliqua
1123 2818 1147 2844 a
1175 2803 1381 2844 Patribus
1402 2804 1513 2845 ratio
