1905 3254
689 288 802 319 5Ε55.
830 291 893 321 111.
1439 287 1518 327 109

56 605 187 646 etiam
223 622 248 648 a
280 610 544 664 quibusdam
581 615 810 657 excitatam
847 622 1192 665 constantissime
1234 629 1512 683 rejecerunt?

55 675 215 720 Videte
245 695 358 723 nunc
391 684 434 724 in
468 686 582 740 quod
613 687 840 731 discrimen
872 692 1142 748 Synodorum
1165 697 1341 743 decreta
1368 706 1512 747 onmia

0 802 2 807 λ
56 738 296 803 adducatis,
320 763 370 796 ut
393 764 535 799 vestro
556 759 634 801 hoc
666 765 865 820 exemplo
886 767 1067 821 posthac
1099 774 1325 826 praeterita
1357 787 1511 821 cuncta

0 811 2 869 ἶ
55 829 263 880 tanquam
300 829 554 885 imperfecta
586 833 714 877 liceat
750 852 961 895 arguere:
995 842 1080 884 imo
1110 860 1212 887 vero
1244 847 1399 892 dehinc
1430 853 1507 893 im-

0 914 5 936 :
54 911 173 953 pune
194 898 258 941 fas
279 901 334 942 sit
355 905 573 956 omnibus,
605 908 807 951 Summos
827 912 943 968 ipsos
964 914 1201 960 Pontifices
1225 923 1338 977 juris
1369 924 1508 968 divini

0 985 5 999 ·-
52 977 372 1028 contemptores
392 978 626 1032 appellare,
650 990 870 1039 quotquot
893 986 1034 1029 adhuc
1062 990 1305 1049 Episcopos
1336 997 1392 1038 ad
1424 999 1507 1040 Ec-

0 1038 2 1049 *
51 1042 201 1085 clesias
235 1061 336 1088 suas
374 1064 459 1090 non
494 1053 642 1093 statim
678 1059 997 1113 compulerunt.
1063 1064 1172 1106 Inde
1208 1068 1338 1109 etiam
1377 1085 1506 1113 unus-

0 1166 1 1175 *
49 1117 235 1173 quisque
268 1135 346 1161 suo
371 1124 472 1178 jure
505 1127 641 1181 possit
674 1132 958 1187 quamplures
984 1151 1133 1179 eorum
1163 1143 1503 1195 constitutiones,

0 1240 1 1246 ἵ
50 1190 212 1246 quibus
251 1202 349 1250 post
382 1195 605 1240 hominum
645 1206 896 1247 memoriam
932 1209 1129 1252 Ecclesia
1161 1222 1225 1255 est
1258 1231 1349 1265 usa,
1392 1234 1504 1262 nunc

0 1317 1 1325 ἵ
50 1269 92 1304 et
120 1266 214 1320 juri
244 1266 394 1310 divino
425 1273 659 1314 contrarias
690 1275 924 1334 irritasque
961 1286 1263 1337 pronunciare,
1298 1297 1354 1339 ct,
1387 1293 1505 1348 quod

0 1370 5 1383 ,
47 1336 278 1379 ridiculum
301 1348 379 1390 cst,
410 1347 501 1398 J'am
535 1356 782 1391 senescente
811 1353 984 1402 mundo,
1007 1371 1122 1399 nunc
1144 1361 1333 1414 primum
1357 1364 1504 1421 incipi—

0 1407 1 1428 ³
47 1419 120 1454 ent
143 1413 409 1457 Sanctissimi
440 1419 670 1462 Pontifices
702 1430 835 1479 atquc
869 1427 1081 1486 Episcopi
1109 1436 1301 1476 muneris
1328 1439 1396 1479 sui
1417 1439 1501 1481 dis-

0 1475 2 1486 '
46 1500 138 1527 cere
159 1488 385 1532 rationem.
448 1492 684 1549 Equidem,
708 1512 796 1553 quo
820 1503 1031 1544 attentius
1063 1520 1228 1548 mecum
1253 1516 1387 1552 totam
1410 1528 1500 1555 rem

0 1544 2 1619 ἰ
44 1560 257 1615 expendO,
276 1577 324 1604 eo
343 1566 525 1606 certiora
543 1567 646 1608 mihi
669 1584 714 1610 se
737 1571 926 1614 offerunt
948 1577 1157 1629 pericula,
1182 1594 1281 1634 quae
1304 1590 1499 1627 vestrum

42 1629 120 1673 hoc
141 1635 364 1676 consilium
399 1638 784 1698 subsequerentur.
850 1645 963 1686 Cum
996 1650 1108 1690 enim
1141 1654 1403 1707 postuletur,
1426 1672 1499 1698 cx-

43 1703 193 1760 plicari
234 1707 312 1748 hoc
346 1711 461 1765 juris
494 1711 630 1753 divini
667 1730 758 1756 csse
795 1727 1083 1775 praeceptum,
1118 1726 1244 1778 quasi
1278 1741 1361 1768 non
1394 1730 1500 1770 satis

0 1759 2 1769 ,
40 1776 257 1820 Pontificii
280 1781 478 1825 Canones
499 1784 633 1842 hujus
648 1789 710 1828 rei
728 1796 855 1830 antea
872 1795 1190 1847 prospexerint,
1208 1798 1313 1852 quid
1330 1803 1499 1856 gratius

37 1849 184 1906 impiis
200 1853 459 1897 adversariis
478 1860 636 1900 nostris
657 1859 735 1902 hoc
754 1877 839 1903 uno
855 1864 1046 1906 accidere
1064 1881 1188 1922 posse
1210 1871 1496 1926 arbitramini,

40 1924 114 1980 qui
135 1924 282 1968 divina
313 1929 448 1971 verba
480 1932 618 1973 solum
651 1935 814 1983 extolli,
849 1937 1056 1980 Ecclesiae
1091 1948 1238 1984 autem
1272 1957 1495 2005 przccepta

39 2000 212 2041 omnino
233 2003 418 2059 eupiunt
440 2007 710 2049 conculcari?
771 2010 889 2059 Quid
911 2013 1103 2054 crebrius
1140 2017 1264 2058 nobis
1295 2020 1356 2061 illi
1385 2023 1494 2079 obji-

39 2071 170 2123 ciunt,
195 2089 327 2131 quam
350 2078 573 2121 Pontificis
602 2081 756 2123 Nostri
787 2083 971 2125 Maximi
1005 2088 1247 2132 sanctiones
1281 2099 1492 2152 tanquam

37 2142 246 2188 humanas
266 2163 351 2190 non
373 2151 729 2203 extimescendas,
762 2156 931 2198 divinas
964 2174 1065 2200 vero
1088 2176 1212 2204 voces
1244 2166 1381 2208 solum
1405 2185 1492 2211 am-

0 2214 1 2221 *
37 2217 314 2274 plectandas?
357 2225 577 2268 Parumve
600 2236 677 2276 est,
693 2237 742 2270 ut
758 2229 850 2270 haec
867 2230 1170 2276 haereticorum
1192 2237 1234 2278 in
1251 2238 1491 2286 Ecclesiam

38 2289 305 2337 catholicam
328 2298 559 2349 calumnia,
585 2301 765 2343 Concilii
789 2304 1062 2348 (Ecumcnici
1085 2309 1351 2356 authoritate
1371 2317 1490 2359 vide-

38 2371 136 2406 atur
167 2371 475 2426 comprobari?
537 2375 655 2425 Quot
689 2385 906 2432 practerea
946 2379 1026 2421 hac
1067 2384 1286 2426 occasione
1320 2387 1491 2432 futuros

36 2439 212 2493 putatis,
250 2444 325 2498 qui
362 2445 403 2485 in
444 2453 682 2502 posterum,
725 2466 777 2492 ca
817 2453 949 2494 ctiam
982 2470 1081 2510 quac
1123 2459 1347 2515 praecipua
1386 2472 1489 2506 sunt

0 2535 1 2539 =
36 2510 267 2556 Pontificiae
299 2517 578 2562 authoritatis
610 2523 692 2563 sibi
726 2524 768 2564 in
803 2525 974 2567 Diocesi
1008 2542 1087 2569 sua
1119 2529 1258 2572 libere
1290 2547 1488 2579 exercere

27 2583 100 2638 jus
120 2599 210 2628 esse
231 2591 503 2640 contendent,
527 2601 735 2651 tanquam
760 2597 852 2639 ha=c
876 2602 1043 2641 muneri
1075 2617 1152 2643 suo
1173 2611 1328 2659 sponte
1349 2608 1485 2651 cohae-

31 2664 164 2708 reant,
187 2661 304 2715 quod
325 2663 407 2704 sibi
429 2666 529 2721 jure
551 2667 700 2710 divino
723 2670 931 2712 traditum
952 2690 961 2722 3
996 2672 1093 2713 idco
1122 2674 1357 2719 Pontificiis
1377 2680 1484 2738 legi-

35 2727 117 2771 bus
145 2746 226 2774 non
253 2735 308 2776 sit
328 2736 371 2777 in
402 2739 534 2781 rebus
567 2739 819 2797 huJusmodi
852 2745 1132 2801 subjectum?
1194 2748 1334 2798 Quam
1357 2755 1484 2797 multi

35 2815 86 2843 ex
107 2818 239 2862 grege
261 2809 385 2849 nobis
417 2814 640 2855 commisso
672 2816 967 2865 invenientur,
993 2819 1080 2873 qui,
1106 2827 1153 2861 ut
1176 2835 1292 2877 swpe
1314 2834 1417 2868 sunt
1440 2829 1481 2870 in
