<?xml version="1.0" encoding="UTF-8"?>
<!DOCTYPE html PUBLIC "-//W3C//DTD XHTML 1.0 Transitional//EN"
    "http://www.w3.org/TR/xhtml1/DTD/xhtml1-transitional.dtd">
<html xmlns="http://www.w3.org/1999/xhtml" xml:lang="en" lang="en">
 <head>
  <title>
</title>
<meta http-equiv="Content-Type" content="text/html;charset=utf-8" />
  <meta name='ocr-system' content='tesseract 3.04.00' />
  <meta name='ocr-capabilities' content='ocr_page ocr_carea ocr_par ocr_line ocrx_word'/>
</head>
<body>
  <div class='ocr_page' id='page_1' title='image "actaconciliitrid00paleuoft_0809.png"; bbox 0 0 1905 3254; ppageno 0'>
   <div class='ocr_carea' id='block_1_1' title="bbox 658 268 1497 310">
    <p class='ocr_par' dir='ltr' id='par_1_1' title="bbox 658 268 1497 310">
     <span class='ocr_line' id='line_1_1' title="bbox 658 268 1497 310; baseline 0 0"><span class='ocrx_word' id='word_1_1' title='bbox 658 281 772 310; x_wconf 66' lang='lat' dir='ltr'>sess.</span> <span class='ocrx_word' id='word_1_2' title='bbox 800 281 876 310; x_wconf 83' lang='lat' dir='ltr'>vn.</span> <span class='ocrx_word' id='word_1_3' title='bbox 1414 268 1497 310; x_wconf 84' lang='grc'>587</span> 
     </span>
    </p>
   </div>
   <div class='ocr_carea' id='block_1_2' title="bbox 0 387 1510 2793">
    <p class='ocr_par' dir='ltr' id='par_1_2' title="bbox 0 387 1494 583">
     <span class='ocr_line' id='line_1_2' title="bbox 41 387 1494 443; baseline 0.003 -14"><span class='ocrx_word' id='word_1_4' title='bbox 41 389 170 429; x_wconf 85' lang='lat' dir='ltr'>liceat</span> <span class='ocrx_word' id='word_1_5' title='bbox 204 387 438 443; x_wconf 88' lang='lat' dir='ltr'>Episcopis</span> <span class='ocrx_word' id='word_1_6' title='bbox 469 387 620 429; x_wconf 88' lang='lat' dir='ltr'>abesse</span> <span class='ocrx_word' id='word_1_7' title='bbox 648 404 701 429; x_wconf 84' lang='lat' dir='ltr'>ex</span> <span class='ocrx_word' id='word_1_8' title='bbox 739 404 868 430; x_wconf 86' lang='lat' dir='ltr'>causa</span> <span class='ocrx_word' id='word_1_9' title='bbox 895 391 1133 433; x_wconf 87' lang='lat' dir='ltr'>neccssaria</span> <span class='ocrx_word' id='word_1_10' title='bbox 1158 407 1183 432; x_wconf 90' lang='lat' dir='ltr'>a</span> <span class='ocrx_word' id='word_1_11' title='bbox 1214 407 1294 433; x_wconf 86' lang='lat' dir='ltr'>sua</span> <span class='ocrx_word' id='word_1_12' title='bbox 1318 392 1494 434; x_wconf 87' lang='lat' dir='ltr'>dioecesi</span> 
     </span>
     <span class='ocr_line' id='line_1_3' title="bbox 0 459 1493 517; baseline 0.001 -15"><span class='ocrx_word' id='word_1_13' title='bbox 0 499 6 505; x_wconf 82' lang='lat'>.</span> <span class='ocrx_word' id='word_1_14' title='bbox 41 459 391 516; x_wconf 85' lang='lat' dir='ltr'>absquelicentia</span> <span class='ocrx_word' id='word_1_15' title='bbox 412 459 743 516; x_wconf 88' lang='lat' dir='ltr'>Metropolitani</span> <span class='ocrx_word' id='word_1_16' title='bbox 759 468 803 502; x_wconf 92' lang='lat' dir='ltr'>et</span> <span class='ocrx_word' id='word_1_17' title='bbox 821 461 969 516; x_wconf 80' lang='lat' dir='ltr'>Papae.</span> <span class='ocrx_word' id='word_1_18' title='bbox 1033 462 1086 502; x_wconf 94' lang='lat' dir='ltr'>In</span> <span class='ocrx_word' id='word_1_19' title='bbox 1101 463 1288 517; x_wconf 90' lang='lat' dir='ltr'>septimo</span> <span class='ocrx_word' id='word_1_20' title='bbox 1306 462 1493 510; x_wconf 89' lang='lat' dir='ltr'>Canone,</span> 
     </span>
     <span class='ocr_line' id='line_1_4' title="bbox 43 533 1494 583; baseline 0.002 -8"><span class='ocrx_word' id='word_1_21' title='bbox 43 534 120 575; x_wconf 87' lang='lat' dir='ltr'>ubi</span> <span class='ocrx_word' id='word_1_22' title='bbox 142 533 367 574; x_wconf 91' lang='lat' dir='ltr'>constituti</span> <span class='ocrx_word' id='word_1_23' title='bbox 387 534 431 573; x_wconf 89' lang='lat' dir='ltr'>in</span> <span class='ocrx_word' id='word_1_24' title='bbox 444 534 682 583; x_wconf 87' lang='lat' dir='ltr'>minoribus</span> <span class='ocrx_word' id='word_1_25' title='bbox 699 535 829 575; x_wconf 88' lang='lat' dir='ltr'>etiam</span> <span class='ocrx_word' id='word_1_26' title='bbox 847 541 1080 575; x_wconf 87' lang='lat' dir='ltr'>teneantur</span> <span class='ocrx_word' id='word_1_27' title='bbox 1097 535 1259 577; x_wconf 89' lang='lat' dir='ltr'>habere</span> <span class='ocrx_word' id='word_1_28' title='bbox 1273 537 1494 578; x_wconf 86' lang='lat' dir='ltr'>beneficia.</span> 
     </span>
    </p>

    <p class='ocr_par' dir='ltr' id='par_1_3' title="bbox 41 605 1500 1602">
     <span class='ocr_line' id='line_1_5' title="bbox 98 605 1496 650; baseline 0.003 -4"><span class='ocrx_word' id='word_1_29' title='bbox 98 605 152 646; x_wconf 86' lang='lat' dir='ltr'>R.</span> <span class='ocrx_word' id='word_1_30' title='bbox 168 606 224 646; x_wconf 90' lang='lat' dir='ltr'>D.</span> <span class='ocrx_word' id='word_1_31' title='bbox 237 606 394 646; x_wconf 87' lang='lat' dir='ltr'>Abbas</span> <span class='ocrx_word' id='word_1_32' title='bbox 408 605 743 647; x_wconf 86' lang='lat' dir='ltr'>Clarevallensis</span> <span class='ocrx_word' id='word_1_33' title='bbox 759 606 916 647; x_wconf 85' lang='lat' dir='ltr'>Gallus</span> <span class='ocrx_word' id='word_1_34' title='bbox 933 606 1053 647; x_wconf 89' lang='lat' dir='ltr'>dedit</span> <span class='ocrx_word' id='word_1_35' title='bbox 1069 607 1319 649; x_wconf 81' lang='lat' dir='ltr'>schedulam</span> <span class='ocrx_word' id='word_1_36' title='bbox 1337 610 1496 650; x_wconf 87' lang='lat' dir='ltr'>tenoris</span> 
     </span>
     <span class='ocr_line' id='line_1_6' title="bbox 42 680 1498 736; baseline 0.001 -16"><span class='ocrx_word' id='word_1_37' title='bbox 42 680 363 736; x_wconf 86' lang='lat' dir='ltr'>subsequentis,</span> <span class='ocrx_word' id='word_1_38' title='bbox 384 680 485 729; x_wconf 87' lang='lat' dir='ltr'>viz.,</span> <span class='ocrx_word' id='word_1_39' title='bbox 507 680 609 720; x_wconf 92' lang='lat' dir='ltr'>Non</span> <span class='ocrx_word' id='word_1_40' title='bbox 643 680 786 736; x_wconf 88' lang='lat' dir='ltr'>placet</span> <span class='ocrx_word' id='word_1_41' title='bbox 817 686 1030 720; x_wconf 87' lang='lat' dir='ltr'>statutum</span> <span class='ocrx_word' id='word_1_42' title='bbox 1053 680 1106 720; x_wconf 90' lang='lat' dir='ltr'>de</span> <span class='ocrx_word' id='word_1_43' title='bbox 1141 681 1393 730; x_wconf 87' lang='lat' dir='ltr'>Seminario,</span> <span class='ocrx_word' id='word_1_44' title='bbox 1417 683 1498 722; x_wconf 88' lang='lat' dir='ltr'>nisi</span> 
     </span>
     <span class='ocr_line' id='line_1_7' title="bbox 41 752 1495 809; baseline 0.002 -17"><span class='ocrx_word' id='word_1_45' title='bbox 41 753 104 793; x_wconf 87' lang='lat' dir='ltr'>ita</span> <span class='ocrx_word' id='word_1_46' title='bbox 125 752 370 808; x_wconf 78' lang='lat' dir='ltr'>explicetur</span> <span class='ocrx_word' id='word_1_47' title='bbox 390 753 434 792; x_wconf 92' lang='lat' dir='ltr'>in</span> <span class='ocrx_word' id='word_1_48' title='bbox 456 754 653 809; x_wconf 82' lang='lat' dir='ltr'>sequenti</span> <span class='ocrx_word' id='word_1_49' title='bbox 689 753 897 801; x_wconf 83' lang='lat' dir='ltr'>Sessione,</span> <span class='ocrx_word' id='word_1_50' title='bbox 921 753 989 793; x_wconf 80' lang='lat' dir='ltr'>vel</span> <span class='ocrx_word' id='word_1_51' title='bbox 1019 754 1149 793; x_wconf 86' lang='lat' dir='ltr'>etiam</span> <span class='ocrx_word' id='word_1_52' title='bbox 1183 753 1398 795; x_wconf 82' lang='lat' dir='ltr'>addantur</span> <span class='ocrx_word' id='word_1_53' title='bbox 1420 755 1495 795; x_wconf 86' lang='lat' dir='ltr'>ali-</span> 
     </span>
     <span class='ocr_line' id='line_1_8' title="bbox 43 824 1497 881; baseline 0.002 -16"><span class='ocrx_word' id='word_1_54' title='bbox 43 839 144 880; x_wconf 87' lang='lat' dir='ltr'>qua,</span> <span class='ocrx_word' id='word_1_55' title='bbox 164 824 327 880; x_wconf 90' lang='lat' dir='ltr'>quibus</span> <span class='ocrx_word' id='word_1_56' title='bbox 354 831 554 865; x_wconf 88' lang='lat' dir='ltr'>teneatur</span> <span class='ocrx_word' id='word_1_57' title='bbox 575 826 824 881; x_wconf 79' lang='lat' dir='ltr'>Episcopus</span> <span class='ocrx_word' id='word_1_58' title='bbox 853 826 991 866; x_wconf 89' lang='lat' dir='ltr'>factus</span> <span class='ocrx_word' id='word_1_59' title='bbox 1013 826 1053 865; x_wconf 87' lang='lat' dir='ltr'>in</span> <span class='ocrx_word' id='word_1_60' title='bbox 1076 825 1283 867; x_wconf 81' lang='lat' dir='ltr'>faciendis</span> <span class='ocrx_word' id='word_1_61' title='bbox 1305 828 1430 876; x_wconf 83' lang='lat' dir='ltr'>taxis,</span> <span class='ocrx_word' id='word_1_62' title='bbox 1454 834 1497 868; x_wconf 86' lang='lat' dir='ltr'>et</span> 
     </span>
     <span class='ocr_line' id='line_1_9' title="bbox 44 887 1496 954; baseline 0.001 -15"><span class='ocrx_word' id='word_1_63' title='bbox 44 899 175 939; x_wconf 86' lang='lat' dir='ltr'>etiam</span> <span class='ocrx_word' id='word_1_64' title='bbox 200 899 400 954; x_wconf 78' lang='lat' dir='ltr'>expensis</span> <span class='ocrx_word' id='word_1_65' title='bbox 421 900 464 939; x_wconf 90' lang='lat' dir='ltr'>in</span> <span class='ocrx_word' id='word_1_66' title='bbox 487 899 755 954; x_wconf 80' lang='lat' dir='ltr'>providendo</span> <span class='ocrx_word' id='word_1_67' title='bbox 784 899 836 939; x_wconf 91' lang='lat' dir='ltr'>de</span> <span class='ocrx_word' id='word_1_68' title='bbox 865 887 1211 954; x_wconf 59' lang='lat' dir='ltr'>praeceptoribus</span> <span class='ocrx_word' id='word_1_69' title='bbox 1248 899 1496 948; x_wconf 82' lang='lat' dir='ltr'>Catholicis,</span> 
     </span>
     <span class='ocr_line' id='line_1_10' title="bbox 45 972 1498 1029; baseline 0.002 -17"><span class='ocrx_word' id='word_1_70' title='bbox 45 973 111 1013; x_wconf 93' lang='lat' dir='ltr'>uti</span> <span class='ocrx_word' id='word_1_71' title='bbox 131 972 307 1013; x_wconf 90' lang='lat' dir='ltr'>consilio</span> <span class='ocrx_word' id='word_1_72' title='bbox 329 979 372 1013; x_wconf 90' lang='lat' dir='ltr'>et</span> <span class='ocrx_word' id='word_1_73' title='bbox 394 988 601 1013; x_wconf 85' lang='lat' dir='ltr'>consensu</span> <span class='ocrx_word' id='word_1_74' title='bbox 629 973 994 1028; x_wconf 80' lang='lat' dir='ltr'>deputandorum,</span> <span class='ocrx_word' id='word_1_75' title='bbox 1017 988 1100 1013; x_wconf 90' lang='lat' dir='ltr'>non</span> <span class='ocrx_word' id='word_1_76' title='bbox 1130 988 1208 1029; x_wconf 90' lang='lat' dir='ltr'>per</span> <span class='ocrx_word' id='word_1_77' title='bbox 1238 988 1293 1019; x_wconf 91' lang='lat' dir='ltr'>se,</span> <span class='ocrx_word' id='word_1_78' title='bbox 1324 973 1399 1014; x_wconf 91' lang='lat' dir='ltr'>sed</span> <span class='ocrx_word' id='word_1_79' title='bbox 1420 989 1498 1029; x_wconf 88' lang='lat' dir='ltr'>per</span> 
     </span>
     <span class='ocr_line' id='line_1_11' title="bbox 46 1045 1498 1102; baseline 0.001 -16"><span class='ocrx_word' id='word_1_80' title='bbox 46 1045 306 1102; x_wconf 86' lang='lat' dir='ltr'>Capitulum</span> <span class='ocrx_word' id='word_1_81' title='bbox 329 1054 372 1087; x_wconf 88' lang='lat' dir='ltr'>et</span> <span class='ocrx_word' id='word_1_82' title='bbox 394 1046 588 1087; x_wconf 84' lang='lat' dir='ltr'>Clerum.</span> <span class='ocrx_word' id='word_1_83' title='bbox 631 1046 790 1087; x_wconf 82' lang='lat' dir='ltr'>Eidem</span> <span class='ocrx_word' id='word_1_84' title='bbox 814 1062 899 1087; x_wconf 91' lang='lat' dir='ltr'>non</span> <span class='ocrx_word' id='word_1_85' title='bbox 923 1047 1294 1102; x_wconf 83' lang='lat' dir='ltr'>placetdecretum</span> <span class='ocrx_word' id='word_1_86' title='bbox 1306 1046 1358 1088; x_wconf 90' lang='lat' dir='ltr'>de</span> <span class='ocrx_word' id='word_1_87' title='bbox 1377 1048 1498 1088; x_wconf 86' lang='lat' dir='ltr'>fami-</span> 
     </span>
     <span class='ocr_line' id='line_1_12' title="bbox 43 1119 1497 1175; baseline 0.001 -15"><span class='ocrx_word' id='word_1_88' title='bbox 43 1119 252 1166; x_wconf 84' lang='lat' dir='ltr'>liaribus,¹</span> <span class='ocrx_word' id='word_1_89' title='bbox 276 1120 357 1160; x_wconf 89' lang='lat' dir='ltr'>nisi</span> <span class='ocrx_word' id='word_1_90' title='bbox 390 1120 466 1160; x_wconf 90' lang='lat' dir='ltr'>ubi</span> <span class='ocrx_word' id='word_1_91' title='bbox 502 1119 662 1160; x_wconf 87' lang='lat' dir='ltr'>dicitur</span> <span class='ocrx_word' id='word_1_92' title='bbox 686 1120 803 1175; x_wconf 90' lang='lat' dir='ltr'>quod</span> <span class='ocrx_word' id='word_1_93' title='bbox 826 1121 869 1159; x_wconf 92' lang='lat' dir='ltr'>in</span> <span class='ocrx_word' id='word_1_94' title='bbox 896 1120 1038 1175; x_wconf 82' lang='lat' dir='ltr'>pagis,</span> <span class='ocrx_word' id='word_1_95' title='bbox 1062 1120 1105 1159; x_wconf 90' lang='lat' dir='ltr'>in</span> <span class='ocrx_word' id='word_1_96' title='bbox 1136 1120 1297 1175; x_wconf 90' lang='lat' dir='ltr'>quibus</span> <span class='ocrx_word' id='word_1_97' title='bbox 1320 1136 1400 1161; x_wconf 90' lang='lat' dir='ltr'>non</span> <span class='ocrx_word' id='word_1_98' title='bbox 1435 1123 1497 1163; x_wconf 91' lang='lat' dir='ltr'>in-</span> 
     </span>
     <span class='ocr_line' id='line_1_13' title="bbox 44 1193 1498 1249; baseline 0.002 -16"><span class='ocrx_word' id='word_1_99' title='bbox 44 1194 282 1234; x_wconf 88' lang='lat' dir='ltr'>veniuntur</span> <span class='ocrx_word' id='word_1_100' title='bbox 303 1194 482 1234; x_wconf 85' lang='lat' dir='ltr'>coelibes</span> <span class='ocrx_word' id='word_1_101' title='bbox 504 1193 559 1234; x_wconf 89' lang='lat' dir='ltr'>ad</span> <span class='ocrx_word' id='word_1_102' title='bbox 589 1194 848 1234; x_wconf 80' lang='lat' dir='ltr'>exercendas</span> <span class='ocrx_word' id='word_1_103' title='bbox 876 1194 1118 1234; x_wconf 85' lang='lat' dir='ltr'>functiones</span> <span class='ocrx_word' id='word_1_104' title='bbox 1152 1200 1342 1249; x_wconf 88' lang='lat' dir='ltr'>quatuor</span> <span class='ocrx_word' id='word_1_105' title='bbox 1366 1196 1498 1237; x_wconf 89' lang='lat' dir='ltr'>mino-</span> 
     </span>
     <span class='ocr_line' id='line_1_14' title="bbox 44 1266 1500 1322; baseline 0.002 -15"><span class='ocrx_word' id='word_1_106' title='bbox 44 1282 140 1308; x_wconf 88' lang='lat' dir='ltr'>rum</span> <span class='ocrx_word' id='word_1_107' title='bbox 182 1267 382 1307; x_wconf 87' lang='lat' dir='ltr'>ordinum</span> <span class='ocrx_word' id='word_1_108' title='bbox 424 1267 707 1322; x_wconf 77' lang='lat' dir='ltr'>accipiantur,</span> <span class='ocrx_word' id='word_1_109' title='bbox 752 1267 1006 1322; x_wconf 81' lang='lat' dir='ltr'>Conjugati,</span> <span class='ocrx_word' id='word_1_110' title='bbox 1055 1266 1256 1311; x_wconf 78' lang='lat' dir='ltr'>addatur,</span> <span class='ocrx_word' id='word_1_111' title='bbox 1300 1270 1500 1322; x_wconf 76' lang='lat' dir='ltr'>quamvis</span> 
     </span>
     <span class='ocr_line' id='line_1_15' title="bbox 45 1339 1500 1397; baseline 0.001 -16"><span class='ocrx_word' id='word_1_112' title='bbox 45 1341 270 1397; x_wconf 78' lang='lat' dir='ltr'>conjugati</span> <span class='ocrx_word' id='word_1_113' title='bbox 307 1340 392 1380; x_wconf 87' lang='lat' dir='ltr'>sint</span> <span class='ocrx_word' id='word_1_114' title='bbox 429 1347 598 1380; x_wconf 84' lang='lat' dir='ltr'>tantum</span> <span class='ocrx_word' id='word_1_115' title='bbox 634 1340 806 1387; x_wconf 82' lang='lat' dir='ltr'>Clerici,</span> <span class='ocrx_word' id='word_1_116' title='bbox 841 1347 885 1380; x_wconf 88' lang='lat' dir='ltr'>et</span> <span class='ocrx_word' id='word_1_117' title='bbox 905 1355 989 1380; x_wconf 88' lang='lat' dir='ltr'>non</span> <span class='ocrx_word' id='word_1_118' title='bbox 1019 1339 1074 1379; x_wconf 89' lang='lat' dir='ltr'>ad</span> <span class='ocrx_word' id='word_1_119' title='bbox 1111 1340 1294 1380; x_wconf 89' lang='lat' dir='ltr'>minores</span> <span class='ocrx_word' id='word_1_120' title='bbox 1328 1341 1500 1383; x_wconf 88' lang='lat' dir='ltr'>ordines</span> 
     </span>
     <span class='ocr_line' id='line_1_16' title="bbox 45 1413 1498 1470; baseline 0.001 -15"><span class='ocrx_word' id='word_1_121' title='bbox 45 1415 246 1470; x_wconf 81' lang='lat' dir='ltr'>promoti.</span> <span class='ocrx_word' id='word_1_122' title='bbox 324 1413 498 1454; x_wconf 75' lang='lat' dir='ltr'>Caetera</span> <span class='ocrx_word' id='word_1_123' title='bbox 529 1414 686 1461; x_wconf 85' lang='lat' dir='ltr'>omnia,</span> <span class='ocrx_word' id='word_1_124' title='bbox 722 1429 821 1469; x_wconf 80' lang='lat' dir='ltr'>quae</span> <span class='ocrx_word' id='word_1_125' title='bbox 849 1414 893 1453; x_wconf 92' lang='lat' dir='ltr'>in</span> <span class='ocrx_word' id='word_1_126' title='bbox 929 1413 1183 1453; x_wconf 87' lang='lat' dir='ltr'>Canonibus</span> <span class='ocrx_word' id='word_1_127' title='bbox 1212 1414 1391 1454; x_wconf 82' lang='lat' dir='ltr'>Ordinis</span> <span class='ocrx_word' id='word_1_128' title='bbox 1427 1415 1498 1456; x_wconf 93' lang='lat' dir='ltr'>ha-</span> 
     </span>
     <span class='ocr_line' id='line_1_17' title="bbox 47 1486 1499 1541; baseline 0.001 -13"><span class='ocrx_word' id='word_1_129' title='bbox 47 1488 222 1535; x_wconf 90' lang='lat' dir='ltr'>bentur,</span> <span class='ocrx_word' id='word_1_130' title='bbox 245 1488 280 1528; x_wconf 91' lang='lat' dir='ltr'>si</span> <span class='ocrx_word' id='word_1_131' title='bbox 302 1487 516 1535; x_wconf 86' lang='lat' dir='ltr'>omnibus,</span> <span class='ocrx_word' id='word_1_132' title='bbox 537 1487 637 1535; x_wconf 89' lang='lat' dir='ltr'>scil.,</span> <span class='ocrx_word' id='word_1_133' title='bbox 656 1487 864 1527; x_wconf 88' lang='lat' dir='ltr'>Patribus</span> <span class='ocrx_word' id='word_1_134' title='bbox 886 1486 1074 1541; x_wconf 87' lang='lat' dir='ltr'>placent,</span> <span class='ocrx_word' id='word_1_135' title='bbox 1092 1493 1140 1527; x_wconf 92' lang='lat' dir='ltr'>ut</span> <span class='ocrx_word' id='word_1_136' title='bbox 1162 1486 1311 1527; x_wconf 88' lang='lat' dir='ltr'>iisdem</span> <span class='ocrx_word' id='word_1_137' title='bbox 1330 1503 1499 1529; x_wconf 87' lang='lat' dir='ltr'>conscu-</span> 
     </span>
     <span class='ocr_line' id='line_1_18' title="bbox 44 1561 680 1602; baseline -0.002 0"><span class='ocrx_word' id='word_1_138' title='bbox 44 1561 126 1602; x_wconf 86' lang='lat' dir='ltr'>tiat</span> <span class='ocrx_word' id='word_1_139' title='bbox 149 1562 305 1602; x_wconf 82' lang='lat' dir='ltr'>Abbas</span> <span class='ocrx_word' id='word_1_140' title='bbox 330 1561 680 1601; x_wconf 77' lang='lat' dir='ltr'>Clarcvallensis.</span> 
     </span>
    </p>

    <p class='ocr_par' dir='ltr' id='par_1_4' title="bbox 47 1633 1508 2483">
     <span class='ocr_line' id='line_1_19' title="bbox 106 1633 1503 1681; baseline 0 -5"><span class='ocrx_word' id='word_1_141' title='bbox 106 1635 226 1676; x_wconf 89' lang='lat' dir='ltr'><strong>R.D.</strong></span> <span class='ocrx_word' id='word_1_142' title='bbox 240 1636 394 1676; x_wconf 88' lang='lat' dir='ltr'>Abbas</span> <span class='ocrx_word' id='word_1_143' title='bbox 410 1635 744 1681; x_wconf 79' lang='lat' dir='ltr'>Luncvillanus,</span> <span class='ocrx_word' id='word_1_144' title='bbox 759 1634 927 1681; x_wconf 82' lang='lat' dir='ltr'>Gallus.</span> <span class='ocrx_word' id='word_1_145' title='bbox 943 1633 1060 1675; x_wconf 88' lang='lat' dir='ltr'>dedit</span> <span class='ocrx_word' id='word_1_146' title='bbox 1078 1634 1327 1675; x_wconf 87' lang='lat' dir='ltr'>schedulam</span> <span class='ocrx_word' id='word_1_147' title='bbox 1343 1637 1503 1677; x_wconf 89' lang='lat' dir='ltr'>tenoris</span> 
     </span>
     <span class='ocr_line' id='line_1_20' title="bbox 47 1707 1502 1764; baseline -0.001 -14"><span class='ocrx_word' id='word_1_148' title='bbox 47 1709 371 1764; x_wconf 84' lang='lat' dir='ltr'>subsequentis.</span> <span class='ocrx_word' id='word_1_149' title='bbox 396 1708 495 1756; x_wconf 60' lang='lat' dir='ltr'>viz„</span> <span class='ocrx_word' id='word_1_150' title='bbox 519 1708 716 1748; x_wconf 87' lang='lat' dir='ltr'>Placerct</span> <span class='ocrx_word' id='word_1_151' title='bbox 737 1707 927 1762; x_wconf 83' lang='lat' dir='ltr'>relinqui</span> <span class='ocrx_word' id='word_1_152' title='bbox 958 1707 1166 1747; x_wconf 84' lang='lat' dir='ltr'>nonnulla</span> <span class='ocrx_word' id='word_1_153' title='bbox 1199 1707 1334 1748; x_wconf 90' lang='lat' dir='ltr'>dubia</span> <span class='ocrx_word' id='word_1_154' title='bbox 1365 1709 1502 1764; x_wconf 88' lang='lat' dir='ltr'>expli-</span> 
     </span>
     <span class='ocr_line' id='line_1_21' title="bbox 48 1778 1502 1826; baseline -0.001 -4"><span class='ocrx_word' id='word_1_155' title='bbox 48 1780 182 1822; x_wconf 88' lang='lat' dir='ltr'>canda</span> <span class='ocrx_word' id='word_1_156' title='bbox 203 1780 366 1820; x_wconf 79' lang='lat' dir='ltr'>futurae</span> <span class='ocrx_word' id='word_1_157' title='bbox 391 1780 578 1820; x_wconf 83' lang='lat' dir='ltr'>Sessioni</span> <span class='ocrx_word' id='word_1_158' title='bbox 601 1780 709 1820; x_wconf 88' lang='lat' dir='ltr'>circa</span> <span class='ocrx_word' id='word_1_159' title='bbox 744 1779 944 1821; x_wconf 87' lang='lat' dir='ltr'>Canoncs</span> <span class='ocrx_word' id='word_1_160' title='bbox 977 1778 1029 1821; x_wconf 87' lang='lat' dir='ltr'>dc</span> <span class='ocrx_word' id='word_1_161' title='bbox 1061 1779 1286 1826; x_wconf 86' lang='lat' dir='ltr'>abusibus,</span> <span class='ocrx_word' id='word_1_162' title='bbox 1316 1781 1502 1821; x_wconf 85' lang='lat' dir='ltr'>maxime</span> 
     </span>
     <span class='ocr_line' id='line_1_22' title="bbox 49 1852 1504 1900; baseline 0 -4"><span class='ocrx_word' id='word_1_163' title='bbox 49 1855 158 1897; x_wconf 86' lang='lat' dir='ltr'>circa</span> <span class='ocrx_word' id='word_1_164' title='bbox 180 1854 401 1894; x_wconf 88' lang='lat' dir='ltr'>Canoncm</span> <span class='ocrx_word' id='word_1_165' title='bbox 423 1853 476 1894; x_wconf 89' lang='lat' dir='ltr'>de</span> <span class='ocrx_word' id='word_1_166' title='bbox 491 1853 786 1894; x_wconf 88' lang='lat' dir='ltr'>functionibus</span> <span class='ocrx_word' id='word_1_167' title='bbox 801 1860 843 1893; x_wconf 86' lang='lat' dir='ltr'>et</span> <span class='ocrx_word' id='word_1_168' title='bbox 859 1852 1110 1900; x_wconf 72' lang='lat' dir='ltr'>seminario,</span> <span class='ocrx_word' id='word_1_169' title='bbox 1127 1860 1205 1893; x_wconf 88' lang='lat' dir='ltr'>aut</span> <span class='ocrx_word' id='word_1_170' title='bbox 1227 1852 1504 1896; x_wconf 80' lang='lat' dir='ltr'>difficultates</span> 
     </span>
     <span class='ocr_line' id='line_1_23' title="bbox 51 1924 1502 1983; baseline -0.001 -14"><span class='ocrx_word' id='word_1_171' title='bbox 51 1942 150 1983; x_wconf 86' lang='lat' dir='ltr'>quae</span> <span class='ocrx_word' id='word_1_172' title='bbox 193 1933 401 1983; x_wconf 87' lang='lat' dir='ltr'>poterunt</span> <span class='ocrx_word' id='word_1_173' title='bbox 448 1926 649 1974; x_wconf 88' lang='lat' dir='ltr'>incidere,</span> <span class='ocrx_word' id='word_1_174' title='bbox 687 1927 851 1966; x_wconf 86' lang='lat' dir='ltr'>remitti</span> <span class='ocrx_word' id='word_1_175' title='bbox 881 1925 935 1965; x_wconf 89' lang='lat' dir='ltr'>ad</span> <span class='ocrx_word' id='word_1_176' title='bbox 970 1924 1167 1966; x_wconf 89' lang='lat' dir='ltr'>Concilia</span> <span class='ocrx_word' id='word_1_177' title='bbox 1199 1925 1502 1973; x_wconf 76' lang='lat' dir='ltr'>provincialia,</span> 
     </span>
     <span class='ocr_line' id='line_1_24' title="bbox 51 1998 1503 2055; baseline -0.001 -14"><span class='ocrx_word' id='word_1_178' title='bbox 51 2007 102 2041; x_wconf 92' lang='lat' dir='ltr'>ut</span> <span class='ocrx_word' id='word_1_179' title='bbox 121 2000 174 2041; x_wconf 88' lang='lat' dir='ltr'>de</span> <span class='ocrx_word' id='word_1_180' title='bbox 208 1999 274 2040; x_wconf 88' lang='lat' dir='ltr'>his</span> <span class='ocrx_word' id='word_1_181' title='bbox 302 1998 516 2055; x_wconf 86' lang='lat' dir='ltr'>judicent,</span> <span class='ocrx_word' id='word_1_182' title='bbox 540 2006 583 2039; x_wconf 91' lang='lat' dir='ltr'>et</span> <span class='ocrx_word' id='word_1_183' title='bbox 613 1999 755 2039; x_wconf 87' lang='lat' dir='ltr'>onmia</span> <span class='ocrx_word' id='word_1_184' title='bbox 787 2014 840 2039; x_wconf 81' lang='lat' dir='ltr'>ex</span> <span class='ocrx_word' id='word_1_185' title='bbox 860 2013 975 2045; x_wconf 78' lang='lat' dir='ltr'>vero,</span> <span class='ocrx_word' id='word_1_186' title='bbox 1001 2013 1138 2053; x_wconf 81' lang='lat' dir='ltr'>aeqUO,</span> <span class='ocrx_word' id='word_1_187' title='bbox 1162 2005 1206 2038; x_wconf 90' lang='lat' dir='ltr'>et</span> <span class='ocrx_word' id='word_1_188' title='bbox 1230 1998 1339 2038; x_wconf 90' lang='lat' dir='ltr'>bono</span> <span class='ocrx_word' id='word_1_189' title='bbox 1360 1998 1503 2039; x_wconf 91' lang='lat' dir='ltr'>mode-</span> 
     </span>
     <span class='ocr_line' id='line_1_25' title="bbox 51 2071 1502 2127; baseline -0.001 -13"><span class='ocrx_word' id='word_1_190' title='bbox 51 2080 214 2115; x_wconf 83' lang='lat' dir='ltr'>rentur.</span> <span class='ocrx_word' id='word_1_191' title='bbox 279 2071 409 2122; x_wconf 86' lang='lat' dir='ltr'>Quod</span> <span class='ocrx_word' id='word_1_192' title='bbox 430 2072 466 2112; x_wconf 90' lang='lat' dir='ltr'>si</span> <span class='ocrx_word' id='word_1_193' title='bbox 488 2072 642 2126; x_wconf 73' lang='lat' dir='ltr'>maj01i</span> <span class='ocrx_word' id='word_1_194' title='bbox 664 2072 780 2127; x_wconf 88' lang='lat' dir='ltr'>parti</span> <span class='ocrx_word' id='word_1_195' title='bbox 806 2072 987 2111; x_wconf 86' lang='lat' dir='ltr'>Patrum</span> <span class='ocrx_word' id='word_1_196' title='bbox 1012 2071 1271 2125; x_wconf 85' lang='lat' dir='ltr'>placuerint,</span> <span class='ocrx_word' id='word_1_197' title='bbox 1288 2078 1331 2111; x_wconf 87' lang='lat' dir='ltr'>et</span> <span class='ocrx_word' id='word_1_198' title='bbox 1351 2071 1444 2126; x_wconf 89' lang='lat' dir='ltr'>ipse</span> <span class='ocrx_word' id='word_1_199' title='bbox 1461 2072 1502 2112; x_wconf 86' lang='lat' dir='ltr'>S.</span> 
     </span>
     <span class='ocr_line' id='line_1_26' title="bbox 52 2143 1505 2202; baseline -0.001 -15"><span class='ocrx_word' id='word_1_200' title='bbox 52 2145 226 2202; x_wconf 88' lang='lat' dir='ltr'>Synodo</span> <span class='ocrx_word' id='word_1_201' title='bbox 261 2145 519 2193; x_wconf 84' lang='lat' dir='ltr'>subscribit3</span> <span class='ocrx_word' id='word_1_202' title='bbox 553 2151 747 2185; x_wconf 88' lang='lat' dir='ltr'>attamen</span> <span class='ocrx_word' id='word_1_203' title='bbox 775 2144 992 2199; x_wconf 86' lang='lat' dir='ltr'>supplicat</span> <span class='ocrx_word' id='word_1_204' title='bbox 1031 2143 1151 2184; x_wconf 89' lang='lat' dir='ltr'>istud</span> <span class='ocrx_word' id='word_1_205' title='bbox 1181 2145 1284 2200; x_wconf 90' lang='lat' dir='ltr'>poni</span> <span class='ocrx_word' id='word_1_206' title='bbox 1325 2145 1369 2185; x_wconf 93' lang='lat' dir='ltr'>in</span> <span class='ocrx_word' id='word_1_207' title='bbox 1404 2146 1505 2186; x_wconf 88' lang='lat' dir='ltr'>sub-</span> 
     </span>
     <span class='ocr_line' id='line_1_27' title="bbox 52 2217 1505 2275; baseline -0.001 -15"><span class='ocrx_word' id='word_1_208' title='bbox 52 2219 308 2275; x_wconf 88' lang='lat' dir='ltr'>scriptione:</span> <span class='ocrx_word' id='word_1_209' title='bbox 342 2217 556 2273; x_wconf 88' lang='lat' dir='ltr'>Spiritum</span> <span class='ocrx_word' id='word_1_210' title='bbox 580 2218 787 2258; x_wconf 88' lang='lat' dir='ltr'>Sanctum</span> <span class='ocrx_word' id='word_1_211' title='bbox 809 2217 1017 2258; x_wconf 86' lang='lat' dir='ltr'>cultorem</span> <span class='ocrx_word' id='word_1_212' title='bbox 1050 2217 1219 2257; x_wconf 89' lang='lat' dir='ltr'>invocat</span> <span class='ocrx_word' id='word_1_213' title='bbox 1250 2224 1398 2258; x_wconf 86' lang='lat' dir='ltr'>contra</span> <span class='ocrx_word' id='word_1_214' title='bbox 1420 2233 1505 2266; x_wconf 84' lang='lat' dir='ltr'>eos,</span> 
     </span>
     <span class='ocr_line' id='line_1_28' title="bbox 53 2289 1508 2349; baseline -0.001 -16"><span class='ocrx_word' id='word_1_215' title='bbox 53 2293 131 2349; x_wconf 91' lang='lat' dir='ltr'>qui</span> <span class='ocrx_word' id='word_1_216' title='bbox 151 2299 300 2333; x_wconf 87' lang='lat' dir='ltr'>contra</span> <span class='ocrx_word' id='word_1_217' title='bbox 319 2297 508 2332; x_wconf 87' lang='lat' dir='ltr'>mentem</span> <span class='ocrx_word' id='word_1_218' title='bbox 533 2291 600 2331; x_wconf 63' lang='lat' dir='ltr'>Stae</span> <span class='ocrx_word' id='word_1_219' title='bbox 624 2290 786 2347; x_wconf 73' lang='lat' dir='ltr'>Synodi</span> <span class='ocrx_word' id='word_1_220' title='bbox 812 2291 881 2331; x_wconf 89' lang='lat' dir='ltr'>usi</span> <span class='ocrx_word' id='word_1_221' title='bbox 902 2290 1067 2331; x_wconf 87' lang='lat' dir='ltr'>fuerint</span> <span class='ocrx_word' id='word_1_222' title='bbox 1088 2289 1154 2329; x_wconf 90' lang='lat' dir='ltr'>his</span> <span class='ocrx_word' id='word_1_223' title='bbox 1179 2289 1431 2331; x_wconf 81' lang='lat' dir='ltr'>Canonibus</span> <span class='ocrx_word' id='word_1_224' title='bbox 1453 2291 1508 2332; x_wconf 91' lang='lat' dir='ltr'>ad</span> 
     </span>
     <span class='ocr_line' id='line_1_29' title="bbox 53 2363 1506 2420; baseline -0.002 -12"><span class='ocrx_word' id='word_1_225' title='bbox 53 2383 180 2409; x_wconf 89' lang='lat' dir='ltr'>suum</span> <span class='ocrx_word' id='word_1_226' title='bbox 218 2366 504 2413; x_wconf 85' lang='lat' dir='ltr'>commodum,</span> <span class='ocrx_word' id='word_1_227' title='bbox 539 2365 640 2406; x_wconf 87' lang='lat' dir='ltr'>cleri</span> <span class='ocrx_word' id='word_1_228' title='bbox 683 2379 934 2420; x_wconf 82' lang='lat' dir='ltr'>gravamen,</span> <span class='ocrx_word' id='word_1_229' title='bbox 977 2371 1053 2404; x_wconf 89' lang='lat' dir='ltr'>aut</span> <span class='ocrx_word' id='word_1_230' title='bbox 1094 2363 1388 2404; x_wconf 81' lang='lat' dir='ltr'>Ecclesiarum</span> <span class='ocrx_word' id='word_1_231' title='bbox 1431 2364 1506 2405; x_wconf 90' lang='lat' dir='ltr'>de-</span> 
     </span>
     <span class='ocr_line' id='line_1_30' title="bbox 51 2441 344 2483; baseline -0.014 0"><span class='ocrx_word' id='word_1_232' title='bbox 51 2441 344 2483; x_wconf 84' lang='lat' dir='ltr'>structionem.</span> 
     </span>
    </p>

    <p class='ocr_par' dir='ltr' id='par_1_5' title="bbox 54 2510 1510 2793">
     <span class='ocr_line' id='line_1_31' title="bbox 114 2510 1509 2568; baseline -0.002 -12"><span class='ocrx_word' id='word_1_233' title='bbox 114 2514 287 2565; x_wconf 87' lang='lat' dir='ltr'>Quibus</span> <span class='ocrx_word' id='word_1_234' title='bbox 326 2513 439 2554; x_wconf 83' lang='lat' dir='ltr'>votis</span> <span class='ocrx_word' id='word_1_235' title='bbox 472 2512 588 2553; x_wconf 72' lang='lat' dir='ltr'>Illmis</span> <span class='ocrx_word' id='word_1_236' title='bbox 608 2512 792 2568; x_wconf 85' lang='lat' dir='ltr'>Legatis</span> <span class='ocrx_word' id='word_1_237' title='bbox 823 2511 983 2559; x_wconf 86' lang='lat' dir='ltr'>relatis,</span> <span class='ocrx_word' id='word_1_238' title='bbox 1007 2510 1126 2551; x_wconf 64' lang='lat' dir='ltr'>Ill¹¹s¹¹¹S</span> <span class='ocrx_word' id='word_1_239' title='bbox 1147 2510 1393 2552; x_wconf 85' lang='lat' dir='ltr'>Cardinalis</span> <span class='ocrx_word' id='word_1_240' title='bbox 1414 2512 1509 2553; x_wconf 90' lang='lat' dir='ltr'>Mo-</span> 
     </span>
     <span class='ocr_line' id='line_1_32' title="bbox 54 2584 1510 2644; baseline -0.003 -13"><span class='ocrx_word' id='word_1_241' title='bbox 54 2604 198 2637; x_wconf 88' lang='lat' dir='ltr'>ronus,</span> <span class='ocrx_word' id='word_1_242' title='bbox 232 2588 403 2644; x_wconf 89' lang='lat' dir='ltr'>primus</span> <span class='ocrx_word' id='word_1_243' title='bbox 435 2586 688 2642; x_wconf 84' lang='lat' dir='ltr'>praesidenS,</span> <span class='ocrx_word' id='word_1_244' title='bbox 721 2584 832 2625; x_wconf 85' lang='lat' dir='ltr'>dixit</span> <span class='ocrx_word' id='word_1_245' title='bbox 865 2585 1073 2625; x_wconf 86' lang='lat' dir='ltr'>Patribus</span> <span class='ocrx_word' id='word_1_246' title='bbox 1103 2585 1195 2626; x_wconf 84' lang='lat' dir='ltr'>haec</span> <span class='ocrx_word' id='word_1_247' title='bbox 1230 2585 1376 2632; x_wconf 81' lang='lat' dir='ltr'>verba,</span> <span class='ocrx_word' id='word_1_248' title='bbox 1411 2587 1510 2635; x_wconf 68' lang='lat' dir='ltr'>viz„</span> 
     </span>
     <span class='ocr_line' id='line_1_33' title="bbox 55 2656 1509 2712; baseline -0.003 -9"><span class='ocrx_word' id='word_1_249' title='bbox 55 2662 249 2703; x_wconf 85' lang='lat' dir='ltr'>Decreta</span> <span class='ocrx_word' id='word_1_250' title='bbox 269 2661 644 2702; x_wconf 88' lang='lat' dir='ltr'>Reformationum</span> <span class='ocrx_word' id='word_1_251' title='bbox 669 2658 870 2699; x_wconf 90' lang='lat' dir='ltr'>omnibus</span> <span class='ocrx_word' id='word_1_252' title='bbox 890 2657 1074 2712; x_wconf 84' lang='lat' dir='ltr'>placere,</span> <span class='ocrx_word' id='word_1_253' title='bbox 1092 2656 1285 2712; x_wconf 87' lang='lat' dir='ltr'>exceptis</span> <span class='ocrx_word' id='word_1_254' title='bbox 1299 2656 1509 2705; x_wconf 87' lang='lat' dir='ltr'>undecim,</span> 
     </span>
     <span class='ocr_line' id='line_1_34' title="bbox 58 2729 1509 2793; baseline -0.002 -17"><span class='ocrx_word' id='word_1_255' title='bbox 58 2735 220 2793; x_wconf 90' lang='lat' dir='ltr'>quibus</span> <span class='ocrx_word' id='word_1_256' title='bbox 245 2749 329 2775; x_wconf 88' lang='lat' dir='ltr'>non</span> <span class='ocrx_word' id='word_1_257' title='bbox 365 2733 531 2790; x_wconf 89' lang='lat' dir='ltr'>placuit</span> <span class='ocrx_word' id='word_1_258' title='bbox 565 2733 804 2774; x_wconf 85' lang='lat' dir='ltr'>Decretum</span> <span class='ocrx_word' id='word_1_259' title='bbox 833 2730 886 2771; x_wconf 90' lang='lat' dir='ltr'>de</span> <span class='ocrx_word' id='word_1_260' title='bbox 918 2729 1196 2771; x_wconf 89' lang='lat' dir='ltr'>Residcntia:</span> <span class='ocrx_word' id='word_1_261' title='bbox 1229 2737 1330 2770; x_wconf 89' lang='lat' dir='ltr'>sunt</span> <span class='ocrx_word' id='word_1_262' title='bbox 1362 2737 1509 2773; x_wconf 87' lang='lat' dir='ltr'>autem</span> 
     </span>
    </p>
   </div>
   <div class='ocr_carea' id='block_1_3' title="bbox 105 2817 1416 2864">
    <p class='ocr_par' dir='ltr' id='par_1_6' title="bbox 105 2817 1416 2864">
     <span class='ocr_line' id='line_1_35' title="bbox 105 2817 1416 2864; baseline -0.005 -9"><span class='ocrx_word' id='word_1_263' title='bbox 105 2824 112 2842; x_wconf 88' lang='lat'>¹</span> <span class='ocrx_word' id='word_1_264' title='bbox 140 2823 268 2863; x_wconf 80' lang='lat' dir='ltr'>Ferrari,</span> <span class='ocrx_word' id='word_1_265' title='bbox 286 2824 426 2864; x_wconf 76' lang='lat' dir='ltr'>Prompt.</span> <span class='ocrx_word' id='word_1_266' title='bbox 446 2822 532 2853; x_wconf 85' lang='lat' dir='ltr'>Bibl.</span> <span class='ocrx_word' id='word_1_267' title='bbox 550 2823 647 2852; x_wconf 79' lang='lat' dir='ltr'>under</span> <span class='ocrx_word' id='word_1_268' title='bbox 662 2821 711 2851; x_wconf 79' lang='lat' dir='ltr'>the</span> <span class='ocrx_word' id='word_1_269' title='bbox 730 2820 815 2851; x_wconf 82' lang='lat' dir='ltr'>word</span> <span class='ocrx_word' id='word_1_270' title='bbox 831 2831 903 2858; x_wconf 79' lang='lat' dir='ltr'>may</span> <span class='ocrx_word' id='word_1_271' title='bbox 919 2819 956 2849; x_wconf 89' lang='lat' dir='ltr'>be</span> <span class='ocrx_word' id='word_1_272' title='bbox 971 2818 1133 2849; x_wconf 76' lang='lat' dir='ltr'>consulted</span> <span class='ocrx_word' id='word_1_273' title='bbox 1151 2817 1223 2849; x_wconf 84' lang='lat' dir='ltr'>with</span> <span class='ocrx_word' id='word_1_274' title='bbox 1241 2818 1416 2857; x_wconf 72' lang='lat' dir='ltr'>advantage</span> 
     </span>
    </p>
   </div>
  </div>
 </body>
</html>
