1905 3254
725 299 834 329 ssss.
860 299 898 328 v.
1464 285 1543 327 167

82 404 175 459 ejus
190 406 380 446 muneris
397 420 615 454 exercere,
632 407 716 447 nisi
730 421 877 448 seeum
899 406 1096 448 adhibito
1115 407 1360 457 Ordinario,
1374 407 1538 448 liceret.

81 476 247 518 Verum
265 494 361 519 eum
379 480 534 520 Patres
555 480 684 520 multi
705 480 846 521 adhue
868 488 1181 536 repugnarent,
1196 480 1313 537 quod
1332 480 1541 521 adversus

79 563 229 591 eorum
250 551 468 606 nequitias
501 567 548 592 ae
581 551 702 592 dolos
734 552 888 592 idonea
920 552 1040 593 nulla
1072 559 1183 593 esset
1215 553 1371 600 cautio,
1405 567 1540 608 seque

80 623 210 664 etiam
244 630 333 664 tam
374 624 560 678 impuris
601 624 922 679 flagitiosisque
962 625 1214 665 hominibus
1254 640 1396 666 saccos
1437 625 1541 665 dare

80 709 198 750 aegre
229 695 402 744 ferrent,
433 695 603 744 accidit,
628 703 677 736 ut
698 696 849 737 iisdem
872 696 962 737 fere
984 696 1140 737 diebus
1172 697 1541 753 Archiepiseopus

78 767 388 808 Laneianensis
409 783 462 809 ex
482 768 606 809 Urbe
637 768 822 817 rediens,
845 769 1030 824 Legatis
1060 769 1384 825 significaverit,
1408 770 1539 811 etiam

78 840 186 880 ΡΨοι
208 841 390 882 istorum
412 856 571 882 munus
594 842 797 890 invisum,
821 857 867 882 ae
885 841 1081 882 odiosum
1105 857 1210 890 csse,
1234 844 1403 898 quippe
1421 842 1541 898 quod

76 914 150 955 ille
182 915 466 956 affirmaverit
499 922 671 970 putare,
706 914 754 955 id
783 929 836 955 ex
871 930 917 955 re
948 915 1159 956 Ecclesiae
1193 915 1408 961 futurum,
1442 916 1541 957 illos

76 989 250 1029 omnino
276 988 455 1035 aboleri,
491 1004 588 1030 cum
621 1003 772 1030 eorum
807 988 1040 1029 fraudibus
1071 1004 1156 1030 non
1190 990 1277 1031 alia
1306 990 1445 1045 possit
1475 1005 1539 1031 ra-

76 1061 192 1102 tione
234 1062 414 1102 occurri.
478 1062 652 1111 Quibus
693 1061 855 1103 auditis
894 1062 1134 1103 Decretum
1176 1063 1229 1104 de
1273 1063 1540 1120 abrogandis

78 1134 147 1183 Qu
155 1134 385 1174 aestoribus
400 1134 643 1175 confectum
659 1141 738 1182 est,
753 1135 822 1175 eui
837 1136 990 1176 Patres
1003 1150 1151 1176 omnes
1165 1136 1538 1191 subscripserunt,

77 1214 208 1262 prout
230 1206 360 1248 hodie
383 1213 515 1248 extat.
867 1196 873 1199 .

136 1279 258 1320 Dum
279 1280 370 1321 haee
391 1286 619 1336 geruntur,
641 1294 726 1320 non
750 1287 894 1321 tamen
917 1281 1209 1322 controversia
1230 1281 1284 1322 de
1304 1281 1540 1323 residentia

76 1353 165 1393 suis
196 1353 354 1394 desinit
384 1353 596 1394 fiuctibus
633 1353 804 1408 agitari.
868 1352 982 1393 Cum
1013 1354 1205 1409 primum
1236 1355 1351 1395 enim
1384 1355 1538 1396 Romae

74 1427 325 1467 nunciatum
353 1433 432 1475 est,
471 1427 642 1482 legatos
674 1426 718 1466 in
752 1440 951 1466 consessu
985 1427 1194 1467 Patribus
1234 1427 1363 1469 fidem
1403 1428 1540 1485 hujus

74 1500 326 1554 quaestionis
344 1499 397 1540 de
420 1499 532 1540 Jure
550 1499 717 1539 Divino
737 1499 977 1540 tractandae
999 1499 1298 1548 obstrinxisse,
1317 1501 1537 1557 simulque

75 1559 291 1614 Oratores.
314 1573 566 1628 Principum
594 1587 673 1613 sua
700 1573 743 1612 in
775 1572 853 1613 hae
876 1587 922 1612 re
944 1571 1089 1613 studia
1110 1573 1402 1629 interponere,
1425 1589 1538 1616 nova

75 1645 264 1700 suspicio
285 1660 432 1686 omnes
454 1645 603 1700 magni
634 1645 821 1700 alicujus
852 1652 1038 1686 eventus
1070 1645 1223 1686 adorta
1259 1654 1337 1687 est.
1400 1648 1538 1690 Multi

75 1718 188 1758 enim
220 1717 312 1758 haee
344 1718 466 1758 initae
500 1717 710 1758 adversus
744 1717 868 1757 Sedis
902 1717 1069 1772 Aplicae
1103 1717 1410 1759 authoritatem
1439 1735 1534 1761 eon-

73 1790 323 1845 spirationis
338 1789 924 1844 indiciainterpretabantur.
950 1790 1044 1829 Smu⁸
1057 1789 1164 1844 ipse,
1179 1797 1311 1844 prout
1325 1790 1535 1834 haetenus

75 1861 299 1903 ardentius
322 1861 619 1902 Christianam
642 1861 814 1917 Rempm
838 1863 1011 1916 juvare,
1044 1861 1180 1901 nullis
1209 1876 1286 1902 nee
1308 1862 1533 1905 laboribus

71 1950 148 1976 nee
169 1936 424 1991 sumptibus
456 1950 533 1975 nee
561 1935 792 1989 diligentia
822 1950 1000 1990 parcere
1023 1935 1222 1976 Praelatis
1251 1937 1454 1977 omnibus
1486 1953 1532 1980 se

72 2019 202 2060 quam
226 2004 417 2044 maxime
439 2010 617 2059 gratum
639 2003 971 2058 beneficumque
993 2003 1191 2058 praebere
1213 2003 1457 2053 studuerat,
1480 2020 1531 2046 eo

71 2090 183 2116 nunc
215 2075 395 2130 gravius
421 2075 506 2115 ista
527 2074 705 2116 consilia
727 2081 860 2129 atque
883 2074 1082 2130 obliquas
1105 2079 1218 2114 artes
1238 2074 1360 2116 ferre.
1423 2076 1452 2117 J
1459 2091 1527 2117 ain

70 2147 123 2189 de
146 2148 403 2196 Mantuano,
426 2154 476 2189 ut
496 2148 733 2194 ferebatur,
761 2147 896 2203 paulo
928 2146 1103 2187 duriora
1135 2153 1269 2202 atque
1296 2147 1528 2190 imniitiora

70 2221 205 2262 verba
220 2220 414 2277 proferre
430 2238 440 2271 3
463 2236 564 2262 eum
587 2220 859 2276 perditorum
876 2219 1097 2260 hominum
1117 2226 1215 2260 astu
1233 2234 1280 2260 ae
1296 2221 1526 2265 fraudibus

71 2293 439 2350 comprehensum,
481 2300 615 2334 totam
657 2293 766 2334 hanc
810 2292 1062 2334 seditionem
1111 2292 1241 2343 alere,
1281 2295 1524 2350 pestilenti-

71 2366 240 2422 busque
267 2367 539 2423 regularium
573 2365 848 2421 quorundam
883 2365 1008 2406 sectis
1040 2364 1273 2414 addictum,
1304 2366 1413 2407 nihil
1440 2383 1523 2409 non

68 2439 344 2496 pertinaciter
365 2440 493 2487 tueri,
516 2439 635 2494 quod
656 2439 720 2479 illi
743 2438 918 2494 pietatis
949 2438 1090 2493 specie
1111 2437 1336 2478 suadeant.
1387 2439 1521 2488 Exin,

67 2527 162 2553 eum
195 2513 428 2553 clarissimo
458 2512 730 2569 Hieronymo
760 2513 1024 2559 Grarantio,2
1044 2512 1182 2567 Reipoe
1208 2511 1246 2553 V
1251 2518 1388 2553 enetae
1412 2513 1521 2554 Ora-

67 2592 174 2634 tore,
205 2586 403 2641 graviter
433 2586 699 2641 expostulat,
722 2585 839 2642 quod
861 2585 1070 2626 Nicolaus
1089 2584 1142 2625 de
1165 2585 1302 2626 Ponte
1325 2585 1519 2640 ejusdem

67 2657 204 2714 ΒείῐνὮ
237 2659 292 2699 ad
325 2659 547 2715 Synodum
593 2660 764 2708 Orator,
807 2659 1072 2700 authoritate
1103 2673 1182 2698 sua
1216 2657 1306 2699 haee
1340 2658 1520 2700 dissidia

69 2730 181 2772 alere
209 2738 251 2773 et
273 2732 417 2773 fovere
450 2748 535 2773 non
558 2741 772 2779 vereatur,
805 2733 1038 2788 potiusque
1071 2732 1236 2772 factiosi
1270 2731 1353 2772 viri
1383 2747 1515 2788 quam

241 2823 246 2840 ¹
264 2824 393 2856 Primo?
418 2826 567 2866 probably
585 2826 663 2856 ΒΨ).
797 2824 808 2841 ²
833 2827 955 2860 Qua-re.
974 2825 1141 2855 Manlia-us
1155 2824 1352 2856 Dandulus‘?
