1905 3254
655 333 763 364 sEss.
790 332 866 362 vn.
1407 315 1484 355 281

35 441 205 497 scriptae
251 439 412 481 Classis
452 438 656 480 articulos
706 438 998 480 discutiendos
1049 437 1332 494 susceperint,
1387 437 1494 477 alios

34 515 296 561 omittentes,
320 512 373 554 de
394 512 483 553 illis
504 518 673 553 tantum
697 512 958 552 sententiam
981 526 1105 552 suani
1127 510 1284 551 dicent.

95 586 275 634 Deinde,
314 601 411 627 cum
447 584 554 626 adeo
582 585 723 626 multa
754 599 867 625 nuno
902 583 1154 640 peragenda
1187 584 1286 632 sint,
1327 590 1378 625 ut
1412 598 1492 624 nec

34 660 241 715 temporis
261 674 363 715 pars
383 659 560 699 minima
582 659 637 699 sit
654 658 845 705 terenda,
881 664 948 698 sat
970 672 1062 698 esso
1083 657 1318 713 putabant,
1351 658 1386 698 si
1416 671 1495 712 per

33 733 226 774 dimidiae
248 732 367 774 horae
390 732 582 788 spatium
607 746 848 773 sermonem
883 746 1010 771 suum
1046 730 1317 786 protulerint.
1367 729 1496 781 Quod

33 805 253 847 commode
287 805 379 846 fieri
412 804 587 860 poterit,
621 804 656 845 si
693 804 858 845 omissis
890 804 1095 844 omnibus
1137 803 1491 858 supervacaneiS,

33 878 147 919 illud
168 884 340 920 tantum
369 877 486 918 nude
519 885 563 918 ot
600 877 857 932 simpliciter
889 876 1157 917 enarrabunt
1181 874 1298 931 quod
1319 874 1373 916 de
1395 889 1493 931 pro-

34 951 185 1007 positis
205 950 335 991 rebus
359 950 556 992 sentient.

64 1054 281 1111 Theologi
309 1055 387 1110 qui
417 1054 578 1096 dicturi
612 1060 715 1095 sunt
748 1054 790 1094 in
823 1054 965 1109 prima
988 1052 1137 1093 Classe
1171 1067 1301 1108 super
1321 1053 1466 1093 tribus

311 1129 463 1184 primis
484 1128 696 1169 Articulis
717 1127 771 1168 (10
795 1126 1214 1192 ΞαρωιηῑοῑΟΠΗῐιίε.

34 1219 246 1260 Alfonsus
270 1219 547 1260 Salineronus
761 1215 1026 1257 Benedictus
1049 1216 1193 1256 Arias‘

35 1294 72 1335 F
75 1293 336 1334 erdinandus
356 1293 397 1334 V
401 1292 594 1333 elosillus
764 1291 793 1332 J
797 1305 958 1330 oannes
981 1289 1034 1330 de
1060 1288 1296 1344 Capocina‘

36 1365 230 1406 Didacus
253 1364 307 1406 (10
330 1364 482 1420 Payva
763 1362 928 1403 Beneds
951 1361 1111 1402 Herba
1131 1361 1183 1402 do
1208 1360 1403 1402 Mantua

35 1438 284 1480 Fridericus
306 1437 547 1478 Pendasius
765 1436 974 1491 Aloysius
997 1434 1051 1476 do
1074 1436 1227 1490 Burgo
1250 1435 1381 1476 Novo

35 1512 72 1553 F
75 1512 292 1553 ranciseus
313 1511 495 1552 Saucius
763 1510 1025 1551 Franciscus
1046 1509 1085 1550 V
1090 1509 1356 1550 icedoininus

37 1585 230 1626 Joannes
253 1584 526 1625 Covillonius
773 1583 846 1624 J0.
872 1583 1017 1639 Basita
1037 1580 1299 1623 Valentinus

93 1657 351 1698 Theodorus
373 1657 543 1697 Masius
568 1654 839 1697 Mantuanus

94 1730 300 1786 Angelus
321 1730 534 1770 Arbensis

97 1802 366 1844 Octavianus
387 1801 440 1842 de
463 1800 667 1841 Mantua.

68 1907 282 1964 Theologi
313 1907 390 1963 qui
416 1906 573 1947 dicturi
614 1912 716 1946 sunt
746 1906 790 1945 in
814 1906 856 1944 2³
874 1904 1023 1945 Classe
1045 1918 1177 1959 super
1199 1905 1243 1943 40
1265 1911 1308 1945 ot
1340 1905 1383 1945 5⁰
1401 1920 1467 1945 ar-

409 1978 556 2019 ticulis
578 1978 631 2019 (10
657 1979 936 2019 Saeramento
960 1976 1149 2017 Ordinis.

96 2064 256 2105 Petrus
277 2062 330 2104 de
355 2062 457 2103 Soto

97 2137 405 2180 Ferdinandus
432 2136 606 2178 Tricius

97 2211 354 2253 Franciscus
375 2210 413 2252 F
417 2211 605 2253 errerius

97 2285 320 2327 Adrianus
341 2284 539 2326 Venetus

97 2359 256 2400 Petrus
278 2358 507 2399 Cumelius

99 2430 247 2471 Caesar
268 2430 523 2472 Ferrantius

96 2503 295 2545 Didacus
318 2503 520 2544 Sabanus

98 2576 298 2618 Andreas
320 2575 554 2617 Camutius

95 2648 344 2691 Bernardus
365 2648 418 2690 de
442 2646 649 2688 Berardis

99 2721 347 2763 Bonifacius
367 2720 624 2777 Ragusinus

86 2817 95 2836 ¹
119 2821 298 2852 Montanus.

83 2870 96 2890 ¹
118 2874 134 2903 1
149 2879 260 2906 cannot
276 2875 340 2905 find
357 2886 418 2914 any
436 2885 527 2905 name
544 2873 608 2905 like
626 2873 685 2904 this
701 2873 731 2904 in
749 2873 799 2903 the
816 2872 991 2912 Catalogue
1006 2870 1171 2912 appended
1187 2874 1216 2902 to
1233 2870 1313 2901 Can.
1331 2875 1361 2901 et
1376 2870 1499 2902 Deci-et.
