1905 3254
366 255 421 295 23
1020 271 1129 303 sEss.
1154 272 1181 301 1.

367 375 529 429 quibus
561 374 617 416 ad
651 375 950 417 disserendum
992 378 1168 433 publice
1205 392 1258 418 ex
1291 382 1506 432 suggestu
1539 374 1592 416 de
1630 372 1824 415 articulis

366 448 604 502 propositis
620 449 737 489 locus
754 449 947 490 dabatur
958 466 969 499 3
992 466 1139 491 corum
1162 465 1369 506 responsa
1391 448 1548 489 deinde
1566 454 1662 488 tum
1679 447 1824 487 Secre-

367 522 520 569 tarius,
553 528 648 562 tum
686 522 841 563 Patres
883 523 1051 579 aliquot
1083 523 1240 564 delecti
1281 522 1589 569 observabant,
1628 535 1675 561 ae
1708 518 1827 575 quod

367 595 573 650 pluribus
605 595 842 650 placuisset
871 596 915 636 in
939 596 1129 637 Canonis
1151 612 1227 637 scu
1251 596 1430 636 Decreti
1453 595 1634 635 formam
1654 593 1825 648 redige-

367 668 490 717 bant,
515 669 633 724 quod
665 670 875 710 Patribus
907 670 950 709 in
982 671 1176 725 generali
1200 670 1555 726 Congregatione
1587 667 1825 708 maturiore

368 748 522 796 postea
543 741 716 782 consilio
738 741 1058 782 decernendum
1081 742 1389 783 exhibebatur.
1444 741 1496 782 In
1520 740 1703 780 decretis
1724 753 1826 779 vero

368 813 422 854 de
454 815 649 855 moribus
680 815 799 856 nulla
821 815 1144 871 Theologorum
1164 817 1381 856 minorum
1414 814 1710 855 adhibebatur
1732 827 1826 852 con-

368 887 559 927 sultatio.
601 887 686 927 Sed
701 887 839 943 legati
859 888 945 943 ipsi
966 889 1089 928 initio
1103 889 1265 944 partim
1288 888 1406 944 quod
1428 888 1489 928 eis
1510 902 1562 927 e'·-;
1584 902 1667 926 usu
1683 885 1827 926 Chris-

370 957 502 997 tianae
525 957 803 1012 Reipublicae
826 959 1080 1008 videbatur,
1112 975 1158 1000 re
1181 976 1278 1000 cum
1299 959 1516 1000 nonnullis
1538 957 1828 1014 prudentiori-

369 1029 453 1069 bus
476 1036 575 1069 ante
598 1031 921 1079 communicata,
946 1031 1158 1072 Patribus
1189 1033 1508 1088 proponebant,
1531 1033 1695 1087 partim
1719 1031 1827 1072 Ora-

371 1103 553 1151 toribus,
588 1118 635 1144 ac
668 1103 867 1144 Praelatis
901 1104 1185 1154 mandabant,
1220 1112 1284 1154 ut,
1322 1106 1376 1146 de
1413 1105 1574 1161 quibus
1604 1111 1830 1159 optassent

373 1175 595 1232 Synodum
617 1176 794 1225 consuli,
809 1191 861 1217 ea
878 1177 961 1217 sibi
979 1178 1087 1233 ipsis
1110 1184 1240 1219 antea
1256 1177 1529 1234 inspicienda
1547 1177 1826 1226 exhiberent3

371 1249 508 1304 idque
531 1265 580 1290 eo
603 1250 732 1290 tacite
754 1249 941 1298 consilio,
966 1258 1016 1291 ut
1049 1252 1254 1307 graviora
1276 1251 1331 1291 ad
1353 1251 1620 1292 Sanctissimi
1651 1250 1831 1291 Domini

370 1323 508 1363 nostri
531 1337 657 1363 aures
678 1323 803 1378 prius
825 1323 1080 1378 perferrent,
1104 1325 1270 1380 quibus
1291 1339 1369 1379 per
1389 1324 1539 1365 literas
1557 1324 1607 1372 is,
1637 1324 1756 1379 quod
1777 1340 1831 1365 ex

371 1410 418 1436 re
435 1410 527 1435 csse
547 1396 785 1436 ccnsuisset
801 1395 1032 1451 significari
1050 1396 1301 1446 mandabat,
1317 1396 1507 1452 indeque
1525 1396 1610 1452 ipsi
1626 1396 1826 1437 reforma¹

372 1468 539 1508 tionum
570 1467 760 1508 Decreta
792 1483 871 1522 per
903 1468 1166 1509 Auditorem
1204 1469 1507 1518 contexebant,
1531 1483 1631 1524 quae
1668 1467 1829 1524 synodo

373 1540 671 1589 deliberanda,
706 1540 977 1581 dissimulata
1012 1548 1158 1582 tamen
1197 1542 1365 1584 Summi
1406 1541 1630 1582 Pontifieis
1668 1547 1829 1590 mente,

372 1615 689 1670 proponebant,
708 1629 847 1669 eaque
868 1620 1020 1669 postea
1039 1615 1285 1655 aPatribus
1307 1621 1384 1656 aut
1404 1615 1731 1670 recipiebantur
1752 1621 1830 1656 aut

372 1687 701 1735 refellebantur,
724 1701 801 1726 seu
835 1687 967 1727 variis
996 1686 1147 1735 modis,
1171 1694 1223 1727 ut
1244 1703 1312 1728 res
1332 1687 1515 1734 ferebat,
1538 1687 1829 1727 immutaban-

373 1767 461 1801 tur.
526 1759 722 1815 Ideoque
744 1758 853 1800 nihil
874 1758 984 1799 illud
1017 1766 1095 1800 aut
1119 1759 1306 1800 Concilii
1335 1760 1533 1801 libertati
1556 1767 1633 1801 aut
1652 1767 1829 1815 patrum

377 1833 635 1874 authoritati
655 1832 931 1881 detrahebat,
955 1847 1089 1888 penes
1110 1849 1218 1889 quos
1250 1840 1343 1875 erat
1375 1834 1605 1875 arbitrium
1627 1840 1784 1875 cuncta
1806 1849 1832 1874 a

371 1907 531 1963 legatis
553 1907 779 1961 proposita
798 1905 1016 1960 probandi
1039 1914 1117 1946 aut
1146 1907 1425 1962 improbandi
1438 1923 1449 1957 3
1482 1907 1557 1947 sed
1578 1914 1621 1948 et
1651 1922 1830 1963 progre-

374 1978 520 2019 diente
540 1977 735 2018 Concilio
755 1977 810 2017 ab
827 1976 907 2018 hoc
928 1978 1061 2018 etiam
1077 1978 1282 2019 instituto
1300 1977 1456 2019 deinde
1476 1978 1712 2019 discessum
1728 1979 1829 2028 fuit,

375 2066 472 2092 culn
504 2051 754 2107 legatorum
788 2050 1037 2106 prudentiae
1070 2058 1114 2092 et
1150 2051 1344 2092 Concilio
1387 2053 1533 2092 omnia
1567 2052 1832 2094 moderanda

377 2125 686 2165 Sanctissimus
706 2125 801 2179 ipse
821 2124 962 2165 libere
993 2124 1295 2179 permississet.
1359 2125 1492 2165 Porro
1523 2124 1698 2166 decreta
1718 2126 1829 2181 ipsa,

374 2199 465 2238 sive
489 2197 542 2238 de
564 2197 649 2238 fide
672 2198 763 2238 sive
785 2197 839 2238 de
860 2197 1055 2237 moribus
1075 2197 1301 2253 proposita
1322 2204 1478 2246 essent,
1497 2198 1626 2238 toties
1648 2213 1673 2238 a
1688 2198 1829 2239 Patri-

374 2271 460 2311 bus
487 2270 863 2318 examinabantur,
886 2277 930 2310 et
952 2270 1283 2319 evolvebantur,
1307 2285 1392 2325 quo
1423 2286 1447 2311 a
1478 2271 1629 2328 majori
1655 2271 1830 2312 illorum

375 2350 504 2399 parte
526 2350 702 2398 recepta
723 2350 865 2384 essent
882 2360 892 2393 3
926 2358 1023 2384 cum
1046 2343 1284 2398 unicuique
1305 2342 1396 2383 loco
1418 2358 1498 2384 suo
1520 2358 1571 2384 ea
1590 2343 1828 2394 refellendi,

376 2416 606 2473 arguendi,
621 2416 876 2472 corrigendi,
888 2415 1156 2471 probandive
1171 2415 1351 2456 libertas
1368 2431 1538 2458 summa
1554 2418 1830 2473 relinqueba-

377 2497 465 2531 tur.
499 2489 618 2530 Tum
635 2488 947 2545 deligebantur
966 2503 990 2529 a
1004 2489 1164 2544 legatis
1178 2489 1332 2529 Patres
1348 2489 1517 2545 aliquot
1534 2491 1611 2546 qui
1629 2506 1832 2532 censuras

378 2563 767 2616 annotationesque
793 2577 939 2602 omnes
960 2562 1005 2602 in
1027 2576 1163 2602 unum
1187 2561 1464 2618 colligerent:
1498 2564 1530 2604 si
1555 2564 1664 2620 quid
1685 2571 1830 2606 tamen

378 2635 653 2691 praeclarum,
670 2635 772 2678 licet
794 2650 818 2676 a
838 2635 990 2690 paucis
1007 2641 1180 2675 tantum
1197 2634 1267 2674 vel
1287 2635 1342 2674 ab
1360 2651 1448 2676 uno
1465 2637 1831 2686 animadversum,

381 2707 633 2749 accidissent
651 2713 658 2731 ¹
674 2707 792 2763 quod
814 2707 999 2763 dignum
1016 2708 1068 2748 iis
1084 2706 1303 2747 inserendi
1325 2715 1402 2749 aut
1424 2708 1625 2750 demendi
1647 2710 1832 2752 decretis

930 2797 936 2814 ¹
965 2796 1191 2834 Ascendisseuf,
1210 2795 1281 2825 MS.
