1905 3254
704 287 816 317 sEss.
843 287 921 317 vii.
1461 269 1548 311 459

85 402 133 437 ut
148 395 332 451 contigit
355 395 571 451 Gregorio
588 396 702 437 XII.
729 403 778 438 ut
800 398 862 438 ait
881 398 918 439 F
922 399 1020 438 elin.
1037 412 1129 453 cap.
1194 430 1201 437 .
1246 398 1374 439 Unde
1395 398 1541 454 placet

84 468 230 525 potius
261 468 457 508 clausula
478 469 716 523 generalis3
750 477 801 510 ut
822 470 993 511 dicatur
1025 486 1078 512 ex
1104 472 1227 526 justa
1256 486 1397 519 causa,
1433 486 1536 526 quo<

83 541 198 582 niam
222 542 354 581 variae
375 548 477 581 sunt
508 557 651 582 causae
684 542 905 590 absentiae,
944 543 1029 583 alia
1060 544 1312 591 necessaria,
1336 543 1421 584 alia
1442 558 1538 599 pro-

85 614 260 660 habilia,
298 614 383 654 alia
415 614 677 661 voluntaria,
715 621 758 655 et
790 615 972 654 similia:
1009 621 1059 656 ut
1091 630 1169 670 pro
1202 616 1307 671 glos.
1340 616 1366 655 l.
1389 616 1460 656 fin.
1485 615 1539 656 de

84 686 220 726 restit.
247 685 290 724 in
312 685 478 740 integr.,
503 686 606 726 &ct
640 685 783 741 quoad
815 686 1111 740 quaestionem,
1150 701 1204 726 an
1225 686 1457 727 residentia
1487 688 1541 728 sit

84 756 207 797 Juris
241 756 390 804 divini,
428 758 629 812 quamvis
664 758 799 813 aliqui
832 758 984 798 Patres
1016 758 1207 799 dixerint
1237 758 1317 799 hoc
1351 773 1442 799 esse
1477 759 1543 799 ita

83 829 260 877 clarum,
298 830 426 871 sicuti
461 830 505 870 id
537 838 600 872 est
633 838 773 872 totum
815 835 957 886 majus
989 846 1068 872 sua
1100 838 1244 887 parte,
1278 846 1360 887 ego
1395 838 1540 872 tamen

83 904 222 945 fateor
249 903 354 943 mihi
375 903 693 944 dubitationem
712 904 877 944 haerere
890 921 900 953 3
934 919 1033 944 nam
1056 912 1329 959 praeceptum
1351 905 1538 946 residen-

82 977 156 1018 tiae
178 977 405 1032 restringit
426 977 582 1024 locum,
599 992 819 1032 personas,
839 984 882 1018 et
903 977 1081 1018 modum
1106 977 1320 1033 pascendi,
1339 977 1543 1019 videlieet

83 1065 161 1106 per
183 1065 242 1098 se,
266 1057 306 1091 et
324 1065 409 1090 non
439 1065 517 1105 per
541 1051 689 1091 alium.
753 1051 869 1090 Nam
892 1051 1057 1105 primo¹
1091 1066 1145 1091 ex
1173 1050 1423 1107 Evangelio
1445 1065 1539 1091 con·

82 1124 266 1164 trarium
289 1129 457 1164 constat
469 1140 480 1173 3
513 1124 590 1171 ibi,
610 1124 763 1165 faciam
781 1139 855 1164 vos
877 1124 1116 1165 Piscatores
1136 1123 1373 1169 hominum,
1391 1131 1436 1165 et
1456 1138 1540 1165 non

83 1197 197 1237 dixit
216 1197 358 1252 magis
378 1196 531 1237 horum
556 1212 687 1252 quam
705 1197 901 1244 istorum,
922 1198 996 1237 &c
1015 1213 1023 1237 :
1057 1198 1115 1236 2⁰.
1140 1197 1209 1237 Ite
1231 1197 1273 1237 in
1290 1198 1540 1238 universum

83 1270 308 1316 mundum,
340 1277 383 1310 et
404 1269 642 1325 praedicate
664 1270 780 1310 omni
803 1278 1027 1317 creaturae,
1052 1271 1151 1319 &03
1185 1285 1289 1325 ergo
1311 1286 1395 1311 non
1417 1271 1544 1311 certis

84 1349 254 1384 tantum
279 1343 493 1398 personis:
527 1342 581 1381 3⁰.
617 1342 733 1392 Quia
754 1342 926 1389 dieitur,
959 1357 1086 1397 pasce
1109 1357 1211 1383 oves
1231 1358 1360 1390 meas,
1384 1344 1476 1389 &c.,
1499 1351 1543 1384 et

83 1430 168 1456 non
201 1414 432 1472 distinguit
466 1430 576 1470 quas
611 1430 726 1456 oves.
789 1414 962 1455 Deinde
1005 1416 1040 1455 si
1074 1415 1307 1456 residentia
1341 1422 1405 1456 est
1434 1431 1543 1471 prae-

85 1496 212 1544 cepta
252 1503 277 1529 a
313 1487 495 1534 Christo,
532 1502 666 1543 quare
707 1487 743 1527 is
783 1501 866 1527 non
908 1488 1151 1542 assignavit
1180 1494 1339 1528 certam
1382 1489 1540 1534 sedem,

83 1560 169 1601 imo
191 1575 241 1601 eo
261 1567 457 1616 tempore
478 1574 563 1600 non
591 1565 776 1615 poterat,
811 1574 907 1600 cum
941 1559 1132 1599 nondum
1167 1566 1310 1600 essent
1342 1559 1544 1599 civitates

85 1633 346 1684 Catholicae3
379 1649 477 1675 nam
512 1641 665 1689 postca
697 1632 819 1674 sedes
851 1639 952 1673 sunt
984 1632 1198 1673 distinctae
1232 1649 1264 1673 c.
1294 1634 1327 1673 l.
1352 1634 1420 1679 ⁶22,
1443 1633 1542 1674 (list.

85 1714 128 1748 et
157 1707 213 1747 99
235 1707 332 1748 dist.
357 1723 388 1748 c.
412 1722 507 1748 ecee
540 1714 584 1747 et
617 1721 705 1762 seq.
741 1706 869 1756 facit3
902 1713 944 1747 et
976 1722 1007 1747 e.
1031 1720 1114 1746 non
1145 1713 1318 1761 oportet
1354 1706 1391 1753 7,
1426 1713 1470 1761 qe
1496 1707 1543 1755 13

86 1786 131 1821 et
153 1787 253 1821 ante
283 1780 527 1820 Concilium
564 1780 844 1820 Sardieenum
879 1780 1142 1820 audiebatur
1172 1779 1264 1819 haec
1299 1794 1395 1827 vox,
1419 1778 1543 1819 Resi-

87 1852 257 1903 dentia3
309 1852 385 1893 sed
430 1853 492 1893 ibi
534 1853 723 1909 primum
766 1860 992 1908 usurpata.
1075 1852 1175 1892 Non
1222 1852 1382 1899 obstat,
1426 1851 1545 1907 quod

87 1941 262 1982 pascere
297 1926 352 1966 sit
374 1925 427 1966 de
457 1925 570 1966 Jure
593 1925 765 1974 divino3
798 1941 897 1966 nam
927 1926 1089 1966 fateor:
1123 1924 1197 1965 sed
1229 1925 1349 1965 locus
1382 1932 1425 1966 et
1457 1940 1544 1965 mo-

87 1999 168 2040 dus
198 1998 405 2055 pascendi
432 2013 516 2039 non
555 2005 619 2039 est
654 2014 679 2039 a
712 1999 823 2040 Jure
859 1998 1019 2045 divino,
1058 1998 1184 2037 sicuti
1222 1998 1544 2038 matrimonium

87 2078 151 2113 est
186 2087 210 2113 a
244 2072 357 2112 Jure
394 2071 554 2119 divino,
591 2079 635 2112 et
666 2079 810 2112 tamen
843 2071 996 2111 modus
1028 2069 1307 2110 contrahendi
1340 2077 1383 2110 et
1410 2070 1545 2111 forma

88 2145 323 2186 verborum
347 2152 412 2186 est
433 2145 486 2185 de
508 2145 618 2185 Jure
642 2144 785 2194 civili3
819 2145 876 2185 sie
901 2143 1125 2184 Confessio
1148 2149 1191 2183 et
1214 2142 1383 2183 similia.
1449 2142 1544 2182 Imo

88 2218 205 2274 quod
224 2219 433 2274 Episcopi
454 2218 587 2258 soluti
615 2225 717 2258 sunt
752 2217 831 2258 hoc
859 2232 1000 2263 onere,
1034 2217 1139 2272 quia
1161 2216 1216 2256 ob
1239 2215 1348 2255 hanc
1371 2230 1543 2256 causam

89 2293 221 2333 creati
254 2292 434 2333 fuerunt
471 2292 735 2348 Presbyteri,
777 2299 820 2332 et
862 2292 912 2331 iis
952 2291 1230 2345 assignantur
1270 2288 1479 2328 Ecclesiae
1521 2303 1546 2329 a

90 2364 264 2420 DyoniS.
289 2380 314 2405 a
334 2366 473 2409 Leon.
498 2366 633 2421 Papa,
657 2366 860 2421 quoniam
894 2364 1043 2404 messis
1076 2364 1227 2409 multa,
1261 2361 1448 2416 operarii
1471 2376 1544 2402 au-

90 2444 175 2479 tem
208 2439 351 2494 pauci.
414 2438 519 2480 Ideo
555 2445 671 2479 reete
711 2438 813 2478 lieet
847 2437 971 2477 nobis
1006 2451 1155 2477 eorum
1190 2435 1257 2476 uti
1288 2448 1434 2489 opera,
1469 2449 1546 2475 nec

91 2517 190 2551 sunt
212 2511 477 2559 mercenarii,
508 2526 585 2552 nec
611 2511 745 2558 fures,
770 2517 820 2550 ut
843 2509 979 2563 aliqui
1001 2508 1165 2555 dicunt,
1189 2514 1419 2562 postquam
1444 2522 1544 2548 vere

93 2582 299 2639 assignati
321 2584 515 2631 fuerunt,
539 2591 582 2624 et
603 2583 794 2623 instituti
816 2582 871 2622 ab
892 2580 1088 2621 Ecclesia
1109 2579 1188 2620 hac
1210 2579 1262 2619 de
1285 2593 1427 2619 causa.

90 2674 110 2689 “
126 2672 324 2714 Dispensatio
339 2674 377 2703 de
392 2683 453 2703 non
471 2672 681 2711 Residend‹›,“
705 2683 757 2712 pp.
776 2672 848 2703 445.
864 2674 893 2701 et
909 2680 994 2710 seqq.
1012 2669 1060 2699 ed.
1079 2668 1186 2707 Lugd.
1205 2668 1295 2698 1570.
1342 2668 1470 2699 Felinus
1486 2680 1547 2699 was

91 2733 110 2752 a.
123 2725 222 2754 writer
236 2726 270 2755 of
280 2736 299 2755 a
312 2725 433 2755 similar
448 2727 535 2755 class.
584 2725 650 2755 The
665 2726 816 2754 reference
832 2728 862 2753 to
879 2723 944 2752 him
959 2732 1054 2752 seems
1069 2726 1100 2751 to
1116 2722 1152 2751 be
1167 2721 1322 2751 deficient.

136 2775 143 2793 ¹
168 2777 233 2807 The
245 2778 316 2808 MS.
328 2777 383 2809 has
398 2778 480 2809 imo:
502 2778 559 2807 but
572 2777 623 2807 the
637 2777 800 2815 following
818 2774 973 2805 numerals
987 2773 1069 2804 show
1085 2773 1149 2803 that
1164 2772 1265 2814 primo
1279 2777 1361 2803 must
1377 2772 1454 2803 have
1470 2773 1547 2803 been

88 2829 244 2862 intended.
