1905 3254
0 75 12 91 s
0 0 26 69 *ᾗ

681 270 791 300 ΞΕΞΞ.
817 270 891 301 vn.
1433 258 1515 299 569

7 412 16 424 ,
59 380 237 422 constet,
261 380 305 414 et
322 374 443 415 Beda
464 375 652 416 affirmat
674 376 837 432 Populi
859 392 1060 418 assensus
1083 378 1257 418 omnino
1277 378 1512 433 rejiciatur,

59 462 156 488 cum
176 462 253 488 nec
270 454 396 488 vetus
412 448 610 489 Ecclesia
625 449 671 489 id
686 450 899 504 requirat,
915 457 957 490 et
977 450 1104 491 facile
1122 450 1235 491 sitin
1249 449 1330 492 hac
1346 452 1513 492 ratione

57 521 103 561 in
119 520 302 576 laqueos
318 520 623 561 haereticorum
642 521 758 561 trahi
773 537 783 570 3
809 522 885 563 sed
904 523 1186 577 permittatur
1200 524 1341 564 libera
1360 524 1513 565 electio

59 589 161 632 Sedi
184 591 467 646 Apostolicae,
491 598 533 631 et
555 592 869 634 nominationes
893 593 1131 635 Catholicis
1152 595 1463 650 Principibus.¹

114 663 267 704 Abbas
288 663 344 704 D.
370 663 609 719 Aug-In
628 663 682 708 4⁰,
703 666 952 721 assignetur
973 665 1141 706 reditus
1159 667 1241 706 500
1255 674 1491 708 scutorum.

115 736 272 776 Abbas
303 735 360 775 D.
386 735 817 777 Eutichius——Alius
839 737 942 778 ordo
964 744 1161 778 servetur
1180 739 1223 779 in
1245 739 1514 794 disponenda

56 810 253 851 materia.
317 810 370 850 In
391 809 532 865 primo
555 809 872 851 admoneantur
904 810 1150 867 Regularcs
1182 826 1313 867 quam
1346 815 1513 868 pericu-

55 883 196 924 losum
216 883 270 924 sit
290 897 413 930 onus,
438 889 482 923 et
505 897 635 937 quam
658 890 758 923 sunt
781 883 995 924 reddituri
1018 885 1242 925 rationem.

114 955 270 996 Abbas
285 954 595 1004 Gallus—Qui
616 954 761 1010 [dixit]
782 955 883 997 licet
897 957 1052 997 Patres
1069 955 1340 998 decreverint
1355 958 1512 1013 impro-

0 1035 6 1040 '
55 1027 161 1068 bare
180 1027 372 1082 primum
405 1033 548 1082 caput,
572 1034 717 1068 tamen
750 1029 952 1084 exemplo
976 1029 1195 1069 Ciceronis
1227 1044 1306 1085 pro
1326 1030 1512 1086 Ligurio

55 1114 197 1142 coram
210 1099 398 1148 Caesare,
409 1099 539 1140 liceat
554 1100 593 1140 ei
608 1100 777 1155 aliquid
791 1102 920 1142 etiam
934 1101 1013 1142 hoc
1029 1109 1289 1158 argumento
1303 1103 1510 1157 proferre.

54 1173 253 1215 Primum
271 1172 411 1227 igitur
433 1178 512 1222 est,
533 1174 847 1214 nominationes
877 1174 1102 1224 tollendaS,
1121 1175 1226 1230 quia
1245 1190 1329 1215 non
1352 1191 1511 1231 cogun-

55 1254 143 1294 tur,
166 1245 459 1301 Principibus,
481 1253 532 1286 ut
564 1246 607 1286 in
631 1247 761 1286 tertia
795 1247 967 1301 Synodo
992 1247 1099 1287 Can.
1125 1248 1177 1295 8,
1200 1254 1243 1287 et
1271 1248 1507 1303 Nicephor.

54 1320 130 1361 lib.
156 1321 236 1367 12„
259 1326 303 1360 et
324 1319 368 1359 in
390 1319 433 1359 '2³
452 1319 634 1366 Nicena,
656 1326 701 1359 et
722 1319 765 1358 in
787 1319 827 1358 S.
853 1319 1038 1374 Synodo,
1061 1326 1112 1360 ut
1133 1320 1174 1359 in
1207 1336 1239 1359 e.
1265 1320 1434 1361 Adrian
1456 1321 1512 1360 63

54 1391 171 1432 Dist.
186 1408 197 1441 3
220 1398 263 1432 et
286 1390 526 1432 Concilium
542 1390 839 1431 Lateranense
855 1398 978 1432 vocat
998 1391 1229 1432 electiones
1242 1392 1510 1432 saecularium

55 1465 231 1506 abusus.
296 1464 348 1505 Id
369 1479 545 1519 quoque
567 1464 783 1519 probatur
805 1479 857 1504 ex
879 1464 1194 1519 antiquissimis
1217 1464 1438 1512 Patribus,
1462 1472 1513 1506 ut

0 1531 2 1533 ‚
54 1540 97 1580 in
119 1539 306 1595 epistola
326 1538 440 1580 Julii
463 1538 599 1593 Papae
622 1544 665 1578 et
702 1537 913 1578 Athamas.
939 1538 982 1577 in
1016 1538 1141 1593 epist.
1167 1537 1222 1578 ad
1255 1537 1509 1587 Orthodox.‚

55 1619 99 1654 et
119 1612 374 1654 Alexander
394 1615 491 1667 ejus
513 1626 728 1651 successor
742 1627 774 1651 c.
799 1612 852 1658 2.,
871 1618 914 1652 et
937 1611 1180 1666 Gregorius
1201 1611 1512 1651 Nanianzcnus

53 1688 97 1728 in
117 1687 311 1728 oratione
332 1685 385 1727 de
407 1686 558 1726 funere
580 1686 740 1726 Patris.
804 1685 919 1734 (Quia
940 1684 1071 1725 etiam
1101 1683 1255 1738 optimi
1287 1683 1512 1739 Principes

53 1760 293 1802 noluerunt
313 1759 390 1800 hoc
411 1759 697 1815 privilegium
721 1773 952 1813 agnoscere
972 1774 980 1797 ε
1013 1756 1139 1797 credo
1161 1756 1351 1811 primum
1380 1757 1511 1798 fuisse

54 1833 415 1876 Valentinianum
442 1839 638 1887 tempore
670 1830 908 1877 Ambrosii,
941 1829 1015 1884 qui
1046 1829 1275 1869 recusavit.
1337 1829 1509 1870 Deinde

56 1906 240 1948 Carolus
261 1920 463 1962 magnus,
499 1911 548 1945 ut
580 1904 767 1944 refertur
803 1903 859 1943 63
887 1903 1019 1950 Dist.,
1049 1902 1126 1942 'Stus
1149 1901 1403 1942 Ludovicus
1435 1917 1510 1943 rex

98 2051 108 2070 ¹
136 2051 302 2088 Mendem,
328 2051 385 2090 Bp.
410 2051 445 2080 os
468 2049 665 2087 Salamanca,
684 2049 714 2079 in
738 2049 786 2079 his
811 2049 969 2079 Succdido
995 2059 1032 2078 en
1056 2048 1084 2078 el
1110 2048 1210 2079 Cone.
1235 2047 1424 2087 depTrento,
1440 2047 1510 2077 MS.

53 2105 107 2136 fol.
121 2105 170 2143 Sl,
184 2106 294 2141 writes,
310 2104 375 2134 that
390 2103 427 2133 he
441 2103 563 2133 arrived
577 2108 610 2132 at
624 2103 718 2132 Trent
733 2103 811 2132 aster
827 2114 866 2132 an
883 2103 1013 2132 absence
1029 2101 1214 2131 occasioned
1231 2101 1270 2140 by
1288 2100 1395 2130 illness
1411 2101 1512 2131 before

53 2159 104 2190 the
120 2157 310 2189 discussions
335 2168 373 2187 on
398 2156 449 2186 the
473 2156 583 2186 abuses
608 2156 643 2186 os
664 2155 779 2185 Orders
803 2155 865 2185 had
881 2155 996 2191 closed,
1011 2154 1114 2184 which
1131 2165 1193 2184 was
1208 2154 1258 2183 the
1277 2153 1349 2183 lssth
1363 2154 1400 2184 of
1418 2153 1512 2191 June,

53 2213 117 2244 and
132 2212 198 2243 that
215 2211 252 2241 he
267 2210 361 2252 spoke
385 2222 424 2240 on
451 2210 502 2239 tlxe
525 2209 647 2250 subject
664 2209 696 2238 in
712 2209 759 2238 his
775 2214 858 2239 turn.
905 2209 951 2238 He
974 2208 1028 2238 has
1050 2207 1199 2238 recorded
1221 2206 1268 2236 his
1289 2206 1410 2246 speech.
1458 2206 1513 2235 His

52 2276 144 2296 name
167 2265 240 2296 doae
261 2270 315 2295 not
337 2274 451 2305 appear
475 2274 508 2293 as
531 2273 550 2292 a
572 2262 698 2303 speaker
721 2262 753 2292 iu
779 2261 968 2292 Servantio‘s
991 2262 1101 2300 Diary,
1119 2272 1173 2291 nor
1188 2259 1361 2297 elsewhere,
1375 2270 1408 2290 as
1426 2261 1436 2289 1
1455 2270 1512 2289 can

53 2320 130 2350 find.
177 2320 215 2348 In
232 2329 272 2349 an
287 2322 408 2349 extract
432 2318 471 2356 by
490 2318 532 2347 Le
548 2317 621 2347 Piat
643 2317 723 2346 from
748 2316 902 2354 Martene,
922 2316 990 2345 Yet.
1008 2315 1108 2353 Mon„
1123 2314 1170 2344 his
1190 2324 1282 2344 name
1307 2323 1415 2343 occurs
1440 2312 1470 2342 in
1494 2323 1513 2342 a

58 2374 239 2404 Particular
254 2371 494 2410 Congregation‚
510 2370 592 2400 June
613 2370 661 2406 ll,
678 2369 740 2400 and
758 2369 807 2399 the
822 2368 931 2409 speech
947 2367 1047 2406 might
1061 2367 1138 2397 have
1155 2367 1231 2396 been
1247 2365 1405 2396 delivered
1428 2365 1512 2394 then.

56 2428 145 2458 Mon.
161 2426 260 2457 Cone.
276 2426 366 2456 Trid.
383 2425 424 2455 vi.
443 2435 470 2465 p.
489 2424 557 2454 10⁴2.
602 2423 667 2453 The
682 2423 802 2463 speech,
818 2422 965 2459 however,
981 2421 1036 2451 lius
1051 2430 1134 2450 some
1157 2418 1350 2449 remarkable
1376 2428 1515 2458 passages

54 2480 86 2511 in
103 2481 137 2520 it,
152 2479 359 2521 particularly
377 2478 426 2508 the
449 2477 611 2516 following
626 2488 632 2506 :
658 2478 703 2507 De
721 2477 773 2505 120
795 2476 932 2512 Canone,
952 2479 985 2503 ut
1001 2475 1107 2503 dicam
1125 2472 1204 2512 quid
1219 2471 1325 2508 sentio,
1341 2474 1421 2501 certe
1437 2481 1512 2500 cum

53 2534 176 2564 videam
195 2534 225 2563 in
242 2532 376 2563 ecclesia
391 2531 508 2562 Christi
525 2535 567 2560 tut
583 2531 726 2560 scandala
743 2530 775 2558 ob
793 2529 985 2558 Sacer-dotum
1003 2526 1246 2555 incontinentiam
1264 2528 1379 2561 exorta,
1394 2527 1431 2553 ut
1452 2533 1513 2553 non

54 2587 190 2619 Heretici
206 2586 310 2622 modo,
323 2585 376 2615 sed
395 2584 540 2615 Catholici
553 2583 646 2614 etiam
663 2583 857 2613 vehementer
872 2580 1088 2616 offendanturj.
1112 2589 1196 2614 nam,
1210 2578 1287 2606 dum
1303 2575 1515 2606 adolescentes

55 2646 199 2671 creantur
213 2640 395 2677 sacerdotes,
411 2638 571 2668 inhonesta
586 2643 617 2667 et
631 2636 782 2667 dissoluta
798 2636 863 2665 vita
879 2634 997 2664 caeteris
1010 2637 1082 2663 sunt
1103 2631 1262 2669 scandalo,
1277 2634 1307 2660 et
1328 2627 1512 2660 sacerdotali

55 2693 203 2733 dignitati
219 2693 359 2723 maximo
375 2691 533 2729 dedecori,
549 2701 706 2731 cuperent,
725 2691 780 2719 ἃς.
826 2688 903 2717 'l‘his
919 2687 942 2717 is
959 2687 1007 2716 the
1021 2696 1105 2716 same
1126 2685 1292 2723 language‚
1309 2682 1383 2721 only
1398 2693 1417 2712 a
1432 2681 1514 2712 little

55 2751 201 2786 armiger,
215 2757 248 2776 as
262 2757 392 2787 appears
408 2745 437 2775 in
454 2745 506 2775 the
521 2744 631 2785 speech
657 2744 691 2773 os
714 2743 763 2772 the
788 2742 846 2781 Bp.
864 2742 899 2771 os
918 2740 968 2770 the
992 2740 1068 2770 Five
1085 2738 1258 2774 Churches,
1273 2748 1303 2777 p.
1321 2736 1394 2773 540,
1409 2736 1444 2767 of
1461 2735 1512 2765 the

57 2804 177 2840 present
192 2799 320 2838 history.
