1905 3254
695 285 809 315 sssss.
837 285 895 313 γι.
1448 265 1531 304 v‘205

71 396 257 443 terium3
289 393 364 435 sed
387 392 650 434 authoritate
684 392 856 448 fideque
892 391 1124 432 authorum
1155 389 1394 430 multorum
1417 387 1525 427 anti-

74 482 259 523 quorum
294 466 684 520 recentiorumque,
720 479 829 519 quos
871 463 1125 509 nominavit,
1170 477 1261 503 esse
1293 460 1526 502 munitum.

78 541 248 581 Praeter
269 539 361 579 haec
387 539 564 579 fuerunt
591 544 634 578 et
656 538 861 578 nonnulla
886 538 971 578 alia
992 537 1036 576 in
1056 535 1250 576 doctrina
1271 541 1314 575 et
1343 532 1529 574 Canoni-

78 613 160 653 bus
191 611 421 652 observata
456 625 481 650 a
513 610 783 665 Segobiensi,
822 609 1079 656 Mutinensi,
1125 605 1439 662 senogalliensi
1483 619 1530 645 ac

77 685 183 726 aliis.
249 684 376 725 Unde
398 699 549 724 rursus
570 682 747 723 delectis
769 682 976 723 Patribus
1005 681 1230 736 negotium
1263 679 1416 719 datum
1444 677 1530 718 fuit

76 759 192 799 illius
214 757 510 804 emendandae,
539 762 583 797 et
604 756 647 796 in
670 756 913 797 breviorem
945 754 1177 795 formulam
1200 750 1530 800 contrahendae3

78 831 195 887 quod
227 847 325 872 cum
361 831 415 871 ab
449 829 536 870 illis
568 844 652 870 non
685 829 822 869 multo
857 835 955 883 post
988 827 1235 883 praestitum
1273 831 1399 871 esset,
1436 831 1529 865 tum

76 919 227 945 rursus
266 904 411 944 omnia
451 903 658 944 Patribus
699 901 989 943 examinanda
1030 901 1234 947 eduntur,
1274 915 1372 954 quae
1407 904 1532 939 erant

77 976 340 1033 hujusmodi.

171 1095 401 1141 Doctrina
437 1105 483 1141 et
520 1094 740 1142 Canones
779 1094 1198 1141 sacramentorum
1237 1092 1444 1138 secundo

672 1177 915 1239 propositi.

138 1275 415 1315 Sacrosancta
438 1271 652 1329 Synodus,
678 1274 767 1321 &c.,
790 1280 841 1313 ut
863 1279 1003 1319 vetus,
1030 1271 1241 1318 absoluta,
1267 1277 1398 1326 atque
1421 1271 1534 1309 omni

78 1364 130 1390 ex
152 1355 277 1403 parte
299 1347 504 1403 perfecta,
528 1347 581 1387 de
599 1362 759 1402 magno
775 1345 1066 1386 Eucharistiae
1084 1344 1288 1400 mysterio
1310 1344 1354 1383 in
1378 1344 1536 1384 Sancta

81 1420 305 1462 Catholica
337 1420 441 1460 Ec&
480 1419 586 1459 fides
620 1427 751 1474 atque
789 1419 983 1460 doctrina
1016 1419 1272 1465 retineatur,
1307 1423 1350 1457 et
1382 1417 1423 1457 in
1456 1432 1537 1457 sua

77 1493 282 1549 puritate,
305 1493 506 1533 omnibus
540 1492 809 1547 propulsatis
843 1492 1063 1532 erroribus
1092 1497 1135 1531 et
1163 1489 1416 1537 haeresibus,
1440 1505 1535 1529 con-

79 1574 289 1614 servetur,
312 1565 365 1606 de
389 1581 441 1606 ea
464 1573 679 1620 quatenus
704 1580 854 1605 verum
879 1571 921 1604 et
942 1564 1165 1619 singulare
1197 1563 1468 1609 sacrificium,
1493 1569 1537 1603 et

81 1640 270 1695 Spiritus
307 1639 453 1679 Sancti
484 1638 779 1678 illustratione
823 1637 989 1683 edocta,
1032 1635 1124 1675 haec
1158 1650 1254 1690 qnae
1289 1642 1538 1689 sequuntur

79 1714 216 1760 docet,
240 1713 443 1759 declarat,
473 1719 516 1752 et
536 1711 741 1752 fidelibus
773 1710 948 1765 populis
981 1708 1268 1764 praedicanda,
1298 1723 1537 1763 eorumque

81 1786 333 1842 pectoribus
355 1784 605 1825 inculcanda
628 1783 836 1824 decernit.

141 1860 356 1909 Quoniam
396 1859 478 1899 sub
510 1858 646 1913 priori
684 1863 958 1903 testamento,
991 1861 1102 1895 teste
1136 1853 1348 1909 Apostolo
1381 1853 1535 1900 Paulo,

82 1939 262 1988 propter
289 1931 476 1972 Levitici
499 1929 726 1970 sacerdotii
748 1927 1093 1968 imbecillitatem
1117 1926 1429 1966 consummatio
1452 1940 1535 1965 non

81 2012 185 2052 erat,
227 2004 435 2059 oportuit,
472 2002 568 2042 Deo
601 2002 733 2041 Patre
768 1999 1153 2040 misericordiarum
1196 1999 1257 2038 ita
1297 1998 1536 2046 ordinante,

83 2077 348 2119 sacerdotem
382 2076 515 2116 alium
541 2073 778 2115 secundum
803 2072 997 2113 ordinem
1023 2070 1316 2111 Melchisedec
1343 2086 1536 2127 surgere,

82 2150 231 2191 Dnum
254 2165 348 2190 nrm
378 2148 531 2189 Jesum
569 2147 810 2193 Christum,
846 2146 918 2201 qui
952 2152 1096 2200 posset
1128 2159 1288 2189 omnes,
1324 2151 1539 2200 quotquot

83 2223 371 2265 sanctificandi
389 2229 544 2267 essent,
568 2234 882 2267 consummare,
906 2226 949 2259 et
967 2218 1022 2258 ad
1045 2218 1286 2273 perfectum
1309 2217 1538 2259 adducere.

85 2295 170 2336 His
190 2296 341 2351 igitur,
364 2294 487 2335 Deus
509 2301 552 2334 et
576 2293 703 2333 Dnus
725 2299 879 2339 noster,
905 2292 983 2332 etsi
1006 2290 1138 2330 semel
1160 2290 1353 2344 seipsum
1377 2290 1420 2329 in
1443 2305 1541 2330 arca

88 2368 220 2408 crucis
237 2359 379 2408 morte
395 2365 689 2407 intercedente
713 2365 809 2405 Deo
834 2364 956 2405 Patri
979 2364 1209 2403 oblaturus
1233 2368 1337 2407 erat,
1354 2368 1401 2402 ut
1419 2368 1541 2402 aeter-

88 2453 186 2479 nam
208 2439 292 2480 illis
313 2438 655 2494 redemptionem
679 2444 945 2493 operaretur,
971 2437 1077 2491 quia
1094 2442 1239 2475 tamen
1263 2450 1340 2490 per
1360 2440 1539 2474 mortem

93 2512 377 2553 sacerdotium
400 2516 494 2567 ejus
517 2510 868 2566 extinguendum
895 2524 976 2549 non
999 2516 1105 2555 erat,
1130 2515 1179 2548 ut
1201 2523 1244 2548 se
1277 2507 1539 2548 sacerdotem

91 2585 324 2626 secundum
367 2585 558 2626 ordinem
597 2583 889 2625 Melchisedec
930 2584 970 2623 in
1006 2590 1215 2623 aeternum
1258 2581 1540 2622 constitutum

90 2659 342 2703 ostenderet.
368 2667 410 2700 et
438 2659 610 2700 dileetae
633 2674 723 2699 sua*
747 2674 927 2713 sponsae,
954 2659 1078 2704 Eece,
1114 2656 1295 2704 visibile,
1330 2662 1381 2696 ut
1408 2655 1542 2696 homi-

90 2747 190 2773 num
223 2740 378 2774 natura
406 2733 557 2788 exigit,
590 2732 856 2787 relinqueret
889 2730 1160 2775 sacrificium,
1194 2744 1280 2783 quo
1314 2735 1541 2769 cruentum

88 2804 196 2846 illud
218 2805 349 2846 semel
376 2806 417 2845 in
440 2820 564 2845 cruce
596 2803 898 2859 peragendum
935 2808 1325 2856 representaretur‚
1361 2802 1542 2856 ejusque
