1905 3254
321 311 405 352 262
952 326 1059 356 sEss.
1083 327 1139 356 vl.

324 451 436 481 τικον,
458 433 503 473 id
524 439 604 480 est,
626 432 894 488 Episcopum
925 439 1079 487 aptum
1111 431 1166 472 ad
1197 431 1439 472 docendum
1454 448 1464 481 3
1497 431 1697 487 quamvis
1717 430 1773 472 ad

320 505 400 546 hoc
422 505 701 560 probandum
723 505 877 546 deinde
896 505 1139 561 plurimum
1170 504 1378 560 expediat
1403 504 1629 559 publicum
1660 503 1774 544 illud

321 579 629 625 testimonium,
669 594 757 634 quo
797 577 924 618 hodie
956 578 1000 618 in
1041 577 1290 618 Academiis
1328 576 1532 617 Doctoris
1567 576 1697 617 titulo
1732 582 1776 617 et

318 658 572 693 ornamento
593 652 722 707 periti
741 652 876 692 solent
897 651 1109 707 insigniri.

378 726 581 766 Tertium
619 725 738 781 quod
772 725 973 780 sequitur
1003 725 1255 771 Decretum,
1287 724 1542 779 petentibus
1580 723 1772 779 primum

320 798 546 839 Lusitanis
579 805 623 839 et
655 798 883 853 Hispanis,
918 798 1002 838 fuit
1034 798 1320 853 propositum,
1355 797 1473 853 quod
1502 797 1705 844 dicerent,
1728 802 1773 836 et

319 872 561 926 praesertim
597 871 847 926 Episcopus
879 870 1120 918 Auriensis,
1155 871 1315 910 multas
1351 885 1394 910 se
1428 870 1589 909 habere
1624 869 1669 908 in
1705 883 1772 909 eo-

318 957 416 983 rum
438 943 646 984 Ecclesiis
675 943 937 998 dignitates:
971 942 1041 982 hae
1069 942 1308 982 honor-ariae
1335 956 1419 981 non
1441 947 1594 988 essent,
1627 946 1775 981 contra

319 1032 467 1057 eorum
503 1016 833 1065 institutionem,
869 1015 971 1056 huic
1005 1015 1124 1055 oneri
1160 1013 1451 1070 subjiciendae.
1515 1015 1558 1055 A
1592 1014 1774 1069 reliquis

317 1095 463 1130 tamen
495 1089 731 1143 probatum
765 1088 863 1136 fuit,
899 1087 1019 1143 quod
1052 1088 1116 1128 ita
1149 1087 1292 1128 cultus
1323 1087 1498 1127 divinus
1532 1093 1773 1142 augeatur3

316 1177 394 1203 nec
433 1177 611 1217 aequum
652 1162 719 1209 sit,
752 1162 933 1203 titulum
974 1162 1175 1202 locumve
1208 1162 1251 1202 in
1285 1162 1393 1202 Ecca
1424 1162 1479 1201 ab
1513 1161 1604 1201 ullo
1639 1161 1773 1202 otiose

317 1241 581 1290 occupatum
597 1235 795 1276 detineri.
851 1235 1068 1285 Quoniam
1088 1249 1191 1275 vero
1213 1235 1256 1274 in
1278 1234 1429 1275 eadem
1447 1234 1553 1275 Ecca
1580 1248 1665 1274 non
1686 1249 1773 1274 om-

316 1322 393 1348 nes
415 1307 598 1363 aequalis
619 1314 859 1362 proventus
880 1314 983 1348 sunt
1005 1308 1253 1364 dignitates,
1277 1313 1321 1348 et
1341 1306 1502 1347 durum
1524 1306 1771 1355 videbatur,

320 1380 489 1435 [quod¹]
527 1381 657 1421 tertia
686 1395 787 1435 pars
813 1396 867 1421 ex
894 1381 1111 1421 fructibus
1144 1380 1335 1420 omnium
1357 1380 1622 1436 dignitatum
1644 1380 1773 1421 simul

316 1460 430 1495 esset
453 1454 578 1509 quasi
594 1454 637 1494 in
651 1469 788 1494 unum
805 1469 1008 1495 acervum
1028 1453 1354 1503 confundenda3
1378 1453 1475 1494 hinc
1496 1454 1607 1494 enim
1630 1454 1770 1508 sequi,

316 1533 367 1567 ut
389 1527 462 1568 ille
484 1527 560 1582 qui
580 1533 757 1568 tenuem
786 1527 1044 1582 dignitatem
1073 1525 1255 1566 haberet
1283 1526 1452 1565 lucrum
1484 1540 1695 1581 magnum
1718 1540 1772 1566 ex

316 1599 496 1640 alterius
517 1599 646 1655 longe
667 1600 912 1655 pinguioris
932 1600 1130 1655 portione
1153 1605 1264 1639 esset
1285 1598 1491 1638 facturus.
1533 1599 1773 1653 Propterea

316 1678 530 1712 statutum
567 1671 663 1716 fuit,
697 1671 1065 1727 praescribendum
1099 1672 1336 1726 unicuique
1369 1670 1602 1726 separatim
1628 1671 1772 1712 minis-

315 1746 475 1785 terium
513 1759 644 1784 suum
677 1759 775 1784 eum
817 1744 1108 1785 emolumento
1148 1744 1371 1791 damnove,
1413 1744 1530 1799 quod
1564 1745 1604 1785 ei
1639 1749 1772 1800 juxta

313 1817 509 1858 laborem
531 1832 660 1858 suum
685 1817 738 1858 sit
762 1832 1046 1857 accessurum.

371 1890 424 1930 In
446 1890 489 1930 80
519 1888 692 1930 decreto
716 1890 894 1930 memini
924 1889 1073 1930 addita
1104 1889 1236 1930 fuisse
1257 1905 1309 1931 ea
1329 1890 1479 1937 verba,
1511 1904 1596 1930 non
1626 1896 1771 1932 tamen

313 1964 395 2003 sub
436 1962 613 2019 Regum
648 1963 902 2004 immediata
933 1963 1200 2019 protectione
1237 1970 1352 2011 sunt,
1384 1964 1448 2004 ita
1471 1971 1648 2019 petente
1683 1965 1770 2007 Ore

313 2035 452 2092 Regis
487 2036 729 2077 Lusitaniae
771 2037 827 2077 ob
876 2036 1079 2092 quaedam
1121 2036 1374 2092 Hospitalia
1424 2037 1577 2092 Regiae
1618 2038 1770 2078 tutelae

315 2109 564 2158 commissag
618 2109 736 2164 quod
772 2109 1004 2165 indignum
1041 2111 1087 2150 in
1119 2110 1170 2150 iis
1201 2110 1303 2150 locis
1335 2117 1380 2151 et
1419 2110 1513 2151 aliis
1554 2111 1770 2152 similibus

313 2182 451 2223 videri
472 2189 630 2239 posset,
651 2198 704 2223 ea
726 2183 781 2224 ab
802 2183 1032 2224 ordinariis
1054 2184 1234 2232 visitari,
1256 2199 1355 2239 quae
1377 2184 1473 2226 Rex
1499 2185 1593 2240 ipse
1616 2184 1769 2225 autho-

314 2255 443 2296 ritate
466 2271 544 2297 sua
566 2263 745 2298 tueatur
767 2272 814 2298 ac
830 2258 972 2313 juvet.

373 2328 426 2369 In
470 2329 514 2369 9⁰
568 2329 831 2384 quibusdam
886 2329 1122 2370 videbatur
1166 2336 1360 2371 extrema
1412 2330 1629 2371 Clausula
1678 2346 1771 2373 esse

314 2417 650 2456 supervacanea,
694 2418 795 2458 quae
834 2409 981 2444 tamen
1034 2404 1211 2445 minime
1253 2405 1391 2445 otiosa
1428 2411 1543 2445 reete
1581 2405 1772 2446 intuenti

313 2482 522 2523 occurret,
546 2475 665 2531 quod
696 2483 741 2516 et
766 2477 926 2531 reliqui
951 2477 1218 2531 probarunt3
1251 2476 1467 2532 siquidem
1496 2477 1637 2532 prima
1668 2493 1769 2533 pars

315 2546 473 2589 decreti
507 2549 560 2589 de
591 2550 643 2589 iis
679 2550 853 2590 fabricis
887 2551 991 2606 agit,
1037 2557 1113 2591 aut
1147 2551 1231 2605 piis
1261 2551 1375 2599 loeis,
1413 2566 1599 2606 quarum
1634 2551 1768 2592 admi-

312 2620 561 2662 nistratores
581 2622 743 2662 nemini
759 2623 967 2664 rationem
988 2622 1168 2664 reddere
1191 2623 1398 2671 solebant,
1416 2630 1547 2678 prout
1561 2623 1769 2664 Bononiae

312 2691 356 2730 in
384 2692 547 2734 fabrica
569 2695 619 2734 Sri
646 2695 853 2735 Petronii.
915 2695 1113 2736 Secunda
1149 2703 1296 2737 autem
1326 2711 1426 2751 pars
1457 2696 1513 2737 ad
1543 2696 1639 2737 illos
1670 2710 1768 2750 per-

315 2764 433 2812 tinet,
468 2767 544 2821 qui
569 2767 760 2808 reddunt
792 2768 969 2823 quidem
1001 2770 1212 2809 rationem
1243 2770 1387 2818 alicui,
1417 2769 1492 2811 sed
1523 2785 1608 2811 non
1641 2769 1767 2810 Ordi-

665 2856 672 2874 ¹
699 2857 764 2886 The
781 2858 972 2889 contractiou
988 2858 1012 2889 is
1028 2858 1197 2889 somewhat
1213 2859 1417 2897 ambiguous.
