1905 3254
686 292 794 322 snss.
821 293 897 324 vn.
1437 287 1516 327 401

62 390 285 445 potuimus
324 393 602 450 simplicitate
638 404 681 438 et
722 398 938 442 brevitate
971 402 1219 453 verborum,
1252 420 1352 460 qucc
1392 407 1516 448 nobis

60 462 115 503 ad
137 464 481 507 constituendam
504 468 836 525 Rempublicam
860 473 1153 517 Christianam
1185 480 1427 520 necessaria
1448 479 1511 520 vi-

59 534 220 577 dentur
243 544 286 578 ct
308 545 567 594 opportuna,
592 543 752 598 scripto
773 545 986 600 complexi
1016 562 1180 590 sumus.
1244 550 1342 590 Hoc
1364 558 1512 592 autem

57 609 258 651 volumus
276 627 351 652 vos
374 613 637 663 existimare,
671 615 731 655 nil
761 617 886 658 nobis
919 634 943 658 a
964 626 1219 662 caeterorum
1244 621 1510 664 Christiano-

54 695 150 722 rum
182 683 323 724 salute
351 687 627 742 praecipuum
651 703 757 737 esse,
780 690 979 746 nihilque
1001 693 1237 749 singulare.
1300 695 1510 738 Carolum

54 769 156 795 vero
177 756 346 812 Regem
367 765 565 800 nostrum
583 776 742 817 cupere
765 764 956 819 quidem,
980 772 1029 806 ut
1052 767 1311 821 petitionum
1333 784 1510 811 suarum

52 829 244 871 omnium
276 832 388 872 ratio
416 832 659 885 habeatur3
693 837 752 878 sic
786 844 931 879 tamen
960 855 985 880 a
1009 838 1260 882 Christiana
1281 842 1512 899 disciplina

50 901 250 944 edoctum
272 911 316 945 et
336 905 588 948 institutum
611 923 716 958 esse,
740 917 790 951 ut
812 911 934 952 vobis
955 913 1100 954 omnia
1131 915 1314 963 tribuat,
1343 931 1508 958 rerum-

50 990 134 1031 que
156 978 350 1020 omnium
371 980 556 1022 istarum
578 984 801 1033 rationem,
825 986 1116 1042 cognitionem
1145 995 1190 1029 et
1214 989 1430 1045 judicium
1455 991 1511 1032 ad

50 1062 125 1089 vos
146 1051 318 1092 omnino
341 1053 447 1095 sciat
469 1055 701 1110 pertinere.

107 1122 182 1176 [l.]
211 1122 336 1164 Cum¹
352 1126 598 1169 sacerdotes
617 1129 661 1169 in
684 1129 835 1184 primis
853 1137 990 1172 castos
1010 1147 1102 1173 esse
1124 1140 1336 1188 oporteat,
1361 1151 1415 1177 cx
1432 1137 1507 1177 Sa-

48 1194 268 1236 cerdotum
298 1205 444 1239 autem
478 1200 786 1243 incontinentia
821 1204 864 1243 in
892 1204 978 1244 Dei
1009 1205 1200 1246 Ecclesia
1221 1222 1391 1263 magnae
1413 1224 1507 1250 nas-

46 1275 199 1310 cantur
220 1270 486 1321 offensioncs,
509 1274 742 1329 provideat
765 1277 825 1316 S¹a
841 1277 1051 1333 Synodus,
1076 1286 1126 1319 ut
1142 1295 1225 1320 non
1248 1281 1323 1321 alii
1341 1282 1383 1322 in
1406 1297 1505 1338 pos-

47 1346 189 1382 terum
218 1343 470 1386 ordinentur
498 1347 766 1397 Sacerdotes
796 1364 927 1404 quam
952 1351 1028 1405 qui
1057 1353 1246 1393 seniores
1273 1361 1375 1395 sunt
1400 1356 1460 1409 [et
1482 1371 1507 1396 a

45 1416 208 1471 populo
230 1417 392 1459 bonum
415 1418 606 1461 habeant
628 1422 938 1471 testimonium,
956 1431 1007 1464 ut
1029 1429 1225 1466 anteacta
1248 1427 1335 1467 vita
1352 1428 1507 1483 quales

43 1496 197 1542 postea
217 1490 338 1545 sint]2
370 1491 507 1533 futuri
530 1508 611 1534 non
634 1494 741 1535 levis
771 1495 824 1535 sit
857 1497 1117 1552 conjectura,
1155 1504 1199 1539 et
1233 1499 1505 1542 sacerdotum

41 1560 261 1610 libidines,
286 1571 329 1604 et
350 1565 533 1621 flagitia,
563 1568 782 1608 acerrimis
802 1567 1030 1610 Canonum
1053 1571 1195 1625 poenis
1214 1580 1502 1613 coerceantur.

100 1635 138 1674 2.
173 1634 433 1677 Cavendum
456 1644 533 1685 est,
557 1653 610 1679 ne
634 1639 784 1679 eodem
807 1639 877 1679 die
895 1646 970 1680 aut
993 1647 1203 1695 tempore,
1227 1658 1373 1683 omncs
1395 1644 1505 1684 sacri

40 1705 211 1746 ordines
233 1708 522 1756 conferantur,
546 1726 642 1750 cum
667 1718 877 1766 oporteat,
902 1712 1138 1753 secundum
1163 1714 1382 1769 antiquos,
1405 1731 1502 1771 pro-

40 1779 303 1820 movendum
327 1781 381 1821 ad
402 1783 588 1838 majores
611 1783 782 1824 ordines
804 1784 926 1839 prius
948 1785 991 1825 in
1019 1786 1260 1827 minoribus
1292 1787 1424 1843 digne
1459 1794 1502 1829 et

40 1850 184 1906 aliquo
207 1860 401 1908 temporo
426 1862 657 1896 versatum.

97 1925 134 1963 3.
168 1925 337 1966 Nullus
369 1927 604 1983 Presbyter
636 1929 873 1977 ordinetur,
909 1931 977 1971 cui
1009 1946 1091 1971 non
1120 1933 1322 1974 continuo
1349 1949 1498 1976 sccun-

39 1996 144 2038 dum
169 1998 412 2042 Concilium
438 2001 791 2045 Chalcedonense
815 2003 944 2044 detur
967 2020 1054 2045 una
1076 2020 1173 2045 cum
1196 2006 1346 2048 ordine
1368 2008 1498 2050 bene-

39 2073 179 2113 ficium
224 2082 300 2116 aut
338 2075 626 2117 ministerium
645 2094 653 2117 :
696 2078 753 2118 sic
786 2078 899 2118 enim
942 2078 1105 2119 fiebant
1145 2079 1435 2122 ordinationes
1474 2098 1499 2123 a

38 2145 187 2200 priscis
219 2147 306 2188 illis
338 2148 513 2198 Pribus,
546 2150 621 2205 qui
644 2151 793 2192 titulos
817 2151 1154 2207 presbyterales,
1176 2153 1313 2194 multo
1346 2161 1498 2210 postea

37 2224 232 2274 tempore
254 2220 467 2271 inventos,
490 2237 574 2263 non
597 2230 885 2279 agnoverunt.
975 2218 981 2224 ⁹

93 2293 134 2333 4.
168 2291 388 2343 Diaconis,
412 2303 456 2336 ct
478 2297 572 2337 aliis
595 2297 724 2337 sacris
747 2297 973 2338 ordinibus
994 2298 1255 2339 restituatur
1277 2299 1429 2342 debita
1450 2309 1494 2344 et

37 2365 215 2421 antiqua
236 2367 414 2415 functio,
447 2384 500 2410 nc
534 2370 722 2425 amplius
753 2369 885 2418 nuda,
919 2376 963 2411 ct
984 2371 1028 2411 in
1051 2372 1302 2413 ceremoniis
1322 2380 1493 2416 tantum

36 2440 177 2494 posita
198 2442 370 2482 nomina
390 2442 598 2484 dicantur.

92 2515 131 2556 5.
164 2515 416 2571 Presbyteri
448 2517 665 2572 sacrisque
696 2517 871 2565 initiati,
906 2523 950 2557 et
983 2518 1179 2573 cujusvis
1213 2518 1326 2559 ΕςοΞΒ
1347 2521 1492 2563 minis-

34 2587 142 2627 terio
164 2587 336 2637 addicti,
361 2589 401 2628 in
425 2603 476 2629 ea
498 2590 722 2630 vocatione
745 2590 788 2629 in
810 2604 898 2644 qua
919 2603 943 2629 a
967 2589 1067 2630 Dno
1091 2590 1234 2631 vocati
1256 2599 1370 2640 sunt,
1395 2609 1490 2649 pcr-

77 2718 84 2737 ¹
112 2717 149 2747 In
174 2717 198 2747 is
223 2717 293 2748 herc
319 2718 447 2749 inserted
473 2721 704 2761 unnecessarily
724 2722 753 2751 in
771 2722 820 2751 the
839 2722 909 2751 MS.
959 2721 1058 2751 There
1084 2720 1108 2751 is
1134 2732 1172 2751 no
1198 2722 1274 2752 such
1293 2724 1376 2754 word
1394 2724 1423 2754 in
1443 2725 1492 2756 the

37 2768 117 2809 Ripa
129 2771 258 2803 edition.

73 2820 86 2838 ²
111 2824 263 2864 Supplicd
280 2826 356 2855 from
375 2826 423 2855 the
443 2827 522 2866 Ripa
537 2828 666 2857 edition.

1181 2887 1206 2924 2
1230 2900 1256 2925 D
