1905 3254
383 278 465 318 336
1012 294 1121 325 sEss.
1144 296 1221 326 vn.

379 402 571 456 gerunt?
632 401 747 442 Nam
775 401 968 443 haeretici
1004 402 1144 458 magis
1179 401 1447 443 invehuntur
1479 409 1624 443 contra
1661 403 1841 458 Papam,

378 489 511 530 quam
544 481 691 515 contra
726 475 979 531 Episcopos.
1042 475 1237 516 Tandem
1275 475 1386 516 dixit
1419 490 1462 516 50
1491 476 1677 530 probare
1701 475 1841 517 Cano·

378 561 490 595 nem,
514 547 591 602 qui
613 548 697 588 fuit
719 563 860 603 nuper
887 549 930 588 in
952 548 1214 604 praecedenti
1236 548 1448 588 Doctrina
1470 548 1734 603 propositus,
1764 548 1843 589 ubi

380 619 490 660 nihil
511 619 564 660 de
582 624 684 675 jure
707 621 865 662 divino.

435 692 726 748 Legionensis
758 694 916 735 multas
949 694 1234 735 authoritates
1255 701 1347 735 tum
1369 694 1719 735 scholasticorum
1750 701 1841 735 tum

380 765 564 805 aliorum
588 766 750 814 attulit,
772 774 823 808 ut
846 767 1093 808 ostenderet
1110 767 1455 822 jurisdictionem
1473 767 1795 822 Episcoporum
1819 783 1844 808 a
1901 780 1905 813 2

377 837 503 893 Papa
525 840 759 895 proficisci3
791 840 924 895 idque
959 840 1090 880 ctiam
1119 855 1171 881 ex
1202 841 1316 880 libro
1343 848 1390 896 p⁰
1414 840 1754 889 Caeremonialis,
1790 840 1844 882 de

378 912 516 952 forma
555 912 748 968 eligendi
781 913 1064 968 Episcopum,
1098 919 1316 962 constare3
1358 928 1454 953 cum
1498 928 1563 960 ea,
1606 928 1705 968 quae
1741 919 1843 954 sunt

378 984 701 1025 ,Jurisdictionis
733 984 882 1039 Papae,
904 984 977 1024 det
1008 984 1150 1024 verbis
1181 985 1269 1024 suis
1300 991 1341 1025 ct
1373 985 1583 1040 propriis3
1616 992 1660 1025 at
1681 985 1723 1025 in
1746 1000 1842 1026 con-

375 1056 610 1098 secratione
646 1063 799 1097 utatur
840 1056 985 1097 verbis
1023 1056 1199 1105 Christi,
1225 1057 1320 1097 Hoc
1343 1058 1468 1098 facite
1489 1058 1531 1097 in
1559 1072 1698 1098 meam
1732 1072 1842 1098 com-

376 1130 730 1170 memorationem
748 1146 758 1179 ;
790 1144 866 1170 nec
886 1130 930 1170 in
954 1130 1267 1171 consecratione
1289 1130 1525 1170 necessario
1557 1129 1840 1185 assignandas

376 1217 468 1243 esse
491 1218 595 1243 oves
616 1203 849 1258 Episcopo.
914 1203 1134 1244 Praeterea
1149 1204 1193 1243 in
1217 1204 1306 1245 Uni
1316 1204 1516 1245 versitate
1533 1203 1842 1259 Complutensi

377 1281 554 1315 cautum
586 1290 690 1322 esse,
727 1281 777 1315 ut
808 1275 883 1330 qui
907 1275 961 1315 ad
982 1276 1209 1331 publicum
1231 1276 1413 1317 docendi
1439 1292 1598 1318 munus
1633 1277 1677 1317 in
1700 1276 1840 1317 Theo-

377 1348 496 1403 logia
528 1347 846 1402 provehuntur,
884 1349 1146 1403 promittant
1179 1349 1393 1404 imprimis
1416 1349 1597 1390 selectas
1629 1349 1840 1405 quasdam

379 1420 628 1461 Catholicas
661 1421 884 1476 opiniones
924 1421 1052 1468 tucri,
1096 1421 1207 1461 inter
1250 1436 1360 1476 quas
1400 1421 1491 1463 haec
1538 1430 1843 1464 numerantur,

378 1494 495 1549 quod
517 1495 652 1534 omnis
674 1495 928 1536 Jurisdictio
950 1494 1257 1535 Ecclesiastica
1278 1494 1523 1536 immediate
1547 1496 1635 1536 exit
1658 1511 1681 1536 a
1699 1495 1838 1551 Papa.

377 1568 617 1622 Propterea
638 1582 795 1622 cupere
817 1582 873 1614 se,
894 1574 945 1607 ut
966 1568 1009 1606 in
1028 1567 1205 1606 Canone
1227 1566 1411 1615 dicatur,
1430 1582 1576 1608 omnes
1591 1568 1839 1624 Episcopos

376 1641 421 1681 in
443 1641 657 1681 communi
680 1656 770 1681 esse
792 1641 1017 1681 institutos
1039 1656 1062 1680 a
1086 1639 1271 1687 Christo,
1303 1647 1346 1681 et
1367 1642 1641 1697 Presbyteris
1668 1642 1838 1697 superi-

379 1729 487 1761 0105,
511 1720 719 1754 caeterum
742 1728 888 1754 01111105
910 1713 1085 1754 haurire
1109 1713 1139 1754 J
1144 1712 1464 1754 urisdictionem
1488 1728 1513 1754 a
1530 1714 1666 1769 Papa.

435 1787 655 1828 Lcriensis
683 1787 846 1827 multas
882 1787 1176 1827 conclusiones
1209 1787 1456 1837 constituit3
1498 1801 1545 1843 p0
1579 1787 1695 1843 quod
1733 1788 1839 1843 Epi-

379 1860 499 1915 scopi
534 1857 777 1899 succedunt
800 1857 892 1899 loco
913 1859 1226 1913 Apostolorum
1260 1875 1293 1899 c.
1326 1860 1521 1907 firmiter,
1555 1860 1630 1900 &o
1666 1874 1753 1900 una
1785 1859 1838 1900 de

380 1934 541 1974 Summ.
559 1932 698 1979 Trin.,
714 1939 758 1972 et
778 1931 847 1971 fid.
865 1932 1034 1972 Cathol.
1051 1939 1094 1972 et
1113 1948 1147 1974 c.
1171 1947 1357 1987 quorum
1371 1932 1438 1973 68.
1455 1932 1599 1974 distin.
1638 1933 1839 1974 Secunda

379 2004 605 2052 conclusio,
641 2003 760 2059 quod
782 2004 994 2059 Episcopi
1017 2019 1099 2044 non
1121 2003 1359 2044 succedunt
1390 2004 1434 2044 in
1470 2005 1671 2044 omnibus
1706 2004 1838 2045 rebus

377 2077 485 2133 ipsis
506 2076 757 2131 Apostolis3
779 2090 877 2115 nam
894 2090 979 2116 non
1004 2076 1198 2131 aequales
1220 2082 1320 2116 sunt
1341 2076 1385 2116 in
1407 2082 1627 2131 potestate
1650 2075 1837 2116 faciendi

378 2149 604 2197 miracula,
648 2147 857 2189 condendi
893 2148 1166 2203 scripturam,
1202 2148 1313 2189 dono
1344 2149 1614 2205 linguarum,
1657 2155 1700 2189 et
1743 2148 1838 2188 aliis

377 2220 631 2277 hujusmodi
645 2237 656 2271 3
689 2235 785 2260 cum
824 2219 911 2261 haec
950 2235 1131 2261 munera
1171 2221 1409 2276 peculiaria
1448 2221 1613 2262 fuerint
1643 2221 1834 2276 ipsorum

378 2293 708 2351 Apostolorum,
737 2292 813 2333 sed
840 2293 1046 2348 ipsorum,
1083 2294 1157 2348 qui
1181 2294 1302 2349 pleni
1325 2300 1447 2333 erant
1471 2293 1641 2348 Spiritu
1665 2294 1834 2341 Sancto,

377 2384 454 2409 nec
474 2374 677 2423 poterant
700 2380 892 2422 peccare,
925 2366 1077 2406 saltem
1100 2366 1353 2406 mortaliter.
1418 2366 1572 2406 Tertia
1605 2367 1834 2414 conclusio,

379 2441 495 2498 quod
525 2440 765 2481 succedunt
797 2440 841 2480 in
875 2439 1119 2495 aliquibus:
1151 2439 1291 2496 primo
1312 2439 1356 2479 in
1378 2439 1565 2487 nomine,
1600 2440 1643 2479 2⁰
1665 2440 1708 2479 in
1729 2439 1834 2488 loco,

378 2516 421 2555 3⁰
438 2516 481 2555 in
513 2515 757 2570 Regimine,
793 2517 836 2554 4⁰
857 2514 900 2553 in
919 2513 986 2553 his
1020 2529 1119 2569 quae
1148 2513 1390 2553 necessaria
1412 2520 1511 2554 sunt
1539 2512 1594 2553 ad
1626 2513 1832 2568 regimen.

381 2589 551 2639 Quarta
573 2588 802 2636 conclusio,
826 2587 944 2643 quod
975 2587 1188 2643 Episcopi
1210 2593 1310 2626 sunt
1332 2585 1438 2626 adeo
1461 2585 1514 2626 de
1538 2586 1568 2627 J
1572 2601 1650 2626 ure
1672 2586 1832 2634 divino,

381 2669 430 2702 ut
462 2663 496 2702 si
527 2662 652 2717 Papa
675 2661 782 2702 velit
803 2660 1031 2701 destruere
1053 2675 1200 2701 omnes
1223 2660 1536 2715 Episcopatus,
1569 2674 1654 2700 non
1684 2660 1830 2716 possit.

382 2736 546 2785 Quinta
567 2734 796 2782 conclusio,
814 2734 929 2789 quod
948 2749 1033 2774 non
1055 2734 1268 2789 sequitur,
1291 2733 1504 2789 Episcopi
1525 2741 1626 2775 sunt
1646 2734 1699 2775 de
1722 2735 1752 2776 J
1757 2748 1833 2775 ure

381 2807 540 2854 divino,
576 2822 681 2862 ergo
713 2815 815 2848 sunt
836 2822 963 2862 pares
985 2807 1133 2861 Papae,
1166 2821 1265 2846 nam
1286 2806 1372 2846 imo
1394 2814 1493 2847 sunt
1522 2806 1757 2854 inferiores,
1790 2810 1831 2846 et
