1905 3254
331 263 414 303 ‘250
967 276 1075 305 sess.
1102 276 1158 304 ri.

332 382 457 431 odus,
478 382 614 422 veluti
647 381 721 436 pia
753 387 905 427 mater,
928 380 1063 421 saluti
1085 379 1279 419 omnium
1303 378 1550 425 salubriter,
1571 384 1785 434 quantum

333 457 376 496 in
410 455 510 495 Dno
546 453 808 500 conceditur,
835 452 1079 508 providere,
1103 467 1362 508 cognoscens
1394 459 1540 493 tamen
1563 451 1788 507 negotium

335 527 586 583 hujusmodi
627 542 651 567 a
682 526 825 582 seipsa
856 525 909 566 de
943 525 1150 581 praesenti
1180 531 1277 566 tuto
1313 525 1491 581 penitus
1526 525 1710 573 absolvi,
1745 532 1790 566 et

335 601 503 642 definiri
535 616 618 642 non
659 615 798 657 posse,
831 598 1000 645 idcirco,
1030 613 1076 639 re
1112 598 1235 653 prius
1270 597 1504 654 diligenter
1545 603 1787 653 perspecta,

335 681 380 715 et
419 674 682 722 examinata,
727 688 775 713 ac
816 671 1018 713 omnibus
1067 677 1241 711 mature
1281 669 1572 717 consideratis,
1614 668 1787 710 tandem

335 749 515 795 censuit,
568 747 686 802 quod
726 747 821 786 Sum
841 745 898 785 D.
929 745 1002 793 N.‚
1051 743 1242 785 adhibita
1283 746 1331 783 ca
1371 757 1513 783 causae.
1546 742 1790 798 cognitione

335 837 436 877 quae
472 820 615 861 Bcatni
654 835 744 860 suae
786 818 1010 859 videbitur
1038 816 1305 865 adhibenda,
1339 815 1425 856 illis
1460 815 1713 855 nationibus
1749 821 1791 856 et

334 894 524 950 populis,
568 893 730 948 quibus
767 907 847 932 sua
881 892 954 932 StaS
1000 892 1243 947 proficuum
1277 896 1322 930 et
1356 888 1466 930 utile
1497 888 1543 928 id
1571 889 1661 929 fore
1693 903 1789 943 cog-

335 966 517 1013 noverit,
560 966 642 1006 sub
683 964 968 1019 infrascriptis
1017 962 1351 1011 conditionibus,
1394 962 1464 1002 vel
1506 961 1637 1002 etiam
1681 961 1789 1009 aliis,

335 1053 445 1093 quas
477 1038 517 1078 ei
555 1038 746 1093 Spiritus
780 1038 963 1077 Sanctus
999 1035 1282 1091 suggesserit,
1318 1041 1373 1083 et,
1411 1035 1446 1075 si
1476 1035 1528 1075 Sti
1569 1049 1659 1074 suae
1696 1033 1792 1075 dari

335 1117 634 1167 opportunum
667 1110 809 1150 visum
838 1109 982 1157 fuerit,
1017 1108 1147 1148 etiam
1183 1122 1236 1148 ex
1272 1113 1384 1155 voto,
1421 1107 1609 1156 consilio,
1642 1113 1685 1147 et
1717 1122 1792 1162 ap-

335 1184 593 1240 probatione
623 1183 756 1239 hujus
791 1184 857 1223 Stae
900 1181 1064 1237 Synodi
1099 1181 1334 1236 praefatum
1370 1179 1528 1220 Calicis
1550 1195 1690 1226 usum,
1715 1195 1791 1221 seu

335 1256 595 1298 concedendi
626 1256 882 1296 facultatem
920 1255 1102 1310 petitam
1137 1253 1353 1300 concedat,
1388 1260 1432 1293 et
1472 1269 1568 1294 cuin
1601 1253 1686 1293 illis
1721 1252 1791 1294 de-

335 1344 469 1383 super
489 1328 620 1369 etiam
642 1326 978 1368 misericorditer
1011 1333 1054 1366 et
1077 1325 1129 1366 de
1151 1326 1422 1381 benignitate
1438 1326 1694 1381 Apostolica
1709 1325 1791 1366 dis-

335 1408 502 1457 penset.

393 1472 620 1528 Proposito
656 1471 735 1512 hoe
771 1471 815 1511 in
850 1486 1050 1512 consessu
1085 1470 1269 1517 decreto,
1306 1470 1499 1526 plurima
1527 1484 1628 1524 pars
1658 1471 1793 1511 Prum

335 1547 630 1602 repugnavit:
675 1544 845 1586 nullum
882 1545 995 1585 enim
1029 1543 1108 1584 hac
1143 1543 1196 1584 de
1217 1559 1263 1585 re
1285 1544 1508 1584 consilium
1530 1559 1660 1600 papae
1691 1544 1794 1585 dan-

335 1619 437 1659 dum
461 1634 551 1659 esse
574 1619 803 1665 sentiebat,
826 1632 881 1657 ne
915 1617 1076 1657 Calicis
1110 1618 1425 1658 concessionem
1464 1617 1663 1673 Synodus
1698 1619 1795 1674 ipsa

335 1708 529 1747 unquam
552 1692 760 1747 probasse
779 1690 1014 1731 videretur.
1068 1691 1230 1731 Parum
1250 1706 1427 1746 quoque
1444 1691 1686 1747 prudenter
1702 1693 1795 1733 fieri

334 1766 522 1813 aiebant,
547 1766 581 1805 si
617 1764 818 1821 Synodus
853 1763 1028 1804 consilio
1061 1779 1138 1805 suo
1169 1764 1451 1820 prudentiam
1489 1766 1626 1822 Papae
1663 1765 1794 1807 vellet

334 1846 634 1887 antevertere3
678 1852 763 1878 non
785 1838 899 1878 enim
922 1836 1072 1877 decere
1096 1837 1319 1878 consilium
1342 1853 1424 1879 non
1445 1840 1615 1895 petenti
1635 1840 1793 1895 imper-

334 1914 419 1960 tiri,
455 1919 498 1953 et
531 1912 774 1967 praesertim
808 1911 895 1950 ΒΙὯΟ
917 1909 1116 1950 Romano
1151 1910 1294 1958 Pont.‚
1337 1926 1426 1966 quo
1459 1911 1588 1968 longe
1620 1912 1814 1953 inferior

333 1994 425 2028 tota
448 1986 649 2042 Synodus
670 1990 881 2025 censetur.
945 1983 1105 2033 Quare,
1129 1998 1225 2024 cum
1247 1983 1376 2024 inulti
1397 1984 1554 2025 Patres
1576 1986 1694 2026 varie
1714 1985 1795 2027 hac

332 2061 386 2102 de
420 2076 465 2102 re
488 2059 822 2115 respondissent,
857 2056 1030 2098 tandem
1067 2056 1289 2114 suffragiis
1311 2058 1512 2098 omnibus
1544 2059 1795 2106 numeratis,

334 2140 506 2189 reperta
528 2139 633 2174 sunt
654 2132 723 2180 69,
757 2146 856 2187 quae
877 2131 1116 2186 probarent
1138 2129 1386 2180 decretum3
1425 2145 1574 2171 eorum
1596 2146 1700 2172 vero
1721 2132 1796 2187 qui

332 2207 632 2263 improbarent
654 2205 734 2255 793
767 2211 812 2245 et
843 2218 1031 2259 quorum
1055 2202 1192 2243 dubia
1224 2209 1317 2243 erat
1349 2204 1565 2244 sententia
1584 2204 1625 2245 4.
1659 2204 1796 2246 Multi

332 2280 480 2327 etiam,
513 2279 615 2319 licet
647 2277 886 2333 probarent
922 2275 1143 2317 decretum
1180 2283 1223 2317 et
1246 2276 1507 2317 sententiam
1531 2280 1641 2332 ers,
1664 2277 1793 2318 aliam

334 2360 479 2394 tamen
497 2353 679 2393 formam
699 2349 927 2404 multoque
949 2349 1196 2404 graviorem
1219 2350 1516 2405 requirebant,

390 2426 505 2466 Haec
521 2437 641 2465 cum¹
666 2423 939 2464 Mantuanus
958 2422 1282 2469 animadvertit,
1297 2422 1687 2479 difficillimumque
1705 2438 1794 2465 esse

332 2514 357 2539 a
395 2498 555 2539 Pribus
588 2497 823 2552 quicquam
854 2495 1043 2550 amplius
1092 2495 1294 2543 obtineri,
1328 2510 1459 2551 quam
1482 2503 1532 2537 ut
1566 2497 1792 2552 negotium

333 2571 387 2612 ad
423 2572 635 2612 Sanetmum
662 2584 773 2625 pure
804 2568 1038 2624 rejiciatur,
1073 2568 1195 2609 aliud
1216 2570 1362 2610 statim
1397 2569 1620 2611 decretum
1650 2569 1794 2611 verbis

332 2644 596 2685 brevissimis
617 2643 828 2684 conscribi
843 2642 1000 2697 jubet:
1034 2641 1087 2682 de
1109 2656 1195 2696 quo
1219 2641 1275 2682 ad
1298 2641 1525 2697 Synodum
1550 2642 1709 2690 statim,
1731 2642 1791 2682 in-

331 2724 473 2758 stante
492 2721 582 2771 jam
606 2715 815 2757 Sessionis
836 2715 919 2763 die,
944 2715 1169 2756 referatur.
1223 2715 1336 2771 Ejus
1357 2722 1480 2756 erant
1500 2715 1593 2756 haec
1614 2716 1760 2757 verba.

604 2806 611 2823 ¹
639 2808 770 2843 Autem,
788 2805 860 2835 MS.
906 2805 920 2834 I
938 2815 1001 2835 owe
1016 2804 1066 2835 the
1083 2804 1253 2835 correction
1269 2808 1299 2835 to
1318 2804 1518 2843 Raynaldus.
