1905 3254
731 294 840 325 SESS.
864 296 926 326 111.
1497 283 1551 323 95

92 400 337 454 arrogantis
372 399 527 456 judicii
566 399 804 441 videretur.
882 401 1027 457 Atqui
1077 400 1274 442 nonnulli
1323 400 1550 442 ardentius

91 473 221 514 etiam
244 488 375 529 quam
398 488 479 529 par
499 479 608 521 erat,
640 472 706 514 his
728 488 773 514 se
795 473 949 515 dantes
972 489 1019 515 ae
1051 473 1275 515 modestiae
1299 475 1406 516 fines
1426 490 1548 517 exce·

91 545 257 593 dentes,
281 546 407 587 facile
441 545 597 588 deinde
627 547 670 587 in
703 547 945 588 multorum
981 562 1223 588 sermonem
1257 549 1546 599 incurrerunt,

90 633 247 674 nempe
269 625 456 661 tentasse
479 620 574 661 illos
594 620 722 661 certis
743 621 1020 660 suasionibus
1048 627 1091 661 et
1114 621 1263 662 officiis
1286 622 1394 662 alios
1414 624 1547 664 etiam

72 692 246 733 ’Patres
267 693 446 741 ambire,
477 700 520 734 et
538 693 582 733 in
603 693 863 734 sententiam
895 708 1019 734 suam
1057 693 1324 749 perducere3
1359 695 1548 752 hincque

89 765 277 821 primum
308 773 456 822 empta
482 773 584 806 sunt
605 765 784 807 dissidia
805 773 848 806 et
866 767 1017 822 jurgia
1040 767 1151 807 inter
1174 767 1327 808 Patres
1348 768 1546 817 excitari,

89 852 190 893 quae
210 838 349 880 indies
375 839 516 895 magis
532 839 837 888 invaluerunt3
875 839 1004 880 multi
1025 840 1139 880 enim
1161 840 1204 880 in
1227 840 1333 881 alios
1354 841 1546 882 malevo-

88 911 223 952 lentia
254 912 428 961 suffusi,
462 912 560 954 hine
596 912 736 954 latum
770 912 1044 953 obtrectandi
1079 928 1127 953 ac
1159 913 1414 954 criminandi
1435 929 1545 955 eom·

51 973 57 976 .
86 984 236 1040 plures
252 983 574 1026 honestissimos
589 985 802 1026 Praelatos
815 1000 942 1041 camp
950 1001 1021 1026 um
1039 986 1166 1032 nacti,
1187 986 1308 1027 varia
1323 994 1545 1028 contume-

85 1057 242 1099 liarum
285 1074 331 1100 ac
371 1059 658 1100 conviciorum
702 1058 867 1099 semina
901 1073 1110 1114 spargere
1146 1074 1230 1100 non
1269 1059 1545 1110 destiterunt,

87 1131 248 1186 quibus
269 1132 475 1173 acerrime
497 1132 626 1173 multi
643 1138 745 1173 sunt
764 1133 923 1173 vexati.
987 1132 1081 1172 Nec
1102 1132 1216 1173 illud
1237 1133 1543 1182 omittendum,

86 1204 204 1259 quod
224 1204 291 1245 his
311 1205 418 1260 ipsis
439 1205 571 1246 initiis
593 1205 630 1247 F
633 1206 824 1247 rancisco
856 1205 1063 1246 Torrensi
1085 1205 1292 1262 theologo
1319 1207 1545 1249 Pontificio

85 1275 170 1316 fuit
191 1276 423 1332 objectum,
457 1291 556 1318 nam
579 1276 646 1318 hic
669 1284 773 1317 tune
795 1277 1002 1332 temporis
1033 1277 1154 1333 apud
1176 1277 1476 1320 Varmiensem
1500 1280 1543 1320 in

85 1353 181 1405 ejus
201 1350 302 1390 aula
322 1349 500 1406 degens,
534 1351 600 1391 vir
631 1350 821 1406 alioquin
843 1358 887 1391 et
910 1351 1106 1391 moribus
1128 1358 1172 1392 et
1194 1366 1414 1393 sacrarum
1447 1352 1543 1395 lite—

83 1435 231 1463 rarum
253 1422 498 1464 eruditione
520 1430 734 1478 praestans
757 1423 1036 1464 insimulatus
1059 1423 1154 1469 fuit,
1188 1423 1306 1479 quod
1329 1425 1544 1466 Praelatos

83 1496 257 1544 multos,
288 1512 384 1538 cum
416 1497 580 1553 quibus
611 1497 742 1538 etiam
769 1497 808 1538 ei
840 1497 963 1538 nulla
993 1497 1084 1538 fere
1116 1498 1425 1540 familiaritatis
1447 1515 1542 1541 con-

80 1571 244 1627 junctio
271 1571 584 1618 intercedebat,
620 1571 751 1612 inscio
781 1570 821 1612 V
825 1571 1026 1612 armiensi
1055 1570 1170 1611 domi
1194 1573 1477 1621 convenisset,
1500 1581 1544 1616 et

83 1644 135 1685 iis
157 1644 429 1685 conscientiae
457 1643 714 1699 scrupulum
736 1643 969 1699 injecisset,
993 1644 1028 1683 si
1052 1643 1180 1684 aliter
1203 1645 1541 1700 respondissent,

83 1732 215 1774 quam
247 1717 547 1758 Residentiam
577 1719 691 1773 juris
722 1716 863 1757 divini
898 1732 1002 1765 esse,
1036 1716 1227 1758 indicato
1264 1718 1350 1759 illis
1385 1734 1543 1763 canone

82 1791 397 1847 Apostolorum
415 1789 469 1832 57
483 1790 591 1831 alias
609 1790 676 1838 58,
694 1797 738 1831 et
755 1789 852 1830 aliis
867 1803 999 1830 sacrae
1018 1789 1202 1845 Paginae
1220 1790 1336 1832 locis.
1374 1791 1541 1834 Verum

80 1867 146 1907 ita
165 1880 233 1907 res
254 1880 298 1907 se
320 1865 490 1906 habuit.
542 1865 660 1906 Nam
678 1879 777 1905 cum
801 1863 873 1904 ille
894 1862 1063 1919 pridem
1087 1863 1131 1904 in
1154 1863 1233 1905 hoe
1253 1865 1404 1906 eodem
1429 1866 1543 1909 Con·

81 1939 176 1980 cilio
198 1938 472 1994 temporibus
492 1937 622 1980 Pauli
646 1937 735 1978 III.
769 1943 813 1978 et
845 1936 959 1978 Julii
982 1935 1072 1977 III.
1098 1936 1299 1978 libellum
1329 1941 1541 1997 conserip-

83 2011 208 2052 sisset
223 2010 277 2052 de
294 2010 530 2052 residentia
551 2010 890 2067 Episcoporum,
902 2017 944 2051 et
967 2010 1101 2051 alium
1119 2011 1539 2068 Antapologetieum

83 2084 293 2127 adversus
326 2085 609 2126 Ambrosium
642 2083 944 2132 Catharinum‚
975 2083 1050 2139 qui
1072 2084 1202 2124 etiam
1224 2081 1353 2126 hodie
1374 2093 1539 2136 extant,

81 2159 125 2200 in
159 2159 324 2215 quibus
353 2158 463 2200 hanc
495 2158 742 2214 opinionem
765 2157 936 2213 prolixe
970 2157 1106 2198 tutari
1138 2156 1311 2199 studuit
1322 2174 1333 2208 3
1362 2159 1434 2200 ille
1467 2175 1541 2202 ex-

83 2233 217 2274 citata
237 2247 351 2274 nunc
372 2247 525 2273 rursus
546 2231 625 2273 hae
647 2231 891 2287 quaestione
913 2246 1041 2271 suum
1064 2230 1144 2272 hac
1166 2230 1221 2272 de
1248 2245 1295 2272 re
1325 2231 1540 2288 Judicium

82 2305 304 2363 aliquibus
319 2321 461 2348 eoram
477 2305 698 2361 explicare
715 2305 868 2351 voluit,
887 2303 1054 2360 adj0ct0
1070 2305 1202 2344 etiam
1222 2319 1382 2346 canone
1397 2307 1540 2361 Apos-

80 2379 270 2420 tolorum
303 2380 347 2420 in
383 2379 609 2420 sententiae
645 2393 737 2419 suae
779 2377 1192 2433 comprobationem.
1258 2377 1406 2427 Quare
1440 2393 1538 2419 cum

80 2452 256 2508 publice
277 2467 390 2494 nunc
410 2452 503 2494 haec
525 2452 814 2508 prensationis
836 2451 951 2492 fama
984 2449 1194 2492 adversus
1223 2449 1349 2491 illum
1381 2451 1538 2506 praedi-

81 2533 262 2575 caretur,
294 2527 330 2568 is
358 2526 553 2582 plurium
587 2525 875 2567 Praelatorum
909 2525 1199 2572 attestatione,
1233 2523 1342 2580 quid
1374 2525 1416 2565 in
1450 2532 1542 2567 tota

81 2597 160 2640 hac
181 2614 227 2641 re
250 2615 347 2642 cum
371 2599 437 2640 his
458 2599 630 2647 dixerit,
655 2599 869 2655 egeritve,
892 2598 1057 2639 cunctis
1079 2598 1281 2653 patefieri
1302 2599 1485 2641 curavit.

138 2670 303 2712 Verum
326 2670 418 2712 haec
440 2671 757 2712 maledicentiae
775 2671 870 2712 lues
890 2671 1135 2727 promiscue
1158 2669 1247 2710 fere
1269 2676 1444 2711 cunctos
1465 2672 1542 2727 qui

81 2742 166 2785 huc
207 2744 369 2801 Synodi
410 2759 540 2786 causa
580 2751 886 2803 convenerant,
929 2750 995 2784 est
1035 2749 1295 2799 pervagata.
1371 2743 1540 2786 Nullus

87 2816 198 2858 enim
243 2825 320 2859 aut
359 2817 622 2874 legatorum,
667 2825 743 2859 aut
784 2817 1088 2863 Praelatorum,
1131 2822 1208 2856 aut
1258 2815 1454 2865 aliorum,
1496 2818 1540 2859 in
