1905 3254
688 300 796 332 sess.
824 301 899 331 vn.
1440 288 1525 328 493

69 419 176 447 mur.
241 404 444 459 Namque
477 404 581 445 dum
610 404 702 446 haec
738 407 1107 455 examinarentur,
1141 406 1195 448 ad
1225 408 1526 463 rationemque

70 477 359 533 complurium
400 477 568 518 dierum
610 479 752 533 spatio
793 485 1116 527 revocarentur,
1156 480 1304 521 literas
1339 480 1525 537 Reginae

71 549 225 589 Scotiae
248 548 496 589 Cardjnalis
517 548 833 605 Lotharingius
857 551 923 589 Stae
947 550 1120 605 Synodo
1141 551 1342 597 reddidit,
1365 552 1526 606 quibus

69 621 155 668 illa,
171 627 222 660 ut
238 619 378 661 fidelis
401 620 638 662 Catholicae
656 622 862 662 Ecclesiae
885 622 986 666 filia,
1005 623 1061 662 ob
1075 629 1323 677 temporum
1346 623 1527 678 injurias

69 693 242 748 aliaque
274 693 587 748 impedimenta
614 708 658 734 se
693 695 932 750 purgabat,
963 694 1081 749 quod
1113 695 1152 735 ei
1188 695 1432 742 Oratorem,
1454 711 1525 736 no-

69 766 183 806 mine
204 765 325 806 illius
357 765 515 822 Regni,
538 766 622 807 huc
648 766 853 807 mittendi
886 767 1070 807 facultas
1096 781 1320 821 nunquam
1344 767 1524 816 fuisset;

68 844 333 893 perpetuum
356 844 503 878 autem
536 852 664 878 suum
687 837 897 886 studium,
920 853 967 878 ac
996 853 1103 893 erga
1135 838 1337 878 Sanctam
1371 837 1523 878 Sedem

67 910 386 951 observantiam
411 910 634 950 Cardinali
650 909 940 965 Lotharingio
962 915 1058 965 ejus
1080 910 1297 950 avunculo
1319 910 1527 950 Patribus

67 981 372 1036 exponendum
413 980 726 1030 mandaverat3
773 996 961 1036 quarum
1005 982 1233 1023 literarum
1275 981 1524 1036 exemplum

68 1066 165 1092 cum
203 1052 367 1106 Synodi
399 1052 690 1107 responsione,
728 1053 912 1108 aliisque
949 1053 1140 1109 ejusdem
1174 1053 1357 1108 Reginae
1390 1053 1526 1094 literis

67 1123 122 1166 ad
144 1125 372 1166 Summum
395 1125 649 1166 Pontificem
683 1132 726 1166 et
754 1125 1032 1166 Cardinalem
1054 1125 1395 1182 Lotharingium
1417 1126 1525 1166 alibi

19 1235 29 1239 -
68 1204 200 1238 extat.

238 1308 414 1353 Literae
442 1306 640 1370 Reginae
667 1306 841 1353 Scotiae
867 1308 926 1353 ad
953 1307 1046 1355 S*am
1072 1306 1341 1371 Synodum.

326 1399 584 1462 Responsio
612 1398 797 1462 Synodi
824 1400 882 1445 ad
909 1395 1026 1445 Lras
1054 1399 1268 1462 Reginae.

67 1493 189 1540 Aliae
211 1493 318 1540 Lfae
340 1492 537 1555 Reginae
563 1493 621 1538 ad
650 1492 792 1537 Pium
817 1492 912 1548 IV„
935 1501 981 1539 et
1005 1492 1110 1539 aliae
1137 1494 1193 1539 ad
1214 1492 1523 1539 Cardinalem

602 1573 983 1636 Lotllaringium.

128 1685 214 1726 His
234 1699 375 1726 coram
397 1685 606 1726 Patribus
627 1686 761 1733 lectis,
781 1685 1098 1741 Lotharingius
1114 1684 1257 1725 multa
1273 1684 1326 1725 de
1343 1685 1522 1740 origine,

68 1758 379 1813 natalibusque
422 1758 578 1798 Maria:
620 1758 806 1814 Reginae
849 1758 1030 1814 adjecit3
1076 1756 1282 1812 quodque
1324 1758 1525 1799 Clemens

70 1830 292 1886 Septimus
323 1837 366 1871 et
388 1830 556 1870 Paulus
578 1829 758 1871 Tertius
790 1831 921 1875 illam,
946 1844 1030 1870 non
1062 1829 1202 1869 solum
1237 1832 1283 1869 οῖι
1310 1829 1525 1884 dignitate

70 1917 168 1958 quae
193 1902 395 1958 Anglicis
417 1902 619 1957 Regibus
642 1903 748 1943 alias
768 1902 914 1943 delata
943 1902 1040 1947 fuit,
1065 1901 1302 1941 ornandam
1325 1901 1525 1944 decreve-

68 1982 182 2022 runt,
205 1975 281 2016 sed
302 1976 434 2016 etiam
458 1976 566 2016 ΕεσὮ
593 1975 864 2016 defensorem
898 1975 1078 2015 mirifica
1111 1974 1230 2014 illius
1263 1989 1361 2014 cum
1394 1975 1524 2017 laude

69 2047 418 2103 appellaverunt.
481 2047 597 2088 Tum
636 2047 722 2088 alia
763 2047 817 2088 de
859 2061 1003 2087 rerum
1045 2052 1163 2086 statu
1203 2045 1325 2085 illius
1364 2046 1523 2102 Regni,

67 2120 318 2175 optimaque
334 2120 518 2176 Reginae
535 2135 641 2176 erga
658 2119 929 2161 Catholicam
952 2118 1229 2174 Religionem
1251 2133 1297 2158 ac
1321 2118 1523 2160 Sanctam

71 2191 295 2247 Synodum
318 2192 550 2233 voluntate
582 2192 826 2247 subjunxit.
890 2190 998 2231 Inde
1021 2206 1045 2231 a
1078 2190 1257 2244 Legatis
1277 2190 1525 2245 Episcopus

68 2263 416 2306 Vintimilliensis
438 2264 615 2305 obviam
634 2263 772 2304 Card'*i
794 2264 830 2304 F
834 2263 1066 2303 crrariensi
1082 2277 1135 2302 ex
1159 2261 1308 2301 Gallia
1324 2261 1526 2302 redeunti

69 2335 225 2376 missus
258 2335 354 2383 fuit,
390 2335 453 2374 ita
484 2335 625 2375 literis
662 2350 714 2375 ex
747 2334 856 2374 urbe
894 2332 1217 2376 mandantibus,
1254 2338 1304 2370 ut
1339 2330 1527 2372 fideliter

70 2421 232 2454 eorum,
256 2422 355 2463 quae
376 2407 445 2448 hic
468 2414 564 2448 acta
596 2414 748 2454 essent,
779 2413 907 2446 antea
941 2405 1292 2449 admonerentur,
1316 2416 1444 2456 quam
1470 2403 1525 2443 ab

71 2479 180 2528 aliis,
204 2486 279 2520 aut
299 2480 543 2534 ipsorumet
575 2478 808 2519 Gallorum
843 2476 911 2516 hic
938 2473 1292 2516 commorantium
1323 2474 1526 2514 sermoni-

71 2549 155 2590 bus
176 2551 514 2605 praeveniretur.

127 2623 246 2664 Tum
284 2623 530 2664 Cardinalis
566 2622 777 2662 Moronus
811 2635 864 2660 ex
901 2618 1004 2658 aula
1041 2617 1226 2657 Caesaris
1262 2615 1526 2658 Tridentum

72 2701 135 2735 est
155 2709 366 2736 reversus.
431 2694 476 2735 Is
507 2708 721 2750 perquam
756 2690 984 2731 honorifice
1017 2704 1041 2728 a
1075 2687 1262 2733 Caesare,
1296 2687 1364 2727 cui
1396 2689 1527 2729 etiam

74 2765 127 2806 ad
148 2767 337 2822 primum
359 2766 554 2821 lapidem
586 2770 841 2810 occurrerat,
875 2767 1084 2815 exceptus
1111 2759 1245 2800 fuisse
1271 2759 1498 2802 dicebatur
1519 2778 1529 2810 3
