1905 3254
691 291 809 331 51155.
836 293 928 323 vm.
1453 279 1538 320 625

79 391 294 448 placuerit
315 394 469 450 majori
491 395 605 450 parti
629 395 829 444 Patruln,
853 404 903 438 ut
939 398 981 438 in
1004 398 1219 455 principio
1248 400 1531 441 articulorum

77 466 132 508 de
155 466 482 509 Reformatione
504 476 803 525 apponeretur
835 471 1040 520 clausula,
1076 471 1211 513 Salva
1237 472 1360 514 Sedis
1392 474 1532 530 Apos-

76 540 219 582 tolicae
248 542 522 589 auctoritate,
555 542 745 582 noluisse
783 549 929 584 tamen
961 559 1006 585 se
1039 547 1389 600 praetermittere,
1427 547 1533 602 quin

77 614 279 654 omnibus
300 614 523 669 significet,
547 614 709 655 multos
731 629 838 663 esse,
861 616 937 671 qui
969 631 1129 672 magno
1160 617 1324 672 judicio
1359 625 1533 658 censent

77 686 187 728 hanc
209 688 447 728 clausulam
470 687 779 728 reservandam
802 703 893 729 esse
915 688 958 728 in
974 689 1102 729 finem
1125 691 1259 730 totius
1274 691 1533 731 Reformati-

77 759 184 807 onis,
208 765 259 799 ut
281 759 517 799 novissima
538 759 831 814 respondeant
864 760 1042 816 primis3
1076 776 1125 802 eo
1160 761 1277 817 quod
1310 762 1416 802 alias
1451 762 1533 803 sub

76 829 218 872 Paulo
254 831 297 870 3⁰
328 831 373 871 in
405 831 619 887 principio
648 831 983 872 Reformationis
1018 832 1170 873 eadem
1212 833 1411 874 clausula
1450 833 1535 875 fuit

76 903 347 959 interposita,
371 910 465 944 tum
498 903 627 944 etiam
661 911 712 945 ut
742 904 923 945 tollatur
954 906 1091 945 omnis
1124 906 1287 946 occasio
1320 905 1535 960 haereticis

76 977 169 1018 haec
205 976 379 1017 decreta
413 976 692 1025 cumulandi,¹
725 992 822 1018 011111
857 977 1034 1018 videant
1064 977 1173 1019 hanc
1205 979 1446 1019 clausulam
1473 980 1535 1020 ita

77 1051 259 1107 sparsim
282 1051 552 1107 interjectam
571 1067 579 1091 ε
604 1058 836 1107 propterea
857 1067 902 1092 se
925 1067 1100 1107 cupere,
1118 1059 1168 1093 ut
1183 1054 1337 1094 Patres
1359 1068 1532 1109 respon-

78 1124 212 1166 deant
232 1124 337 1180 quid
360 1125 420 1165 eis
441 1125 582 1180 magis
603 1125 790 1181 placeat,
816 1132 859 1166 et
888 1126 1048 1167 notarii
1068 1141 1180 1168 nunc
1203 1127 1257 1168 de
1290 1142 1438 1168 eorum
1462 1143 1534 1169 vo-

76 1199 249 1240 luntate
268 1204 311 1238 et
334 1212 542 1239 consensu
564 1204 786 1254 rogentur.

136 1273 303 1318 Patres,
346 1272 424 1327 qui
463 1271 780 1326 responderunt
827 1278 878 1312 ut
922 1271 1009 1313 haec
1048 1272 1247 1313 clausula
1292 1273 1533 1322 differatur,

76 1345 256 1385 fuerunt
277 1344 359 1394 99,
393 1344 468 1399 qui
487 1358 590 1384 vero
613 1343 833 1391 dixerunt,
855 1350 905 1384 ut
928 1344 972 1384 in
993 1343 1071 1384 hac
1095 1345 1293 1385 Sessione
1317 1346 1534 1387 adscriba-

78 1423 165 1466 tur,
189 1417 368 1458 fuerunt
390 1416 632 1472 pauciores.

136 1491 268 1532 Nunc
301 1497 448 1531 autem
470 1491 513 1530 in
536 1497 631 1530 acta
652 1490 917 1530 notariorum
942 1490 1132 1531 relatum
1161 1491 1257 1540 fuit,
1280 1494 1537 1534 consensisse

73 1564 162 1619 jam
198 1563 363 1610 Patres,
393 1569 444 1603 ut
476 1562 672 1603 clausula
706 1561 798 1602 haec
840 1569 1089 1617 apponatur
1119 1564 1162 1603 in
1195 1565 1279 1604 fine
1315 1567 1538 1620 sequentis

81 1636 303 1684 Sessionis,
325 1650 401 1676 nec
437 1634 625 1690 amplius
657 1634 710 1674 de
733 1649 782 1674 eo
805 1635 1094 1690 exquirantur
1111 1635 1226 1676 Vota
1247 1636 1456 1687 Patrum3
1493 1646 1537 1679 et

80 1709 144 1750 ita
176 1709 379 1750 omnibus
411 1708 595 1763 placuit,
625 1714 668 1748 et
703 1707 890 1755 Notarii,
923 1715 1105 1764 rogante
1133 1709 1398 1759 Promotore,
1422 1710 1536 1752 idem

82 1783 126 1823 in
147 1783 256 1823 actis
279 1782 613 1823 adnotaverunt.

138 1856 276 1897 Lecta
307 1854 465 1896 deinde
507 1861 610 1895 sunt
637 1854 810 1895 decreta
833 1854 1185 1896 reformationum
1218 1856 1463 1897 definienda
1494 1858 1537 1897 in

83 1930 295 1978 Sessione,
319 1937 362 1970 et
383 1929 550 1984 placuit
572 1928 791 1975 Patribus,
816 1934 864 1968 ut
887 1935 1020 1983 caput
1043 1943 1079 1970 v.
1095 1928 1148 1969 de
1170 1930 1539 1985 Exemptionibus

84 2003 400 2045 Canonicorum
424 2003 674 2043 differretur
694 2003 737 2042 in
767 2002 897 2043 aliam
927 2009 1178 2058 sequentem
1217 2004 1474 2055 sessionem,
1494 2005 1537 2045 in

83 2077 268 2133 gratiam
284 2076 583 2131 Hispanorum
598 2092 607 2124 ;
637 2081 680 2115 et
697 2073 812 2130 quod
825 2074 1007 2115 tollatur
1019 2075 1226 2121 clausula,
1241 2090 1325 2115 non
1338 2076 1537 2117 obstante

85 2149 194 2198 8ε(;.,Ξ
216 2164 268 2190 ex
290 2164 340 2189 eo
362 2149 550 2196 decreto,
574 2148 691 2204 quod
713 2147 840 2188 hodie
863 2163 919 2195 v.,
941 2147 1074 2202 idque
1104 2148 1147 2188 in
1174 2149 1362 2204 gratiam
1388 2150 1536 2190 Gallo-

83 2238 195 2270 rum,
231 2230 275 2264 et
311 2221 438 2263 Card.
481 2221 772 2277 Lotharingii.
835 2220 1027 2276 Reliqua
1061 2221 1234 2262 decreta
1267 2221 1539 2279 frequentius

84 2297 262 2338 fuerunt
285 2296 480 2351 probata,
503 2296 654 2351 paucis
676 2301 848 2336 tantum
871 2295 1003 2335 rebus
1028 2296 1217 2335 mutatis.

142 2370 299 2411 Postea
335 2368 581 2409 Cardinalis
617 2368 827 2408 Moronus
861 2368 1052 2407 narravit
1083 2383 1268 2415 causam,
1310 2383 1385 2409 cur
1423 2385 1538 2411 nunc

83 2449 358 2498 proponatur
391 2441 613 2481 decretum
651 2440 776 2488 illud,
813 2440 889 2480 ubi
923 2441 1071 2496 agitur
1102 2440 1156 2481 dc
1193 2443 1538 2497 proponentibus

83 2515 298 2572 Legatis,³
319 2514 581 2570 rogavitque
601 2514 768 2562 Patres,
788 2521 835 2554 ut
854 2514 991 2555 velint
1007 2514 1192 2569 simplici
1211 2515 1355 2564 verbo,
1376 2515 1536 2565 Placet,

85 2595 162 2630 aut
182 2588 283 2628 Non
305 2588 461 2643 placet,
485 2587 756 2643 respondere,
781 2587 957 2643 quando
977 2602 1044 2628 res
1065 2587 1167 2628 satis
1188 2603 1321 2643 supra
1340 2590 1430 2644 jain
1454 2590 1538 2631 dis-

85 2677 210 2704 cussa
248 2661 345 2703 fuit.
420 2662 696 2717 Lectumque
738 2661 822 2702 fuit
865 2661 1098 2710 decretum,
1141 2667 1183 2702 et
1221 2663 1539 2718 responderunt

171 2771 178 2788 ¹
203 2771 457 2803 calumniandi?
693 2771 706 2789 ²
730 2771 794 2802 The
811 2772 892 2802 word
911 2772 934 2802 is
949 2772 1115 2802 somewhat
1131 2771 1196 2802 like
1210 2783 1241 2802 re
1257 2772 1288 2802 111
1305 2772 1355 2803 the
1372 2773 1443 2806 MS.

360 2825 373 2842 ³
400 2826 444 2855 Re
462 2826 485 2855 is
500 2825 570 2856 licre
588 2826 769 2856 introduced
790 2826 862 2856 with
882 2836 921 2855 no
936 2831 1084 2866 apparent
1108 2826 1263 2864 meaning.

1235 2886 1310 2924 2⁵
