1905 3254
360 342 441 383 316
980 354 1093 383 sess.
1121 351 1197 381 vn.

360 477 493 517 opera
533 468 578 502 et
612 459 877 501 authoritate
908 458 988 499 hoc
1023 463 1216 498 sanctum
1252 462 1296 497 et
1330 454 1533 512 generale
1567 453 1811 495 Concilium

360 540 553 575 coactum
590 534 660 580 sit,
689 533 724 573 si
747 546 945 587 unquam
980 537 1121 577 antea,
1154 544 1269 569 nunc
1292 535 1407 569 certe
1428 528 1616 568 maxime
1637 541 1813 583 speran-

359 606 465 647 dum
487 613 567 655 est,
591 606 681 646 fore
704 612 756 646 ut
773 619 901 646 verus
922 603 1009 643 Dei
1031 603 1173 643 cultus
1195 601 1389 641 discussa
1411 615 1605 641 errorum
1627 599 1812 655 caligine

361 680 417 720 ab
448 679 649 720 omnibus
687 683 960 734 agnoscatur,
994 690 1134 715 mores
1168 673 1466 719 emendentur,
1499 687 1586 728 pax
1623 679 1667 713 et
1699 678 1814 712 tran-

361 752 556 807 quillitas
577 750 786 792 Ecclesiae
821 749 1095 790 restituatur.
1158 747 1257 796 Qua
1284 747 1329 786 in
1360 761 1419 793 re,
1445 743 1812 800 quemadmodum

361 824 503 865 adhuc
524 830 671 864 sancta
694 821 892 878 Synodus
913 835 1081 861 omnem
1107 819 1380 874 diligentiam
1403 817 1617 866 adhibuit,
1641 825 1690 857 ut
1714 831 1814 871 quae

360 897 429 936 sui
449 895 638 936 muneris
659 901 703 935 et
723 894 847 934 officii
869 908 959 933 esse
980 892 1258 946 intelligebat
1291 890 1405 944 (Deo
1428 889 1683 946 adjuvante)
1719 903 1815 944 per-

360 969 519 1015 ficeret,
555 968 617 1007 ita
648 968 692 1007 in
728 973 953 1021 posterum
986 964 1095 1004 nihil
1129 978 1173 1004 se
1206 963 1259 1004 de
1297 978 1348 1003 ea
1382 978 1487 1003 cura
1518 962 1811 1002 remissuram.

360 1039 526 1080 Verum
550 1040 585 1079 si
606 1039 699 1079 fieri
726 1038 861 1093 possit
889 1036 1057 1091 aliquid
1087 1036 1233 1091 potius
1259 1035 1313 1075 ad
1334 1049 1430 1075 eam
1453 1033 1584 1075 studii
1605 1040 1648 1074 et
1667 1033 1816 1074 indus-

359 1113 455 1153 triae
493 1112 743 1152 addituram
775 1125 866 1151 esse
902 1109 1132 1165 pollicetur
1169 1123 1216 1148 ac
1251 1107 1449 1163 spondet.
1511 1107 1671 1162 Neque
1695 1120 1814 1154 verO,

362 1185 466 1225 Illme
491 1184 585 1231 ΒΗΘ,
610 1190 665 1231 te,
696 1182 932 1238 impulsore
964 1181 1102 1221 solum
1135 1187 1267 1235 atque
1297 1179 1533 1227 hortatore,
1569 1178 1646 1219 sed
1679 1178 1818 1218 multo

363 1255 506 1311 magis
544 1255 662 1310 quod
699 1269 878 1295 summae
915 1253 1134 1293 felicitatis
1172 1252 1264 1292 loco
1298 1251 1548 1292 habendum
1584 1251 1816 1296 existimat,

364 1327 565 1382 adjutore
603 1334 646 1367 et
679 1326 935 1373 consiliario,
963 1325 1008 1365 id
1041 1325 1182 1365 faciet.
1246 1324 1384 1364 Novit
1415 1324 1528 1364 enim
1551 1330 1717 1379 quanta
1738 1329 1818 1363 tua

364 1400 417 1439 sit
459 1399 724 1454 optimarum
768 1399 925 1438 artium
968 1404 1013 1437 et
1053 1397 1274 1452 praecipue
1326 1411 1546 1436 sacrarum
1592 1396 1817 1436 literarum

365 1473 556 1521 scientia,
579 1473 866 1513 maximarum
889 1485 1036 1511 rerum
1060 1485 1165 1510 usus
1188 1476 1322 1524 atque
1344 1468 1557 1516 tractatio,
1591 1467 1709 1522 apud
1730 1467 1816 1507 Re-

366 1559 466 1601 gem
509 1544 859 1599 potentissimum
895 1557 1173 1597 summosque
1214 1541 1438 1595 Principes
1478 1539 1742 1581 existimatio
1775 1546 1820 1580 et

365 1616 612 1663 auctoritas,
636 1624 692 1660 et,
723 1615 839 1671 quod
864 1621 997 1669 caput
1026 1621 1103 1662 est,
1135 1614 1276 1668 pietas
1308 1613 1353 1652 in
1385 1612 1546 1659 Deum,
1575 1611 1677 1651 vitae
1710 1611 1820 1652 inte-

364 1688 510 1742 gritas,
545 1694 588 1728 et
620 1688 879 1733 innocentia,
914 1701 961 1726 ac
993 1700 1108 1726 verae
1141 1692 1185 1725 ct
1218 1683 1458 1724 Catholicae
1492 1683 1716 1738 religionis
1738 1683 1820 1723 sin-

363 1775 506 1800 cerum
539 1760 747 1800 studium.
812 1759 922 1809 Quae
956 1757 1132 1814 quidem
1166 1764 1232 1798 tot
1265 1765 1308 1798 et
1338 1763 1461 1797 tanta
1492 1763 1609 1804 sunt,
1644 1763 1694 1796 ut
1715 1755 1821 1811 quid

363 1833 633 1887 potissimum
655 1832 698 1871 in
725 1846 770 1872 se
802 1831 997 1871 homines
1028 1829 1206 1870 laudare
1242 1829 1442 1875 debeant,
1475 1829 1819 1868 maximarumne

364 1906 581 1945 virtutum
604 1905 830 1945 cumulum
854 1919 908 1943 an
935 1903 978 1942 in
1003 1917 1177 1958 quoquo
1200 1917 1359 1957 genere
1389 1901 1634 1941 absolutam
1657 1907 1701 1941 et
1722 1915 1819 1956 per-

363 1979 519 2018 fectam
542 1993 691 2018 carum
714 1978 896 2017 formam
918 1977 1071 2016 merito
1093 1976 1286 2016 dubitari
1308 1975 1456 2030 possit.
1521 1974 1642 2014 Illud
1673 1981 1818 2015 autem

365 2051 760 2106 exploratissimum
802 2051 961 2090 Sancta
1004 2049 1206 2104 Synodus
1247 2049 1390 2097 habet,
1443 2056 1533 2088 tam
1583 2048 1725 2088 multa
1764 2048 1820 2088 ab

367 2125 473 2165 Illma
498 2123 809 2180 Amplitudine
843 2130 989 2163 vestra
1025 2122 1079 2162 ad
1113 2123 1352 2163 communis
1389 2121 1547 2161 Causae
1585 2122 1819 2162 utilitatem

366 2197 619 2252 adjumenta
654 2196 836 2237 allatum
869 2195 936 2243 iri,
971 2202 1020 2235 ut
1055 2195 1137 2235 sibi
1169 2209 1395 2249 nunquam
1422 2195 1564 2235 minus
1580 2195 1820 2251 jucundam

366 2274 462 2325 ejus
485 2270 700 2311 adventus
722 2268 971 2309 memoriam
995 2267 1188 2307 futuram
1219 2266 1415 2315 confidat,
1451 2282 1583 2322 quam
1618 2268 1694 2308 ille
1724 2268 1821 2323 ipse

365 2342 468 2390 dics,
506 2357 594 2398 quo
626 2342 872 2382 venientem
908 2340 1082 2394 excepit
1114 2339 1378 2384 laetissimus,
1402 2345 1445 2378 et
1479 2338 1822 2393 jucundissimus

365 2415 566 2455 omnibus
587 2414 782 2454 illuxisse
811 2412 930 2453 visus
959 2418 1038 2452 est.
1104 2410 1274 2465 Itaque,
1310 2409 1413 2450 Illme
1447 2409 1563 2458 Dne,
1598 2425 1745 2451 omnes
1776 2410 1822 2450 hi

369 2487 439 2527 Smi
468 2488 587 2534 Pres,
624 2485 742 2541 quod
774 2491 862 2525 tam
894 2484 1043 2540 longo,
1088 2483 1264 2530 difficili,
1307 2498 1353 2523 ac
1391 2483 1634 2538 periculoso
1669 2483 1820 2524 itinere

366 2568 579 2615 suscepto,
617 2559 672 2600 ad
713 2559 920 2600 tuendam
960 2559 1027 2598 S‘ae
1064 2557 1222 2598 Matris
1254 2557 1368 2597 Eccae
1403 2557 1661 2613 dignitatem
1702 2560 1823 2599 tanta

367 2634 497 2674 animi
530 2633 756 2673 alacritate
791 2632 1041 2679 accurreris,
1075 2629 1194 2686 quod
1229 2630 1379 2670 salvus
1415 2637 1459 2670 et
1480 2630 1702 2671 incolumis
1723 2645 1820 2671 cum

366 2713 430 2746 tot
454 2706 811 2761 gravissimorum
834 2707 969 2746 Prum
993 2705 1197 2745 comitatu
1216 2702 1457 2750 adveneris,
1477 2702 1594 2758 quod
1614 2706 1690 2744 tua
1710 2717 1821 2758 prae-

366 2779 514 2824 sentia,
537 2777 817 2824 authoritate,
840 2776 1070 2833 splendore
1106 2775 1191 2816 frui
1216 2775 1360 2823 liceat,
1392 2775 1583 2830 primum
1614 2773 1710 2815 Deo
1743 2774 1819 2813 im-

367 2850 537 2889 mortali
579 2850 787 2890 maximas
838 2851 999 2905 gratias
1041 2855 1205 2904 agunt,
1258 2847 1414 2889 deinde
1456 2849 1537 2888 tibi
1579 2862 1633 2888 ex
1676 2846 1819 2887 animo
