1905 3254
667 314 775 344 sess.
798 313 875 343 vn.
1415 293 1498 334 357

42 420 236 462 inutilem
270 434 463 460 sermone
498 418 814 474 protraherent,
847 418 938 457 sive
960 416 1013 457 de
1035 422 1252 472 potestate
1284 415 1419 469 Papae
1453 418 1497 452 et

26 494 226 535 ›Concilii
245 493 490 548 disceptare
513 492 739 541 auderent,
759 492 941 532 Praelati
957 499 1101 532 tamen
1117 495 1215 545 ejus
1228 490 1318 530 fere
1336 501 1498 533 omncs,

42 574 172 623 prout
206 581 274 608 res
307 566 470 607 tulerat
506 566 550 606 in
585 565 664 606 hoe
706 565 778 606 vel
816 564 927 604 illud
967 570 1274 619 argumentum
1316 558 1500 616 digressi

42 640 250 686 fuerunt,¹
272 654 320 680 ac
351 639 577 694 praecipue
607 638 858 694 Episcopus
893 637 1118 683 Metensis,
1141 636 1254 676 male
1286 634 1428 676 affecti
1455 633 1498 673 in

46 712 274 753 Summum
318 712 573 752 Pontificem
617 710 761 757 animi,
799 710 992 750 oratione
1025 724 1105 749 sua
1139 707 1498 764 significationem

44 783 252 825 dederant
269 799 280 832 3
313 799 448 839 quare
480 798 565 823 non
599 783 708 823 levis
741 790 836 823 orta
870 789 936 823 est
967 782 1170 837 suspicio,
1198 780 1303 826 haec,
1338 778 1497 820 Lotha-

44 857 186 913 ringio
208 856 385 905 conscio,
408 857 469 896 ita
491 855 709 910 dispergi:
744 855 874 894 imino
896 869 992 894 cum
1017 853 1224 895 Metensis
1256 852 1356 893 olim
1390 864 1501 906 prze-

47 936 195 985 ceptor
225 930 506 985 Lotharingii
527 929 659 969 fuisse
681 928 736 968 ab
765 942 903 982 eoque
932 927 1249 982 Episcopatum
1273 924 1501 978 accepisse,

47 1001 279 1057 adhucque
301 1002 340 1042 ei
361 1001 490 1041 valde
516 1001 742 1041 familiaris
768 999 997 1047 diceretur,
1027 997 1239 1038 creditum
1269 992 1504 1049 aliquando

49 1075 145 1122 fuit,
168 1075 294 1115 illum
328 1075 613 1129 interpretem
648 1081 781 1128 atque
812 1072 1134 1127 exploratorem
1164 1069 1321 1109 mentis
1343 1066 1504 1107 Lotha-

48 1146 179 1200 ringii
210 1145 428 1193 futurum,
454 1151 504 1185 ut
540 1144 659 1200 quod
694 1145 743 1193 is,
777 1144 847 1184 vel
879 1143 1137 1187 reticuisset,
1173 1140 1243 1181 vel
1279 1138 1506 1180 obscurius

48 1219 261 1274 loquutus
298 1219 464 1265 fuisset,
497 1218 542 1257 id
578 1218 806 1265 Metensis,
840 1223 1049 1271 tanquam
1073 1230 1097 1255 a
1132 1229 1176 1254 se
1207 1213 1505 1268 excogitatum

51 1306 142 1332 esse
176 1291 447 1346 prolaturus,
511 1292 655 1341 Quam
692 1297 838 1330 tamen
873 1288 1159 1343 suspicionem
1192 1284 1510 1338 Lotharingius

52 1365 188 1421 probe
209 1364 375 1404 diluere
398 1363 631 1410 contendit,
651 1378 747 1403 cum
771 1363 813 1401 in
836 1376 991 1402 corona
1014 1361 1284 1415 Legatoruni
1303 1363 1510 1413 opportu-

51 1437 230 1478 nitatem
247 1444 412 1485 nactus,
429 1452 487 1485 se,
507 1443 583 1476 aut
604 1434 912 1490 imprudentia,
929 1439 1005 1473 aut
1026 1432 1241 1488 imperitia
1263 1431 1352 1471 labi
1366 1444 1512 1485 posse;

54 1509 336 1550 simulatione
374 1516 537 1556 autem,
575 1515 651 1549 aut
684 1508 880 1548 versutia
911 1520 1206 1561 nequaquam,
1251 1502 1512 1543 affirmavit:

55 1581 173 1638 quod
212 1581 306 1622 haec
347 1583 591 1637 ingenuum
639 1587 716 1621 aut
765 1580 955 1619 nobilem
998 1579 1142 1619 virum
1193 1592 1279 1617 non
1319 1575 1512 1620 deceant,

55 1655 232 1710 qualem
254 1669 298 1695 se
320 1655 414 1710 ipse
443 1655 688 1709 profitetur.
753 1653 838 1692 Cui
862 1653 1106 1692 Simonetta
1126 1650 1367 1695 subridens,
1390 1648 1514 1687 blan-

55 1727 200 1782 deque
234 1726 505 1782 apprehensa
541 1739 688 1773 manu,
737 1739 781 1764 se
814 1723 1007 1763 nonnihil
1039 1737 1140 1762 sane
1174 1721 1227 1761 de
1258 1736 1321 1767 eo,
1363 1719 1513 1760 audit-21

57 1799 160 1839 olim
198 1798 411 1838 Metensis
451 1797 659 1846 oratione,
699 1795 973 1836 subveritum
1008 1794 1138 1833 fuisse
1180 1807 1263 1832 non
1303 1791 1514 1846 negavit3

57 1871 249 1927 indeque
272 1870 474 1912 benevoli
496 1876 653 1910 mutuo
675 1869 973 1908 discesserunt.

118 1945 343 1986 Caeterum
377 1944 431 1984 dc
465 1943 596 1984 rebus
627 1941 861 1997 propositis
894 1940 1051 1979 mirum
1087 1937 1203 1978 illud
1234 1937 1334 1983 fuit,
1363 1936 1517 1976 Patres

61 2019 148 2060 fere
170 2032 318 2058 omncs
339 2018 402 2057 ita
422 2031 466 2056 se
488 2022 601 2056 totos
622 2015 666 2054 in
688 2029 739 2054 ea
760 2012 1001 2069 quaestione
1023 2010 1077 2051 de
1099 2009 1411 2050 Jurisdictione
1433 2009 1517 2049 dis-

62 2091 243 2133 serenda
274 2089 493 2137 effudisse,
519 2103 619 2143 quae
656 2088 883 2142 proposita
914 2099 998 2125 non
1031 2090 1138 2133 erat,
1157 2098 1234 2123 nec
1265 2082 1519 2130 necessaria,

62 2178 138 2205 nec
159 2163 227 2204 his
249 2160 523 2216 temporibus
545 2173 791 2215 congruens
810 2174 818 2206 ;
852 2165 896 2198 et
927 2156 1112 2211 reliqua,
1137 2169 1239 2209 quae
1260 2153 1302 2193 in
1324 2152 1521 2194 doctrina

63 2235 414 2284 continebantur,
437 2248 462 2273 a
481 2232 633 2287 paucis
655 2238 801 2272 tamen
817 2229 977 2270 PPibus
1000 2228 1250 2273 observata,
1274 2225 1521 2280 leviterque

64 2308 292 2364 perstricta
313 2306 459 2346 fuisse.

121 2381 208 2422 Sed
229 2387 272 2421 et
293 2379 394 2420 hinc
415 2379 557 2419 multa
579 2378 663 2419 alia
683 2377 727 2417 in
748 2376 934 2416 dubium
952 2380 1103 2415 vocata
1124 2372 1257 2413 fuisse
1279 2371 1521 2420 constabat,

66 2467 164 2509 quae
191 2468 289 2494 cum
319 2451 535 2493 haereticis
567 2465 652 2490 non
683 2455 785 2490 sunt
816 2446 1076 2504 pugnantia,
1101 2444 1177 2485 scd
1207 2450 1377 2485 tantum
1408 2443 1522 2484 inter

66 2525 293 2582 theologos
313 2531 356 2566 et
378 2523 638 2564 canonistas
661 2528 952 2567 controversa,
976 2534 1001 2559 a
1022 2517 1183 2573 quibus
1211 2515 1522 2556 abstinendum

66 2599 214 2654 potius
247 2604 355 2646 erat,
389 2596 508 2652 quod
544 2595 637 2636 haec
673 2594 907 2635 seditiones
947 2598 989 2631 et
1026 2595 1162 2631 sectas
1204 2594 1376 2628 tantum
1411 2588 1524 2628 inter

68 2670 220 2711 Patres
242 2670 405 2730 fovere,
426 2683 503 2708 nec
524 2667 716 2707 fructum
741 2664 893 2706 afferre
915 2676 1040 2719 posse
1064 2660 1331 2701 viderentur.

125 2741 259 2782 Porro
279 2741 323 2780 in
346 2739 571 2781 tractanda
592 2737 836 2793 quaestione
858 2735 912 2776 de
936 2735 965 2775 J
971 2732 1263 2779 urisdictionc,
1277 2745 1373 2771 cum
1397 2729 1524 2771 multi

177 2826 186 2845 ¹
211 2829 315 2859 Hence
329 2832 360 2859 to
375 2827 426 2858 the
441 2827 500 2858 end
515 2827 550 2858 of
561 2827 612 2857 the
628 2825 798 2866 paragraph
816 2822 1003 2862 Raynaldus
1018 2823 1183 2861 represents
1199 2819 1239 2858 by
1252 2829 1292 2849 an
1306 2820 1326 2836 “
1340 2817 1418 2848 &c.''
