<?xml version="1.0" encoding="UTF-8"?>
<!DOCTYPE html PUBLIC "-//W3C//DTD XHTML 1.0 Transitional//EN"
    "http://www.w3.org/TR/xhtml1/DTD/xhtml1-transitional.dtd">
<html xmlns="http://www.w3.org/1999/xhtml" xml:lang="en" lang="en">
 <head>
  <title>
</title>
<meta http-equiv="Content-Type" content="text/html;charset=utf-8" />
  <meta name='ocr-system' content='tesseract 3.04.00' />
  <meta name='ocr-capabilities' content='ocr_page ocr_carea ocr_par ocr_line ocrx_word'/>
</head>
<body>
  <div class='ocr_page' id='page_1' title='image "actaconciliitrid00paleuoft_0340.png"; bbox 0 0 1905 3254; ppageno 0'>
   <div class='ocr_carea' id='block_1_1' title="bbox 341 301 1181 343">
    <p class='ocr_par' dir='ltr' id='par_1_1' title="bbox 341 301 1181 343">
     <span class='ocr_line' id='line_1_1' title="bbox 341 301 1181 343; baseline -0.001 -1"><span class='ocrx_word' id='word_1_1' title='bbox 341 301 424 342; x_wconf 79' lang='lat'>236</span> <span class='ocrx_word' id='word_1_2' title='bbox 984 313 1093 343; x_wconf 70' lang='lat' dir='ltr'>snss.</span> <span class='ocrx_word' id='word_1_3' title='bbox 1122 312 1181 341; x_wconf 78' lang='lat' dir='ltr'>Vl.</span> 
     </span>
    </p>
   </div>
   <div class='ocr_carea' id='block_1_2' title="bbox 338 415 1816 2875">
    <p class='ocr_par' dir='ltr' id='par_1_2' title="bbox 338 415 1800 546">
     <span class='ocr_line' id='line_1_2' title="bbox 338 415 1800 465; baseline -0.005 -1"><span class='ocrx_word' id='word_1_4' title='bbox 338 422 634 464; x_wconf 83' lang='lat' dir='ltr'>turbationem</span> <span class='ocrx_word' id='word_1_5' title='bbox 659 419 795 460; x_wconf 89' lang='lat' dir='ltr'>ullam</span> <span class='ocrx_word' id='word_1_6' title='bbox 818 418 976 459; x_wconf 87' lang='lat' dir='ltr'>idcirco</span> <span class='ocrx_word' id='word_1_7' title='bbox 998 424 1211 465; x_wconf 81' lang='lat' dir='ltr'>exortam,</span> <span class='ocrx_word' id='word_1_8' title='bbox 1237 415 1313 456; x_wconf 87' lang='lat' dir='ltr'>sed</span> <span class='ocrx_word' id='word_1_9' title='bbox 1335 415 1481 456; x_wconf 86' lang='lat' dir='ltr'>omnia</span> <span class='ocrx_word' id='word_1_10' title='bbox 1502 418 1668 456; x_wconf 70' lang='lat' dir='ltr'>summa</span> <span class='ocrx_word' id='word_1_11' title='bbox 1688 415 1800 457; x_wconf 83' lang='lat' dir='ltr'>inter</span> 
     </span>
     <span class='ocr_line' id='line_1_3' title="bbox 339 489 1687 546; baseline -0.006 -9"><span class='ocrx_word' id='word_1_12' title='bbox 339 512 410 538; x_wconf 92' lang='lat' dir='ltr'>eos</span> <span class='ocrx_word' id='word_1_13' title='bbox 434 495 658 539; x_wconf 84' lang='lat' dir='ltr'>charitate,</span> <span class='ocrx_word' id='word_1_14' title='bbox 682 500 725 534; x_wconf 90' lang='lat' dir='ltr'>et</span> <span class='ocrx_word' id='word_1_15' title='bbox 748 492 1023 533; x_wconf 82' lang='lat' dir='ltr'>consensione</span> <span class='ocrx_word' id='word_1_16' title='bbox 1045 491 1196 546; x_wconf 83' lang='lat' dir='ltr'>peragi</span> <span class='ocrx_word' id='word_1_17' title='bbox 1219 490 1356 531; x_wconf 87' lang='lat' dir='ltr'>solere</span> <span class='ocrx_word' id='word_1_18' title='bbox 1380 490 1552 529; x_wconf 90' lang='lat' dir='ltr'>omnino</span> <span class='ocrx_word' id='word_1_19' title='bbox 1573 489 1687 530; x_wconf 88' lang='lat' dir='ltr'>novi.</span> 
     </span>
    </p>

    <p class='ocr_par' dir='ltr' id='par_1_3' title="bbox 341 563 1804 916">
     <span class='ocr_line' id='line_1_4' title="bbox 399 563 1804 622; baseline -0.006 -12"><span class='ocrx_word' id='word_1_20' title='bbox 399 569 436 610; x_wconf 87' lang='lat' dir='ltr'><strong>F</strong></span> <span class='ocrx_word' id='word_1_21' title='bbox 440 567 802 622; x_wconf 82' lang='lat' dir='ltr'>esulanus—quis</span> <span class='ocrx_word' id='word_1_22' title='bbox 844 572 1061 606; x_wconf 87' lang='lat' dir='ltr'>versutam</span> <span class='ocrx_word' id='word_1_23' title='bbox 1103 564 1314 605; x_wconf 90' lang='lat' dir='ltr'>malitiam</span> <span class='ocrx_word' id='word_1_24' title='bbox 1358 563 1684 603; x_wconf 85' lang='lat' dir='ltr'>Haereticorum</span> <span class='ocrx_word' id='word_1_25' title='bbox 1719 577 1804 602; x_wconf 91' lang='lat' dir='ltr'>non</span> 
     </span>
     <span class='ocr_line' id='line_1_5' title="bbox 343 636 1804 698; baseline -0.005 -15"><span class='ocrx_word' id='word_1_26' title='bbox 343 648 564 698; x_wconf 81' lang='lat' dir='ltr'>agnoscat,</span> <span class='ocrx_word' id='word_1_27' title='bbox 598 641 676 696; x_wconf 90' lang='lat' dir='ltr'>qui</span> <span class='ocrx_word' id='word_1_28' title='bbox 696 639 775 680; x_wconf 90' lang='lat' dir='ltr'>hac</span> <span class='ocrx_word' id='word_1_29' title='bbox 797 640 963 679; x_wconf 89' lang='lat' dir='ltr'>ratione</span> <span class='ocrx_word' id='word_1_30' title='bbox 985 644 1156 679; x_wconf 85' lang='lat' dir='ltr'>tentant</span> <span class='ocrx_word' id='word_1_31' title='bbox 1178 637 1391 678; x_wconf 85' lang='lat' dir='ltr'>abducere</span> <span class='ocrx_word' id='word_1_32' title='bbox 1413 636 1644 691; x_wconf 85' lang='lat' dir='ltr'>populum,</span> <span class='ocrx_word' id='word_1_33' title='bbox 1677 636 1804 690; x_wconf 88' lang='lat' dir='ltr'>eique</span> 
     </span>
     <span class='ocr_line' id='line_1_6' title="bbox 341 710 1801 772; baseline -0.005 -16"><span class='ocrx_word' id='word_1_34' title='bbox 341 714 602 772; x_wconf 86' lang='lat' dir='ltr'>persuadere</span> <span class='ocrx_word' id='word_1_35' title='bbox 625 729 669 754; x_wconf 89' lang='lat' dir='ltr'>se</span> <span class='ocrx_word' id='word_1_36' title='bbox 690 713 896 754; x_wconf 86' lang='lat' dir='ltr'>hactenus</span> <span class='ocrx_word' id='word_1_37' title='bbox 917 713 1064 767; x_wconf 90' lang='lat' dir='ltr'>inique</span> <span class='ocrx_word' id='word_1_38' title='bbox 1084 711 1219 751; x_wconf 85' lang='lat' dir='ltr'>fuisse</span> <span class='ocrx_word' id='word_1_39' title='bbox 1250 711 1358 751; x_wconf 90' lang='lat' dir='ltr'>tanti</span> <span class='ocrx_word' id='word_1_40' title='bbox 1389 710 1657 750; x_wconf 86' lang='lat' dir='ltr'>Sacramenti</span> <span class='ocrx_word' id='word_1_41' title='bbox 1676 716 1801 765; x_wconf 88' lang='lat' dir='ltr'>parte</span> 
     </span>
     <span class='ocr_line' id='line_1_7' title="bbox 343 782 1804 841; baseline -0.005 -11"><span class='ocrx_word' id='word_1_42' title='bbox 343 788 598 830; x_wconf 85' lang='lat' dir='ltr'>fraudatos?</span> <span class='ocrx_word' id='word_1_43' title='bbox 631 786 844 827; x_wconf 88' lang='lat' dir='ltr'>maturius</span> <span class='ocrx_word' id='word_1_44' title='bbox 880 800 961 840; x_wconf 86' lang='lat' dir='ltr'>ego</span> <span class='ocrx_word' id='word_1_45' title='bbox 998 799 1100 825; x_wconf 87' lang='lat' dir='ltr'>sane</span> <span class='ocrx_word' id='word_1_46' title='bbox 1137 783 1372 841; x_wconf 75' lang='lat' dir='ltr'>agendum,</span> <span class='ocrx_word' id='word_1_47' title='bbox 1407 797 1455 824; x_wconf 89' lang='lat' dir='ltr'>ac</span> <span class='ocrx_word' id='word_1_48' title='bbox 1476 783 1599 838; x_wconf 89' lang='lat' dir='ltr'>prius</span> <span class='ocrx_word' id='word_1_49' title='bbox 1620 782 1804 823; x_wconf 89' lang='lat' dir='ltr'>aliorum</span> 
     </span>
     <span class='ocr_line' id='line_1_8' title="bbox 344 857 1412 916; baseline -0.006 -14"><span class='ocrx_word' id='word_1_50' title='bbox 344 861 598 916; x_wconf 80' lang='lat' dir='ltr'>Principum</span> <span class='ocrx_word' id='word_1_51' title='bbox 622 859 893 899; x_wconf 78' lang='lat' dir='ltr'>voluntatem</span> <span class='ocrx_word' id='word_1_52' title='bbox 912 857 1226 913; x_wconf 81' lang='lat' dir='ltr'>exquirendam</span> <span class='ocrx_word' id='word_1_53' title='bbox 1249 870 1412 897; x_wconf 88' lang='lat' dir='ltr'>censeo.</span> 
     </span>
    </p>

    <p class='ocr_par' dir='ltr' id='par_1_4' title="bbox 342 929 1810 1867">
     <span class='ocr_line' id='line_1_9' title="bbox 401 929 1805 988; baseline -0.005 -11"><span class='ocrx_word' id='word_1_54' title='bbox 401 935 764 978; x_wconf 88' lang='lat' dir='ltr'>Lericnsis—non</span> <span class='ocrx_word' id='word_1_55' title='bbox 787 949 901 974; x_wconf 88' lang='lat' dir='ltr'>nova</span> <span class='ocrx_word' id='word_1_56' title='bbox 922 940 988 974; x_wconf 84' lang='lat' dir='ltr'>est</span> <span class='ocrx_word' id='word_1_57' title='bbox 1009 947 1110 988; x_wconf 81' lang='lat' dir='ltr'>quae</span> <span class='ocrx_word' id='word_1_58' title='bbox 1133 933 1248 973; x_wconf 90' lang='lat' dir='ltr'>inter</span> <span class='ocrx_word' id='word_1_59' title='bbox 1268 946 1345 972; x_wconf 90' lang='lat' dir='ltr'>nos</span> <span class='ocrx_word' id='word_1_60' title='bbox 1366 946 1480 971; x_wconf 89' lang='lat' dir='ltr'>nunc</span> <span class='ocrx_word' id='word_1_61' title='bbox 1503 930 1667 971; x_wconf 83' lang='lat' dir='ltr'>versari</span> <span class='ocrx_word' id='word_1_62' title='bbox 1688 929 1805 971; x_wconf 88' lang='lat' dir='ltr'>vide-</span> 
     </span>
     <span class='ocr_line' id='line_1_10' title="bbox 345 1005 1806 1062; baseline -0.004 -12"><span class='ocrx_word' id='word_1_63' title='bbox 345 1017 418 1050; x_wconf 90' lang='lat' dir='ltr'>tur</span> <span class='ocrx_word' id='word_1_64' title='bbox 439 1009 712 1056; x_wconf 80' lang='lat' dir='ltr'>concertatio,</span> <span class='ocrx_word' id='word_1_65' title='bbox 731 1023 828 1049; x_wconf 91' lang='lat' dir='ltr'>cum</span> <span class='ocrx_word' id='word_1_66' title='bbox 843 1007 1080 1048; x_wconf 88' lang='lat' dir='ltr'>Caietanus</span> <span class='ocrx_word' id='word_1_67' title='bbox 1103 1013 1146 1047; x_wconf 92' lang='lat' dir='ltr'>et</span> <span class='ocrx_word' id='word_1_68' title='bbox 1169 1006 1397 1062; x_wconf 85' lang='lat' dir='ltr'>Groperus</span> <span class='ocrx_word' id='word_1_69' title='bbox 1415 1005 1605 1045; x_wconf 84' lang='lat' dir='ltr'>Calicem</span> <span class='ocrx_word' id='word_1_70' title='bbox 1627 1018 1806 1059; x_wconf 87' lang='lat' dir='ltr'>prorsus</span> 
     </span>
     <span class='ocr_line' id='line_1_11' title="bbox 342 1078 1804 1129; baseline -0.003 -6"><span class='ocrx_word' id='word_1_71' title='bbox 342 1082 698 1129; x_wconf 89' lang='lat' dir='ltr'>interdicendum,</span> <span class='ocrx_word' id='word_1_72' title='bbox 729 1080 968 1122; x_wconf 83' lang='lat' dir='ltr'>Concilium</span> <span class='ocrx_word' id='word_1_73' title='bbox 998 1087 1149 1121; x_wconf 88' lang='lat' dir='ltr'>autem</span> <span class='ocrx_word' id='word_1_74' title='bbox 1178 1080 1419 1120; x_wconf 89' lang='lat' dir='ltr'>Basiliense</span> <span class='ocrx_word' id='word_1_75' title='bbox 1451 1085 1494 1120; x_wconf 88' lang='lat' dir='ltr'>et</span> <span class='ocrx_word' id='word_1_76' title='bbox 1525 1078 1694 1120; x_wconf 85' lang='lat' dir='ltr'>Paulus</span> <span class='ocrx_word' id='word_1_77' title='bbox 1715 1078 1804 1119; x_wconf 91' lang='lat' dir='ltr'><strong>III.</strong></span> 
     </span>
     <span class='ocr_line' id='line_1_12' title="bbox 344 1153 1809 1211; baseline -0.004 -13"><span class='ocrx_word' id='word_1_78' title='bbox 344 1164 494 1199; x_wconf 87' lang='lat' dir='ltr'>contra</span> <span class='ocrx_word' id='word_1_79' title='bbox 532 1155 847 1211; x_wconf 84' lang='lat' dir='ltr'>responderint.</span> <span class='ocrx_word' id='word_1_80' title='bbox 911 1154 1023 1195; x_wconf 88' lang='lat' dir='ltr'>Cum</span> <span class='ocrx_word' id='word_1_81' title='bbox 1057 1154 1197 1209; x_wconf 86' lang='lat' dir='ltr'>igitur</span> <span class='ocrx_word' id='word_1_82' title='bbox 1237 1168 1319 1208; x_wconf 83' lang='lat' dir='ltr'>ego</span> <span class='ocrx_word' id='word_1_83' title='bbox 1360 1167 1451 1193; x_wconf 90' lang='lat' dir='ltr'>rem</span> <span class='ocrx_word' id='word_1_84' title='bbox 1484 1153 1623 1208; x_wconf 88' lang='lat' dir='ltr'>ipsam</span> <span class='ocrx_word' id='word_1_85' title='bbox 1654 1166 1734 1207; x_wconf 91' lang='lat' dir='ltr'>per</span> <span class='ocrx_word' id='word_1_86' title='bbox 1765 1166 1809 1192; x_wconf 93' lang='lat' dir='ltr'>se</span> 
     </span>
     <span class='ocr_line' id='line_1_13' title="bbox 344 1225 1808 1283; baseline -0.004 -12"><span class='ocrx_word' id='word_1_87' title='bbox 344 1229 467 1271; x_wconf 89' lang='lat' dir='ltr'>haud</span> <span class='ocrx_word' id='word_1_88' title='bbox 489 1244 589 1270; x_wconf 88' lang='lat' dir='ltr'>sane</span> <span class='ocrx_word' id='word_1_89' title='bbox 611 1229 822 1283; x_wconf 89' lang='lat' dir='ltr'>iniquam,</span> <span class='ocrx_word' id='word_1_90' title='bbox 858 1227 1050 1283; x_wconf 85' lang='lat' dir='ltr'>olimque</span> <span class='ocrx_word' id='word_1_91' title='bbox 1074 1227 1151 1267; x_wconf 90' lang='lat' dir='ltr'>diu</span> <span class='ocrx_word' id='word_1_92' title='bbox 1174 1227 1430 1282; x_wconf 86' lang='lat' dir='ltr'>permissam</span> <span class='ocrx_word' id='word_1_93' title='bbox 1463 1225 1697 1274; x_wconf 91' lang='lat' dir='ltr'>considero,</span> <span class='ocrx_word' id='word_1_94' title='bbox 1722 1240 1808 1265; x_wconf 91' lang='lat' dir='ltr'>non</span> 
     </span>
     <span class='ocr_line' id='line_1_14' title="bbox 347 1299 1810 1355; baseline -0.003 -11"><span class='ocrx_word' id='word_1_95' title='bbox 347 1302 473 1344; x_wconf 91' lang='lat' dir='ltr'>video</span> <span class='ocrx_word' id='word_1_96' title='bbox 495 1317 583 1349; x_wconf 89' lang='lat' dir='ltr'>cur,</span> <span class='ocrx_word' id='word_1_97' title='bbox 619 1300 925 1342; x_wconf 85' lang='lat' dir='ltr'>accedentibus</span> <span class='ocrx_word' id='word_1_98' title='bbox 957 1306 1021 1341; x_wconf 91' lang='lat' dir='ltr'>tot</span> <span class='ocrx_word' id='word_1_99' title='bbox 1056 1299 1391 1348; x_wconf 87' lang='lat' dir='ltr'>conditionibus,</span> <span class='ocrx_word' id='word_1_100' title='bbox 1416 1315 1500 1341; x_wconf 90' lang='lat' dir='ltr'>non</span> <span class='ocrx_word' id='word_1_101' title='bbox 1525 1315 1574 1341; x_wconf 89' lang='lat' dir='ltr'>eo</span> <span class='ocrx_word' id='word_1_102' title='bbox 1594 1299 1734 1355; x_wconf 86' lang='lat' dir='ltr'>magis</span> <span class='ocrx_word' id='word_1_103' title='bbox 1754 1299 1810 1340; x_wconf 90' lang='lat' dir='ltr'>sit</span> 
     </span>
     <span class='ocr_line' id='line_1_15' title="bbox 347 1371 1807 1429; baseline -0.003 -12"><span class='ocrx_word' id='word_1_104' title='bbox 347 1391 460 1417; x_wconf 91' lang='lat' dir='ltr'>nunc</span> <span class='ocrx_word' id='word_1_105' title='bbox 481 1374 765 1422; x_wconf 84' lang='lat' dir='ltr'>concedenda,</span> <span class='ocrx_word' id='word_1_106' title='bbox 783 1374 1038 1429; x_wconf 60' lang='lat' dir='ltr'>praesertim,</span> <span class='ocrx_word' id='word_1_107' title='bbox 1062 1372 1181 1428; x_wconf 88' lang='lat' dir='ltr'>quod</span> <span class='ocrx_word' id='word_1_108' title='bbox 1194 1372 1286 1419; x_wconf 90' lang='lat' dir='ltr'>hoc,</span> <span class='ocrx_word' id='word_1_109' title='bbox 1308 1378 1358 1412; x_wconf 90' lang='lat' dir='ltr'>ut</span> <span class='ocrx_word' id='word_1_110' title='bbox 1375 1373 1552 1412; x_wconf 88' lang='lat' dir='ltr'>unicum</span> <span class='ocrx_word' id='word_1_111' title='bbox 1569 1371 1807 1413; x_wconf 88' lang='lat' dir='ltr'>remedium</span> 
     </span>
     <span class='ocr_line' id='line_1_16' title="bbox 348 1444 1808 1499; baseline -0.003 -10"><span class='ocrx_word' id='word_1_112' title='bbox 348 1447 654 1490; x_wconf 72' lang='lat' dir='ltr'>conservandae</span> <span class='ocrx_word' id='word_1_113' title='bbox 687 1462 837 1488; x_wconf 91' lang='lat' dir='ltr'>eorum</span> <span class='ocrx_word' id='word_1_114' title='bbox 871 1445 1025 1486; x_wconf 86' lang='lat' dir='ltr'>salutis</span> <span class='ocrx_word' id='word_1_115' title='bbox 1062 1460 1115 1486; x_wconf 86' lang='lat' dir='ltr'>ex</span> <span class='ocrx_word' id='word_1_116' title='bbox 1149 1446 1287 1486; x_wconf 78' lang='lat' dir='ltr'>veteri</span> <span class='ocrx_word' id='word_1_117' title='bbox 1322 1444 1540 1485; x_wconf 86' lang='lat' dir='ltr'>rationum</span> <span class='ocrx_word' id='word_1_118' title='bbox 1573 1445 1622 1499; x_wconf 71' lang='lat'>[12]</span> <span class='ocrx_word' id='word_1_119' title='bbox 1658 1458 1808 1485; x_wconf 87' lang='lat' dir='ltr'>carum</span> 
     </span>
     <span class='ocr_line' id='line_1_17' title="bbox 348 1517 1810 1573; baseline -0.003 -12"><span class='ocrx_word' id='word_1_120' title='bbox 348 1520 514 1561; x_wconf 88' lang='lat' dir='ltr'>malitia</span> <span class='ocrx_word' id='word_1_121' title='bbox 544 1534 620 1560; x_wconf 88' lang='lat' dir='ltr'>seu</span> <span class='ocrx_word' id='word_1_122' title='bbox 651 1518 951 1559; x_wconf 86' lang='lat' dir='ltr'>imbecillitate</span> <span class='ocrx_word' id='word_1_123' title='bbox 978 1517 1263 1573; x_wconf 79' lang='lat' dir='ltr'>proponitur3</span> <span class='ocrx_word' id='word_1_124' title='bbox 1295 1517 1427 1572; x_wconf 89' lang='lat' dir='ltr'>idque</span> <span class='ocrx_word' id='word_1_125' title='bbox 1455 1523 1498 1557; x_wconf 88' lang='lat' dir='ltr'>et</span> <span class='ocrx_word' id='word_1_126' title='bbox 1529 1517 1745 1557; x_wconf 72' lang='lat' dir='ltr'>Caesarem</span> <span class='ocrx_word' id='word_1_127' title='bbox 1768 1521 1810 1556; x_wconf 88' lang='lat' dir='ltr'>et</span> 
     </span>
     <span class='ocr_line' id='line_1_18' title="bbox 347 1589 1808 1646; baseline -0.003 -12"><span class='ocrx_word' id='word_1_128' title='bbox 347 1594 520 1634; x_wconf 89' lang='lat' dir='ltr'>Ducem</span> <span class='ocrx_word' id='word_1_129' title='bbox 556 1592 773 1640; x_wconf 78' lang='lat' dir='ltr'>Bavariae,</span> <span class='ocrx_word' id='word_1_130' title='bbox 817 1598 862 1632; x_wconf 86' lang='lat' dir='ltr'>ct</span> <span class='ocrx_word' id='word_1_131' title='bbox 893 1598 959 1632; x_wconf 89' lang='lat' dir='ltr'>tot</span> <span class='ocrx_word' id='word_1_132' title='bbox 981 1591 1089 1631; x_wconf 90' lang='lat' dir='ltr'>alios</span> <span class='ocrx_word' id='word_1_133' title='bbox 1120 1590 1305 1646; x_wconf 88' lang='lat' dir='ltr'>optimos</span> <span class='ocrx_word' id='word_1_134' title='bbox 1336 1589 1808 1646; x_wconf 83' lang='lat' dir='ltr'>praestantissimosque</span> 
     </span>
     <span class='ocr_line' id='line_1_19' title="bbox 346 1661 1808 1718; baseline -0.003 -13"><span class='ocrx_word' id='word_1_135' title='bbox 346 1665 458 1705; x_wconf 78' lang='lat' dir='ltr'>viros</span> <span class='ocrx_word' id='word_1_136' title='bbox 492 1670 716 1705; x_wconf 85' lang='lat' dir='ltr'>attestare.</span> <span class='ocrx_word' id='word_1_137' title='bbox 780 1663 941 1712; x_wconf 84' lang='lat' dir='ltr'>Quare,</span> <span class='ocrx_word' id='word_1_138' title='bbox 978 1662 1096 1718; x_wconf 90' lang='lat' dir='ltr'>quod</span> <span class='ocrx_word' id='word_1_139' title='bbox 1131 1662 1298 1703; x_wconf 86' lang='lat' dir='ltr'>Paulus</span> <span class='ocrx_word' id='word_1_140' title='bbox 1338 1661 1583 1716; x_wconf 89' lang='lat' dir='ltr'>Apostolus</span> <span class='ocrx_word' id='word_1_141' title='bbox 1624 1661 1808 1716; x_wconf 87' lang='lat' dir='ltr'>scripsit,</span> 
     </span>
     <span class='ocr_line' id='line_1_20' title="bbox 344 1736 1809 1792; baseline -0.002 -14"><span class='ocrx_word' id='word_1_142' title='bbox 344 1738 565 1778; x_wconf 88' lang='lat' dir='ltr'>infirmum</span> <span class='ocrx_word' id='word_1_143' title='bbox 590 1738 632 1777; x_wconf 91' lang='lat' dir='ltr'>in</span> <span class='ocrx_word' id='word_1_144' title='bbox 652 1736 737 1777; x_wconf 88' lang='lat' dir='ltr'>fide</span> <span class='ocrx_word' id='word_1_145' title='bbox 761 1736 969 1792; x_wconf 87' lang='lat' dir='ltr'>suscipite</span> <span class='ocrx_word' id='word_1_146' title='bbox 987 1753 997 1786; x_wconf 83' lang='lat'>3</span> <span class='ocrx_word' id='word_1_147' title='bbox 1030 1742 1223 1776; x_wconf 90' lang='lat' dir='ltr'>nostrum</span> <span class='ocrx_word' id='word_1_148' title='bbox 1246 1750 1352 1784; x_wconf 89' lang='lat' dir='ltr'>esse,</span> <span class='ocrx_word' id='word_1_149' title='bbox 1374 1736 1639 1792; x_wconf 83' lang='lat' dir='ltr'>languentes</span> <span class='ocrx_word' id='word_1_150' title='bbox 1660 1750 1809 1776; x_wconf 89' lang='lat' dir='ltr'>eorum</span> 
     </span>
     <span class='ocr_line' id='line_1_21' title="bbox 349 1809 1664 1867; baseline -0.002 -16"><span class='ocrx_word' id='word_1_151' title='bbox 349 1812 515 1852; x_wconf 89' lang='lat' dir='ltr'>animos</span> <span class='ocrx_word' id='word_1_152' title='bbox 531 1817 684 1867; x_wconf 92' lang='lat' dir='ltr'>optato</span> <span class='ocrx_word' id='word_1_153' title='bbox 705 1810 783 1851; x_wconf 93' lang='lat' dir='ltr'>hoc</span> <span class='ocrx_word' id='word_1_154' title='bbox 806 1810 861 1851; x_wconf 89' lang='lat' dir='ltr'>ab</span> <span class='ocrx_word' id='word_1_155' title='bbox 884 1810 945 1851; x_wconf 88' lang='lat' dir='ltr'>eis</span> <span class='ocrx_word' id='word_1_156' title='bbox 965 1809 1159 1851; x_wconf 88' lang='lat' dir='ltr'>remedio</span> <span class='ocrx_word' id='word_1_157' title='bbox 1182 1824 1332 1850; x_wconf 88' lang='lat' dir='ltr'>curare</span> <span class='ocrx_word' id='word_1_158' title='bbox 1355 1809 1664 1850; x_wconf 84' lang='lat' dir='ltr'>existimarem.</span> 
     </span>
    </p>

    <p class='ocr_par' dir='ltr' id='par_1_5' title="bbox 344 1882 1816 2584">
     <span class='ocr_line' id='line_1_22' title="bbox 402 1882 1814 1938; baseline -0.003 -12"><span class='ocrx_word' id='word_1_159' title='bbox 402 1885 789 1926; x_wconf 84' lang='lat' dir='ltr'>Vivariensis-—ne</span> <span class='ocrx_word' id='word_1_160' title='bbox 813 1898 928 1924; x_wconf 77' lang='lat' dir='ltr'>vana</span> <span class='ocrx_word' id='word_1_161' title='bbox 959 1898 1050 1938; x_wconf 89' lang='lat' dir='ltr'>spe,</span> <span class='ocrx_word' id='word_1_162' title='bbox 1089 1898 1253 1938; x_wconf 81' lang='lat' dir='ltr'>quaeso,</span> <span class='ocrx_word' id='word_1_163' title='bbox 1295 1884 1463 1932; x_wconf 82' lang='lat' dir='ltr'>Patres,</span> <span class='ocrx_word' id='word_1_164' title='bbox 1506 1882 1653 1923; x_wconf 88' lang='lat' dir='ltr'>fideles</span> <span class='ocrx_word' id='word_1_165' title='bbox 1687 1882 1814 1922; x_wconf 90' lang='lat' dir='ltr'>nobis</span> 
     </span>
     <span class='ocr_line' id='line_1_23' title="bbox 348 1955 1815 1999; baseline -0.002 -1"><span class='ocrx_word' id='word_1_166' title='bbox 348 1957 532 1999; x_wconf 87' lang='lat' dir='ltr'>creditos</span> <span class='ocrx_word' id='word_1_167' title='bbox 567 1957 735 1998; x_wconf 90' lang='lat' dir='ltr'>diutius</span> <span class='ocrx_word' id='word_1_168' title='bbox 777 1956 1030 1998; x_wconf 89' lang='lat' dir='ltr'>eludamus:</span> <span class='ocrx_word' id='word_1_169' title='bbox 1063 1971 1163 1996; x_wconf 92' lang='lat' dir='ltr'>nam</span> <span class='ocrx_word' id='word_1_170' title='bbox 1203 1956 1237 1996; x_wconf 92' lang='lat' dir='ltr'>si</span> <span class='ocrx_word' id='word_1_171' title='bbox 1279 1956 1381 1996; x_wconf 92' lang='lat' dir='ltr'>olim</span> <span class='ocrx_word' id='word_1_172' title='bbox 1420 1957 1463 1996; x_wconf 90' lang='lat' dir='ltr'>in</span> <span class='ocrx_word' id='word_1_173' title='bbox 1499 1955 1815 1997; x_wconf 83' lang='lat' dir='ltr'>Constantiensi</span> 
     </span>
     <span class='ocr_line' id='line_1_24' title="bbox 349 2027 1815 2085; baseline -0.003 -13"><span class='ocrx_word' id='word_1_174' title='bbox 349 2031 541 2072; x_wconf 90' lang='lat' dir='ltr'>Concilio</span> <span class='ocrx_word' id='word_1_175' title='bbox 574 2031 802 2072; x_wconf 88' lang='lat' dir='ltr'>definitum</span> <span class='ocrx_word' id='word_1_176' title='bbox 826 2030 922 2077; x_wconf 91' lang='lat' dir='ltr'>fuit,</span> <span class='ocrx_word' id='word_1_177' title='bbox 950 2029 1083 2070; x_wconf 90' lang='lat' dir='ltr'>licere</span> <span class='ocrx_word' id='word_1_178' title='bbox 1103 2029 1215 2069; x_wconf 54' lang='grc' dir='ltr'>ΕοεῖέΒ</span> <span class='ocrx_word' id='word_1_179' title='bbox 1237 2029 1373 2069; x_wconf 88' lang='lat' dir='ltr'>ritum</span> <span class='ocrx_word' id='word_1_180' title='bbox 1393 2028 1506 2069; x_wconf 89' lang='lat' dir='ltr'>hunc</span> <span class='ocrx_word' id='word_1_181' title='bbox 1528 2027 1815 2085; x_wconf 87' lang='lat' dir='ltr'>permittendi</span> 
     </span>
     <span class='ocr_line' id='line_1_25' title="bbox 346 2101 1812 2160; baseline -0.002 -15"><span class='ocrx_word' id='word_1_182' title='bbox 346 2104 662 2160; x_wconf 88' lang='lat' dir='ltr'>prohibendive</span> <span class='ocrx_word' id='word_1_183' title='bbox 695 2104 835 2145; x_wconf 89' lang='lat' dir='ltr'>calicis</span> <span class='ocrx_word' id='word_1_184' title='bbox 857 2118 910 2144; x_wconf 87' lang='lat' dir='ltr'>ex</span> <span class='ocrx_word' id='word_1_185' title='bbox 933 2117 1062 2143; x_wconf 89' lang='lat' dir='ltr'>causa</span> <span class='ocrx_word' id='word_1_186' title='bbox 1085 2102 1268 2151; x_wconf 81' lang='lat' dir='ltr'>variare,</span> <span class='ocrx_word' id='word_1_187' title='bbox 1293 2101 1509 2158; x_wconf 88' lang='lat' dir='ltr'>quodnam</span> <span class='ocrx_word' id='word_1_188' title='bbox 1533 2102 1680 2157; x_wconf 89' lang='lat' dir='ltr'>aptius</span> <span class='ocrx_word' id='word_1_189' title='bbox 1701 2108 1789 2142; x_wconf 88' lang='lat' dir='ltr'>tem</span> <span class='ocrx_word' id='word_1_190' title='bbox 1803 2124 1812 2130; x_wconf 96' lang='lat'><em>-</em></span> 
     </span>
     <span class='ocr_line' id='line_1_26' title="bbox 346 2173 1814 2233; baseline -0.003 -16"><span class='ocrx_word' id='word_1_191' title='bbox 346 2192 431 2233; x_wconf 89' lang='lat' dir='ltr'>pus</span> <span class='ocrx_word' id='word_1_192' title='bbox 464 2178 586 2218; x_wconf 91' lang='lat' dir='ltr'>illius</span> <span class='ocrx_word' id='word_1_193' title='bbox 618 2176 879 2218; x_wconf 88' lang='lat' dir='ltr'>concedendi</span> <span class='ocrx_word' id='word_1_194' title='bbox 910 2176 990 2216; x_wconf 90' lang='lat' dir='ltr'>hoc</span> <span class='ocrx_word' id='word_1_195' title='bbox 1025 2176 1119 2231; x_wconf 88' lang='lat' dir='ltr'>ipso</span> <span class='ocrx_word' id='word_1_196' title='bbox 1151 2176 1412 2231; x_wconf 87' lang='lat' dir='ltr'>reperietur,</span> <span class='ocrx_word' id='word_1_197' title='bbox 1452 2174 1569 2230; x_wconf 91' lang='lat' dir='ltr'>quod</span> <span class='ocrx_word' id='word_1_198' title='bbox 1601 2173 1814 2215; x_wconf 88' lang='lat' dir='ltr'>Catholici</span> 
     </span>
     <span class='ocr_line' id='line_1_27' title="bbox 348 2247 1811 2305; baseline -0.003 -15"><span class='ocrx_word' id='word_1_199' title='bbox 348 2250 631 2305; x_wconf 86' lang='lat' dir='ltr'>Imperatoris</span> <span class='ocrx_word' id='word_1_200' title='bbox 659 2256 791 2305; x_wconf 91' lang='lat' dir='ltr'>atque</span> <span class='ocrx_word' id='word_1_201' title='bbox 815 2249 1194 2290; x_wconf 88' lang='lat' dir='ltr'>Christianissimae</span> <span class='ocrx_word' id='word_1_202' title='bbox 1222 2248 1324 2289; x_wconf 90' lang='lat' dir='ltr'>fidei</span> <span class='ocrx_word' id='word_1_203' title='bbox 1353 2247 1694 2304; x_wconf 85' lang='lat' dir='ltr'>propugnatoris</span> <span class='ocrx_word' id='word_1_204' title='bbox 1716 2261 1811 2287; x_wconf 93' lang='lat' dir='ltr'>con-</span> 
     </span>
     <span class='ocr_line' id='line_1_28' title="bbox 344 2320 1816 2378; baseline -0.002 -15"><span class='ocrx_word' id='word_1_205' title='bbox 344 2323 454 2371; x_wconf 89' lang='lat' dir='ltr'>silio,</span> <span class='ocrx_word' id='word_1_206' title='bbox 483 2323 582 2372; x_wconf 87' lang='lat' dir='ltr'>fide,</span> <span class='ocrx_word' id='word_1_207' title='bbox 606 2323 961 2378; x_wconf 89' lang='lat' dir='ltr'>authoritateque</span> <span class='ocrx_word' id='word_1_208' title='bbox 985 2322 1340 2363; x_wconf 85' lang='lat' dir='ltr'>commendatur?</span> <span class='ocrx_word' id='word_1_209' title='bbox 1393 2322 1469 2362; x_wconf 89' lang='lat' dir='ltr'>Me</span> <span class='ocrx_word' id='word_1_210' title='bbox 1485 2336 1585 2361; x_wconf 91' lang='lat' dir='ltr'>sanc</span> <span class='ocrx_word' id='word_1_211' title='bbox 1602 2320 1816 2361; x_wconf 88' lang='lat' dir='ltr'>contraria</span> 
     </span>
     <span class='ocr_line' id='line_1_29' title="bbox 347 2393 1813 2451; baseline -0.001 -15"><span class='ocrx_word' id='word_1_212' title='bbox 347 2403 607 2451; x_wconf 82' lang='lat' dir='ltr'>argumenta</span> <span class='ocrx_word' id='word_1_213' title='bbox 642 2395 753 2436; x_wconf 89' lang='lat' dir='ltr'>nihil</span> <span class='ocrx_word' id='word_1_214' title='bbox 788 2402 977 2443; x_wconf 80' lang='lat' dir='ltr'>movent,</span> <span class='ocrx_word' id='word_1_215' title='bbox 1011 2411 1110 2451; x_wconf 86' lang='lat' dir='ltr'>quae</span> <span class='ocrx_word' id='word_1_216' title='bbox 1143 2395 1222 2436; x_wconf 90' lang='lat' dir='ltr'>hac</span> <span class='ocrx_word' id='word_1_217' title='bbox 1256 2409 1342 2436; x_wconf 88' lang='lat' dir='ltr'>una</span> <span class='ocrx_word' id='word_1_218' title='bbox 1373 2395 1539 2435; x_wconf 89' lang='lat' dir='ltr'>ratione</span> <span class='ocrx_word' id='word_1_219' title='bbox 1575 2393 1813 2444; x_wconf 83' lang='lat' dir='ltr'>concidunt,</span> 
     </span>
     <span class='ocr_line' id='line_1_30' title="bbox 349 2468 1812 2526; baseline -0.002 -15"><span class='ocrx_word' id='word_1_220' title='bbox 349 2470 465 2526; x_wconf 89' lang='lat' dir='ltr'>quod</span> <span class='ocrx_word' id='word_1_221' title='bbox 502 2470 537 2510; x_wconf 92' lang='lat' dir='ltr'>si</span> <span class='ocrx_word' id='word_1_222' title='bbox 576 2469 675 2510; x_wconf 90' lang='lat' dir='ltr'>inde</span> <span class='ocrx_word' id='word_1_223' title='bbox 709 2473 878 2525; x_wconf 83' lang='lat' dir='ltr'>justum</span> <span class='ocrx_word' id='word_1_224' title='bbox 922 2469 1110 2510; x_wconf 88' lang='lat' dir='ltr'>oriretur</span> <span class='ocrx_word' id='word_1_225' title='bbox 1148 2468 1528 2524; x_wconf 84' lang='lat' dir='ltr'>impedimentum,</span> <span class='ocrx_word' id='word_1_226' title='bbox 1570 2483 1655 2509; x_wconf 90' lang='lat' dir='ltr'>non</span> <span class='ocrx_word' id='word_1_227' title='bbox 1694 2474 1812 2508; x_wconf 87' lang='lat' dir='ltr'>recte</span> 
     </span>
     <span class='ocr_line' id='line_1_31' title="bbox 349 2542 1259 2584; baseline 0 -1"><span class='ocrx_word' id='word_1_228' title='bbox 349 2544 454 2583; x_wconf 85' lang='lat' dir='ltr'>Ecca</span> <span class='ocrx_word' id='word_1_229' title='bbox 474 2542 583 2583; x_wconf 91' lang='lat' dir='ltr'>hanc</span> <span class='ocrx_word' id='word_1_230' title='bbox 604 2543 688 2583; x_wconf 88' lang='lat' dir='ltr'>sibi</span> <span class='ocrx_word' id='word_1_231' title='bbox 710 2542 963 2584; x_wconf 88' lang='lat' dir='ltr'>facultatem</span> <span class='ocrx_word' id='word_1_232' title='bbox 985 2548 1259 2583; x_wconf 85' lang='lat' dir='ltr'>reservasset.</span> 
     </span>
    </p>

    <p class='ocr_par' dir='ltr' id='par_1_6' title="bbox 348 2611 1815 2875">
     <span class='ocr_line' id='line_1_32' title="bbox 407 2611 1815 2671; baseline -0.003 -16"><span class='ocrx_word' id='word_1_233' title='bbox 407 2615 875 2671; x_wconf 83' lang='lat' dir='ltr'>Senogalliensis—me</span> <span class='ocrx_word' id='word_1_234' title='bbox 911 2630 1087 2670; x_wconf 93' lang='lat' dir='ltr'>quoquc</span> <span class='ocrx_word' id='word_1_235' title='bbox 1119 2629 1205 2655; x_wconf 90' lang='lat' dir='ltr'>non</span> <span class='ocrx_word' id='word_1_236' title='bbox 1237 2619 1381 2668; x_wconf 82' lang='lat' dir='ltr'>potest</span> <span class='ocrx_word' id='word_1_237' title='bbox 1404 2613 1535 2654; x_wconf 89' lang='lat' dir='ltr'>Pauli</span> <span class='ocrx_word' id='word_1_238' title='bbox 1553 2612 1650 2659; x_wconf 67' lang='lat' dir='ltr'>III„</span> <span class='ocrx_word' id='word_1_239' title='bbox 1669 2611 1815 2652; x_wconf 86' lang='lat' dir='ltr'>Caroli</span> 
     </span>
     <span class='ocr_line' id='line_1_33' title="bbox 348 2685 1813 2736; baseline -0.003 -7"><span class='ocrx_word' id='word_1_240' title='bbox 348 2688 416 2736; x_wconf 67' lang='lat' dir='ltr'>V„</span> <span class='ocrx_word' id='word_1_241' title='bbox 452 2687 717 2729; x_wconf 87' lang='lat' dir='ltr'>Ferdinandi</span> <span class='ocrx_word' id='word_1_242' title='bbox 740 2688 938 2735; x_wconf 81' lang='lat' dir='ltr'>Caesaris,</span> <span class='ocrx_word' id='word_1_243' title='bbox 975 2694 1018 2728; x_wconf 87' lang='lat' dir='ltr'>et</span> <span class='ocrx_word' id='word_1_244' title='bbox 1045 2693 1109 2727; x_wconf 88' lang='lat' dir='ltr'>tot</span> <span class='ocrx_word' id='word_1_245' title='bbox 1136 2686 1317 2727; x_wconf 86' lang='lat' dir='ltr'>aliorum</span> <span class='ocrx_word' id='word_1_246' title='bbox 1341 2686 1676 2727; x_wconf 87' lang='lat' dir='ltr'>clarissimorum</span> <span class='ocrx_word' id='word_1_247' title='bbox 1701 2685 1813 2725; x_wconf 83' lang='lat' dir='ltr'>viro-</span> 
     </span>
     <span class='ocr_line' id='line_1_34' title="bbox 348 2759 1811 2817; baseline -0.001 -17"><span class='ocrx_word' id='word_1_248' title='bbox 348 2776 458 2808; x_wconf 85' lang='lat' dir='ltr'>rum,</span> <span class='ocrx_word' id='word_1_249' title='bbox 483 2762 557 2817; x_wconf 91' lang='lat' dir='ltr'>qui</span> <span class='ocrx_word' id='word_1_250' title='bbox 574 2761 653 2802; x_wconf 92' lang='lat' dir='ltr'>hoc</span> <span class='ocrx_word' id='word_1_251' title='bbox 673 2767 724 2802; x_wconf 91' lang='lat' dir='ltr'>ut</span> <span class='ocrx_word' id='word_1_252' title='bbox 745 2760 1081 2801; x_wconf 88' lang='lat' dir='ltr'>saluberrimum</span> <span class='ocrx_word' id='word_1_253' title='bbox 1104 2759 1343 2801; x_wconf 89' lang='lat' dir='ltr'>remedium</span> <span class='ocrx_word' id='word_1_254' title='bbox 1374 2764 1710 2814; x_wconf 87' lang='lat' dir='ltr'>proposuerunt,</span> <span class='ocrx_word' id='word_1_255' title='bbox 1736 2772 1811 2798; x_wconf 91' lang='lat' dir='ltr'>au-</span> 
     </span>
     <span class='ocr_line' id='line_1_35' title="bbox 352 2831 1057 2875; baseline 0.003 -4"><span class='ocrx_word' id='word_1_256' title='bbox 352 2831 533 2874; x_wconf 88' lang='lat' dir='ltr'>thoritas</span> <span class='ocrx_word' id='word_1_257' title='bbox 553 2849 637 2875; x_wconf 92' lang='lat' dir='ltr'>non</span> <span class='ocrx_word' id='word_1_258' title='bbox 659 2834 846 2875; x_wconf 87' lang='lat' dir='ltr'>maxime</span> <span class='ocrx_word' id='word_1_259' title='bbox 868 2847 1057 2874; x_wconf 88' lang='lat' dir='ltr'>movere.</span> 
     </span>
    </p>
   </div>
   <div class='ocr_carea' id='block_1_3' title="bbox 1891 0 1899 176">
    <p class='ocr_par' dir='ltr' id='par_1_7' title="bbox 1891 0 1899 176">
     <span class='ocr_line' id='line_1_36' title="bbox 1891 0 1899 128; baseline 0 0"><span class='ocrx_word' id='word_1_260' title='bbox 1891 0 1899 128; x_wconf 76' lang='grc' dir='ltr'>Ξ</span> 
     </span>
     <span class='ocr_line' id='line_1_37' title="bbox 1892 146 1896 176; baseline 0 0"><span class='ocrx_word' id='word_1_261' title='bbox 1892 146 1896 176; x_wconf 68' lang='lat'>5</span> 
     </span>
    </p>
   </div>
   <div class='ocr_carea' id='block_1_4' title="bbox 1877 1043 1905 3254">
    <p class='ocr_par' dir='ltr' id='par_1_8' title="bbox 1877 1043 1905 3254">
     <span class='ocr_line' id='line_1_38' title="bbox 1877 1043 1905 3254; baseline 0 0"><span class='ocrx_word' id='word_1_262' title='bbox 1877 1043 1905 3254; x_wconf 95' lang='lat' dir='ltr'> </span> 
     </span>
    </p>
   </div>
  </div>
 </body>
</html>
