1905 3254
403 305 486 344 302
1021 318 1130 349 snss.
1156 319 1233 349 vn.

402 427 517 467 inter
551 440 596 467 se
636 439 863 482 nunquam
905 426 1163 481 potuissent,
1207 440 1261 467 an
1302 432 1497 482 potestas
1532 426 1856 483 jurisdictionis,

402 512 537 553 quam
561 504 763 539 exercent
783 498 1006 554 Episcopi,
1029 513 1054 538 a
1075 497 1173 538 Deo
1195 498 1264 539 vel
1294 513 1318 539 a
1345 499 1472 554 Papa
1501 499 1856 554 proficisceretur,

402 570 522 626 quod
541 570 723 611 maximi
742 569 949 610 momenti
970 570 1244 618 censebatur,
1268 571 1324 611 ob
1346 570 1499 612 eadem
1520 571 1609 612 fere
1632 586 1731 627 quae
1753 572 1858 613 alias

400 644 445 685 in
467 645 708 699 quaestione
730 643 783 685 de
805 643 1061 685 Residentia
1087 644 1275 685 excitata
1305 644 1498 691 fuerunt,
1532 650 1577 685 et
1605 644 1690 685 alia
1718 644 1859 685 multa

402 731 502 772 quae
524 716 621 758 hinc
644 724 959 773 sequerentur3
992 731 1076 757 non
1092 715 1330 757 defuerunt
1347 731 1426 772 pro
1446 716 1722 772 ingeniorum
1745 717 1857 758 vari-

400 796 531 839 etate,
546 791 624 846 qui
645 790 840 831 diversas
862 790 1069 830 formulas
1090 789 1266 844 septimi
1284 789 1486 838 Canonis,
1509 790 1552 830 in
1575 806 1662 846 quo
1678 790 1722 831 id
1744 805 1856 846 prae-

400 863 529 918 cipue
551 863 782 919 agebatur,
806 869 1124 917 componerent,
1148 862 1331 903 Patrum
1357 861 1524 917 judicia
1547 869 1779 911 tentantes,
1803 877 1857 904 an

400 950 455 976 ex
474 936 543 977 his
564 936 761 992 aliquam
782 941 925 977 essent
948 934 1250 988 approbaturi,
1275 948 1375 988 quae
1397 942 1522 976 erant
1541 934 1806 991 hujusmodi.

912 1053 1069 1100 Variae
1095 1053 1347 1101 Formulae.

459 1151 545 1192 Sed
575 1166 673 1192 cum
712 1151 837 1193 nulla
870 1151 1003 1207 plane
1036 1151 1228 1191 omnium
1262 1151 1424 1191 animos
1451 1150 1667 1199 sedarent,
1703 1151 1857 1192 acriter

399 1224 563 1279 partim
585 1224 801 1279 Hispanis
823 1239 904 1280 pro
925 1225 1248 1279 Episcoporum
1270 1224 1299 1264 J
1304 1222 1583 1264 urisdictione
1605 1223 1856 1263 incumben-

400 1296 529 1345 tibus,
562 1297 740 1338 tandem
772 1297 933 1352 jubent
955 1297 1117 1353 Legati
1148 1297 1303 1338 Patres
1325 1297 1594 1344 constitutos,
1624 1303 1668 1337 et
1691 1295 1856 1351 Hispa-

399 1384 477 1411 nos
512 1370 692 1426 aliquot,
736 1370 818 1411 viz.
856 1370 1184 1417 Granatensem,
1222 1370 1546 1425 Segobiensem,
1580 1370 1855 1415 Auriensem,

400 1443 730 1490 Almeriensem,
766 1442 1104 1490 Guadicensem,
1139 1449 1183 1483 et
1218 1442 1462 1483 Lucensem
1485 1458 1627 1484 coram
1650 1458 1695 1483 se
1718 1458 1855 1483 accer-

397 1516 487 1563 siri,
510 1521 560 1556 ut
581 1515 748 1556 collatis
770 1515 1055 1562 sermonibus,
1079 1515 1113 1555 si
1134 1515 1228 1555 fieri
1256 1522 1403 1570 potest
1435 1531 1488 1556 ex
1518 1516 1763 1571 composito
1788 1530 1856 1556 res

399 1589 688 1644 transigatur,
723 1603 801 1628 nec
833 1587 878 1627 in
905 1586 1241 1642 disputationem
1270 1588 1446 1643 publice
1469 1587 1658 1642 amplius
1680 1588 1855 1628 venien-

399 1661 502 1702 dum
524 1661 589 1702 sit.
632 1660 794 1715 Incipit
812 1660 1109 1707 Granatensis,
1126 1675 1169 1700 se
1191 1660 1361 1701 nomine
1385 1660 1653 1716 collegarum
1676 1675 1853 1701 suorum

398 1750 449 1776 ea
487 1735 808 1790 expositurum,
844 1748 942 1789 quae
983 1739 1142 1774 sanctae
1178 1733 1385 1774 Ecclesiae
1421 1740 1552 1790 putat
1588 1735 1853 1775 necessaria:

397 1823 608 1849 memores
642 1822 734 1848 esse
767 1807 882 1848 IH¹¹¹⁰s
914 1806 1119 1862 LegatOS,
1154 1822 1252 1847 cum
1283 1807 1476 1862 primum
1508 1812 1704 1861 coeptum
1728 1813 1792 1847 est
1812 1807 1855 1847 in

399 1881 755 1938 Congregatione
779 1881 853 1936 agi
880 1879 933 1921 de
968 1880 1248 1920 sacramento
1283 1879 1471 1927 Ordinis,
1504 1879 1658 1921 Patres
1694 1880 1856 1920 multos

395 1960 652 2009 conquestos
672 1968 763 1994 esse
785 1967 839 1994 ex
863 1952 1019 1993 ultimo
1043 1952 1223 1993 Canone
1242 1952 1472 2007 demptum
1494 1951 1539 1992 id
1560 1952 1703 2000 fuisse,
1738 1952 1856 2008 quod

396 2027 506 2067 alias
541 2027 623 2068 sub
656 2027 782 2068 Julio
818 2026 910 2067 III.
945 2025 1263 2073 continebatur,
1286 2040 1460 2080 nempe,
1487 2026 1732 2080 Episcopos
1755 2030 1855 2081 jure

396 2100 543 2141 divino
574 2101 799 2142 institutos
831 2106 875 2141 et
907 2099 1181 2155 Presbyteris
1212 2098 1471 2154 superiores.
1534 2097 1688 2153 Hujus
1709 2104 1849 2138 muta-

396 2173 524 2215 tionis
559 2188 733 2215 causam
768 2173 851 2215 sibi
884 2187 1110 2228 nunquam
1133 2171 1373 2213 constitisse
1390 2188 1401 2222 3
1434 2178 1671 2227 propterea
1706 2187 1778 2213 eos
1809 2172 1854 2212 in

395 2246 548 2287 eadem
569 2247 784 2288 sententia
808 2246 1054 2300 persistere,
1089 2249 1139 2285 ut.
1174 2245 1309 2285 verba
1339 2244 1414 2284 illa
1445 2244 1490 2283 in
1522 2243 1695 2285 Canone
1727 2259 1853 2299 repo--

395 2327 568 2370 nantur,
593 2319 712 2376 quod
731 2319 1080 2360 honestissimum
1099 2333 1191 2359 esse
1214 2325 1388 2359 censent
1405 2335 1415 2367 3
1440 2317 1634 2372 alioquin
1656 2318 1853 2373 cogitare

395 2409 440 2435 se
461 2394 583 2434 nulla
604 2394 768 2434 ratione
793 2391 980 2432 Sessioni
1001 2390 1276 2431 celebrandae
1300 2390 1521 2436 adsistere,
1554 2405 1631 2431 nec
1663 2395 1758 2446 ejus
1782 2390 1852 2431 de-

392 2474 512 2508 creta
534 2467 590 2507 ab
611 2466 689 2506 hoc
710 2465 883 2505 diversa
903 2464 1160 2520 approbare.

455 2539 703 2580 Cardinalis
742 2538 1016 2579 Mantuanus
1062 2534 1300 2591 respondit,
1343 2535 1540 2592 Legatos
1580 2536 1851 2578 existimasse

395 2612 494 2653 illos
526 2627 575 2653 eo
610 2610 849 2657 accessisse,
879 2615 930 2650 ut
965 2609 1178 2649 benevole
1212 2608 1327 2648 inter
1361 2623 1404 2648 se
1437 2607 1491 2648 de
1522 2615 1639 2649 certa
1667 2609 1853 2650 formula

397 2690 616 2740 ageretur,
640 2697 742 2738 quae
772 2696 920 2722 omnes
951 2680 1128 2721 tolleret
1160 2679 1509 2735 disceptationes.
1570 2679 1701 2720 Nunc
1733 2686 1850 2735 post-

397 2770 527 2810 quam
550 2755 670 2796 videt
689 2769 761 2796 eos
782 2755 827 2795 in
848 2753 928 2794 hac
952 2752 1172 2794 sententia
1191 2753 1298 2794 fixos
1320 2766 1424 2798 esse,
1457 2766 1500 2793 se
1534 2766 1709 2807 quoque
1744 2751 1849 2793 deli·
1904 2742 1905 2776 ἶ

398 2828 635 2875 beratnros,
660 2827 777 2883 quod
800 2826 1016 2882 expediat.

1897 3089 1905 3254 ——v-n—
1899 3040 1905 3077 ...⁴
1901 3018 1905 3028 -
1901 2925 1905 2994 ——„
1903 2872 1905 2878 ..
