1905 3254
692 283 803 313 ssss.
828 282 921 315 vm.
1448 272 1532 312 619

80 401 206 443 posse
246 385 490 428 Ecclesiam
532 393 575 428 et
616 388 820 443 expedire
856 389 1109 446 hujusmodi
1143 392 1418 432 matrimonia
1452 393 1528 447 [et]

79 460 261 500 irritare.
326 458 517 515 Ipseque
533 460 627 500 Smus
642 461 862 516 professus
876 470 956 510 est,
972 477 1016 503 se
1031 478 1114 503 non
1131 470 1339 519 tanquam
1353 463 1534 518 Papam,

80 532 155 574 sed
189 540 239 573 ut
272 532 490 574 hominem
523 532 638 574 idem
673 535 849 575 sentire.
914 535 1177 577 Afferebant
1209 543 1253 577 et
1285 537 1352 577 11ae
1381 537 1534 584 literae,

78 605 211 647 fuisse
228 607 271 646 in
289 605 554 647 Consistorio
576 613 841 662 promotum,
861 623 938 648 seu
961 608 1235 655 translatum,
1255 609 1534 650 Cardinalem

79 677 118 719 F
120 679 403 720 errariensem
435 678 490 720 ad
525 679 850 735 Episcopatum
878 680 1225 725 Narbonensem,
1250 688 1293 721 et
1325 681 1534 722 cardina-

78 750 164 792 lem
196 751 426 792 Estensem
456 751 510 793 ad
543 752 860 808 Episcopatum
895 754 1159 808 Aquensem,
1194 761 1236 795 et
1265 754 1533 810 Episcopum

79 823 402 866 comaclensem
425 825 480 866 ad
510 826 821 882 Episcopatum
857 825 1194 873 Ferrariensem,
1218 842 1313 867 cum
1345 827 1534 883 assigna-

77 897 192 938 tione
218 898 340 945 1000,
363 904 406 938 et
428 898 611 953 reliquis
633 897 852 939 fructibus
874 899 1102 940 reservatis
1132 899 1357 940 Cardinali
1381 900 1534 941 Ferra-

76 969 219 1009 riensi.
285 969 486 1025 Haecque
527 969 670 1010 omnia
709 970 823 1011 facta
863 971 1008 1019 fuisse,
1050 979 1321 1027 proponente
1361 972 1451 1013 haec
1490 973 1533 1012 in

80 1039 345 1082 Consistorio
370 1041 598 1082 Cardinali
618 1042 905 1098 Lotharingio
919 1060 928 1093 3
962 1059 1049 1099 qua
1065 1058 1118 1085 ex
1142 1060 1182 1085 re
1206 1060 1365 1099 magna
1387 1060 1533 1085 omncs

76 1113 145 1154 hic
169 1113 400 1155 admiratio
423 1121 465 1155 et
497 1114 675 1155 tristitia
696 1115 824 1170 cepit,
850 1116 932 1155 viz.
957 1116 1101 1171 ipsum
1134 1116 1486 1173 Lotharingiunh
1508 1133 1534 1159 a

78 1200 166 1241 quo
186 1200 334 1226 omnes
356 1201 566 1242 magnum
590 1186 927 1229 Reformationis
949 1189 1082 1229 rebus
1111 1188 1408 1245 adjumentum
1437 1205 1531 1246 spc-

78 1257 249 1305 rabant,
262 1257 487 1299 authorem
504 1258 660 1299 deinde
675 1258 924 1314 hujusmodi
939 1275 1082 1301 rerum
1096 1260 1243 1307 fuisse,
1259 1276 1360 1315 quae
1374 1277 1413 1301 m
1421 1277 1533 1317 agna

76 1344 129 1370 ex
150 1337 274 1385 parte
297 1344 395 1370 cum
417 1329 600 1372 decretis
626 1332 782 1372 nostris
813 1331 866 1371 de
900 1330 1221 1372 Reformatione
1255 1340 1530 1388 pugnarent;

78 1409 134 1447 et,
169 1418 265 1443 cum
300 1402 615 1459 Lotharingius
642 1404 735 1458 ipse
760 1403 828 1444 hic
859 1404 1015 1459 saepius
1042 1404 1196 1445 solitus
1233 1412 1345 1445 esset
1380 1406 1533 1446 acriter

77 1474 297 1523 damnare,
321 1482 364 1516 et
385 1477 700 1517 reservationes
722 1476 958 1522 fructuum,
983 1483 1025 1516 et
1061 1476 1350 1517 Commendas
1377 1493 1423 1518 ac
1448 1478 1531 1519 col-

76 1548 258 1588 lationes
276 1549 623 1603 Episcopatuum
646 1549 711 1596 iis,
730 1549 908 1604 quinon
929 1548 1179 1595 residerent,
1202 1564 1315 1590 nunc
1338 1550 1465 1591 valde
1488 1565 1532 1591 se

75 1620 298 1661 diversum
321 1622 465 1677 reipsa
487 1621 747 1662 ostendisset
771 1621 826 1662 ab
855 1636 917 1669 eo,
941 1621 1058 1676 quod
1088 1622 1231 1662 verbis
1251 1623 1529 1678 praedicabat.

78 1696 236 1751 Itaque
258 1711 357 1750 spes
380 1703 509 1736 antea
531 1695 583 1736 de
605 1711 655 1736 eo
679 1711 702 1735 a
726 1695 875 1736 multis
898 1701 1103 1749 concepta
1124 1696 1258 1750 coepit
1285 1696 1530 1744 concidere;

75 1784 152 1810 nec
174 1769 407 1824 quisquam
431 1775 525 1808 erat
568 1768 697 1808 etiam
715 1782 766 1807 ex
790 1768 883 1822 ejus
907 1766 1121 1813 studiosis,
1147 1768 1222 1822 qui
1251 1782 1333 1807 non
1355 1767 1533 1808 humani

76 1842 245 1897 aliquid
273 1848 414 1881 tamen
450 1841 491 1880 in
521 1840 598 1880 hac
630 1855 675 1880 re
703 1854 878 1895 passum
916 1854 1006 1879 esse
1038 1839 1293 1887 affirmaret3
1337 1841 1530 1888 fortasse,

74 1922 126 1955 ut
146 1914 403 1956 Cardinales
422 1914 743 1955 Ferrarienscm
769 1920 811 1953 et
829 1913 1058 1952 Estensem
1077 1913 1160 1952 sibi
1176 1914 1317 1970 magis
1333 1913 1530 1954 devince-

76 1991 169 2034 ret‚¹
192 2003 238 2028 ae
260 1987 447 2043 negotiis
469 1987 560 2026 suis
583 1985 907 2026 favorabiliores
923 1983 1116 2025 haberet.

505 2081 595 2128 Die
621 2083 683 2127 ‘26
711 2079 932 2127 Octobris
965 2083 1104 2127 1563.

134 2176 390 2230 Sequuntur
414 2173 789 2229 Congregationes
810 2180 853 2213 et
880 2172 995 2212 Vota
1027 2186 1158 2227 super
1182 2171 1288 2213 Can.
1313 2172 1365 2213 de
1388 2174 1532 2214 matri-

75 2249 216 2289 monio
238 2248 474 2288 reformato
499 2247 551 2286 4¹.

506 2335 596 2381 Die
621 2337 682 2381 ‘27
712 2334 935 2381 Octobris
967 2335 1105 2380 1563.

132 2424 279 2466 Hodie
302 2425 515 2465 absolutae
533 2433 635 2466 sunt
658 2426 884 2466 sententiae
910 2424 1039 2465 clictae
1063 2431 1219 2479 quater
1240 2423 1293 2464 dc
1315 2425 1530 2465 matrimo-

73 2498 158 2544 nio,
182 2505 226 2538 et
248 2497 400 2538 Patres
422 2498 588 2538 circiter
612 2498 665 2539 58
688 2498 976 2553 perstiterunt
996 2496 1039 2535 in
1063 2497 1288 2539 sententia.
1315 2503 1361 2536 ut
1387 2497 1530 2537 matri-

75 2572 218 2612 monia
239 2586 322 2611 non
346 2571 632 2612 irritarentur.
700 2571 790 2610 Alii
814 2577 972 2610 eontra.
1000 2570 1140 2625 pauci,
1165 2577 1213 2610 ut
1242 2569 1295 2609 ad
1328 2571 1442 2610 smum·
1463 2586 1530 2611 res

75 2645 349 2699 rejiceretur3
383 2654 426 2685 et
455 2659 507 2684 ex
544 2644 610 2684 his
646 2643 855 2684 nonnulli.
881 2644 954 2698 qni
989 2644 1222 2684 censebant
1254 2645 1530 2686 matrimonia

74 2717 299 2765 irritanda,
325 2725 468 2758 tamen
491 2717 683 2757 videntes
705 2724 868 2756 tantam
889 2717 1141 2771 opinionum
1157 2719 1527 2761 concertationem,

644 2797 649 2814 ¹
681 2798 871 2834 Decerneret,
891 2798 958 2827 MS.
