1905 3254
345 309 427 352 272
980 324 1087 354 sess.
1116 323 1174 354 ri.

344 430 595 471 Pescarium
644 429 687 469 in
728 428 931 484 gratiam,
981 434 1030 468 ut
1074 427 1311 474 ferebatur,
1353 426 1572 467 Pontifieis
1612 426 1799 482 scriptae,

343 504 504 559 quibus
527 502 742 543 Praelatos
764 500 988 556 Hispanos
1016 506 1221 547 moneret,
1245 506 1295 540 ut
1318 514 1342 539 a
1363 498 1631 539 Residentiae
1652 499 1801 555 (lispu-

343 577 508 617 tatione
531 576 815 623 abstinerent,
838 590 947 615 neve
969 590 1057 615 rem
1079 573 1189 614 hanc
1212 572 1400 628 amplius
1423 579 1645 627 urgerent.

401 650 639 703 Postquam
661 647 798 703 igitur
820 661 917 701 quae
933 661 1069 701 supra
1089 645 1320 686 retulimus
1341 644 1393 684 de
1412 644 1596 684 Patrum
1619 643 1803 684 decretis

336 722 427 776 jam
451 720 689 762 constituta
710 719 898 766 fuerant,
922 717 991 759 die
1014 718 1066 759 17
1091 717 1363 771 Septembris
1396 716 1615 757 celebrata
1643 716 1726 757 fuit
1748 715 1802 757 de

342 810 460 836 more
495 794 648 835 Sessio.
712 792 912 833 Aderant
949 791 1058 831 Ores
1095 790 1299 837 Caesarei,
1337 789 1512 837 Gallici,
1547 790 1800 838 Lusitanus,

343 867 518 915 Veneti,
543 866 795 906 Helvetius.
861 865 1038 905 Sacrum
1062 864 1154 919 egit
1186 862 1554 917 Archiepiscopus
1586 861 1799 918 Hydrun-

342 941 472 987 tinus,
514 940 752 980 orationem
791 938 948 978 habuit
988 937 1114 993 Esms
1155 936 1406 976 Vicecomes
1444 935 1795 976 Vintimiliensis.

343 1014 449 1054 Post
470 1012 746 1053 caeremonias
778 1015 1027 1056 transactas,
1067 1008 1242 1063 aliaque
1275 1014 1495 1055 consueta,
1527 1008 1642 1048 lecta
1673 1007 1756 1048 fuit
1778 1023 1803 1048 a

345 1085 587 1127 Secretario
626 1083 891 1125 Obedientia
924 1082 1125 1138 praestita
1167 1096 1192 1121 a
1232 1080 1485 1122 Patriarcha
1522 1081 1802 1137 Assyriorum

343 1174 441 1199 cum
473 1158 613 1199 literis
643 1156 888 1198 Cardinalis
920 1155 1105 1203 Amulii,
1140 1169 1237 1210 quae
1261 1162 1305 1196 et
1328 1155 1436 1196 alias
1470 1156 1514 1195 in
1547 1154 1801 1211 Congrega·

343 1231 460 1272 tione
482 1231 668 1271 Patrum
690 1230 869 1270 fuerunt
890 1230 1098 1269 recitatae.
1152 1228 1321 1269 Addita
1337 1243 1450 1269 nunc
1473 1234 1617 1269 tamen
1638 1228 1721 1268 fuit
1737 1227 1804 1268 his

343 1304 604 1358 protestatio
638 1302 843 1359 quaedam
879 1302 978 1342 Oris
1012 1301 1147 1356 Regis
1182 1301 1482 1356 Portugalliae.
1552 1300 1671 1342 Nam
1705 1316 1802 1342 eum

344 1375 600 1416 Patriarcha
619 1375 691 1416 ille
714 1374 923 1430 Assyrius
943 1374 1188 1414 nominaret
1208 1375 1439 1415 nonnullas
1460 1375 1673 1422 civitates,
1695 1389 1805 1430 quas

345 1449 429 1489 sibi
451 1450 617 1490 ratione
650 1449 880 1504 dignitatis
912 1463 1004 1488 suae
1039 1448 1218 1488 subesse
1250 1448 1485 1496 asserebat,
1517 1448 1615 1489 Rex
1644 1449 1802 1489 Portu-

346 1523 492 1578 galliae
514 1537 587 1563 eas
608 1522 690 1562 sub
719 1521 882 1562 ditione
913 1535 993 1561 sua
1015 1520 1224 1561 contineri
1247 1519 1419 1575 Synodo
1445 1519 1701 1568 declaravit,
1724 1535 1802 1561 nec

346 1596 400 1637 ad
422 1611 522 1637 eum
555 1595 854 1637 Patriarcham
883 1594 1106 1634 ullatenus
1127 1592 1361 1648 pertinere,
1384 1600 1520 1648 prout
1552 1593 1714 1635 elarius
1746 1609 1800 1635 ex

345 1671 437 1726 ejus
459 1669 773 1725 protestatione
796 1673 984 1708 constat:
1018 1665 1071 1706 de
1094 1681 1180 1721 qua
1204 1666 1247 1706 in
1270 1666 1373 1706 folio

402 1744 506 1783 Post
535 1742 629 1783 haee
660 1742 752 1782 lata
785 1747 885 1781 sunt
916 1739 1128 1795 suffragia
1148 1739 1285 1781 Prum
1307 1739 1360 1780 de
1391 1740 1572 1796 singulis
1605 1740 1738 1780 rebus
1759 1739 1804 1780 in

347 1816 510 1872 Congne
541 1815 823 1864 examinatis3
858 1830 905 1855 ae
927 1814 1068 1869 primo
1100 1813 1277 1869 quidem
1303 1813 1357 1855 de
1381 1814 1597 1854 Sacrificio
1628 1813 1775 1854 Missae
1792 1830 1803 1863 3

346 1891 402 1930 2⁰.
435 1889 489 1931 de
520 1889 848 1930 Reformatione
865 1904 876 1938 3
910 1888 964 1928 3⁰.
988 1887 1042 1928 de
1067 1888 1281 1944 petitione
1313 1903 1419 1928 usus
1451 1887 1635 1936 Calicis3
1666 1889 1725 1928 4⁰.
1750 1887 1803 1927 de

345 1963 415 2004 die
434 1963 595 2004 futurae
615 1962 846 2010 Sessionis;
870 1961 1032 2016 quibus
1053 1961 1097 2001 in
1118 1961 1248 2002 rebus
1270 1976 1354 2001 non
1375 1961 1609 2002 defuerunt
1626 1961 1806 2002 Praelati

345 2037 489 2085 multi,
514 2036 589 2092 qui
611 2051 636 2077 a
657 2035 837 2091 reliquis
858 2033 1114 2075 dissidentes
1135 2034 1178 2074 in
1199 2035 1393 2090 pristinis
1416 2049 1566 2075 eorum
1583 2034 1806 2075 sententiis

348 2110 490 2151 adhuc
523 2110 756 2166 persistere
792 2108 1057 2155 maluerunt,
1090 2113 1140 2148 ut
1173 2107 1286 2148 infra
1316 2122 1369 2148 ex
1403 2122 1552 2148 eorum
1585 2107 1806 2162 suffragiis

348 2183 507 2224 elarius
539 2182 744 2238 liquebit,
778 2197 803 2222 a
831 2180 998 2221 caeteris
1032 2186 1125 2220 tum
1157 2179 1288 2235 longo
1320 2180 1555 2221 intervallo
1587 2179 1804 2234 separati:

347 2256 509 2312 quibus
530 2255 728 2312 peractis,
742 2254 836 2294 finis
859 2253 1047 2294 Sessioni
1067 2252 1300 2308 impositus
1321 2252 1418 2301 fuit,
1434 2255 1588 2308 magna
1611 2252 1803 2293 omnium

346 2329 501 2370 laetitia
530 2335 574 2370 et
610 2328 767 2384 plausfi
798 2326 963 2382 gratias
995 2325 1152 2366 divinae
1186 2325 1371 2366 bonitati
1405 2325 1649 2381 agentium,
1684 2325 1803 2380 quod

346 2400 521 2442 tandem
545 2415 599 2441 ex
621 2406 686 2440 tot
708 2398 1056 2446 difficultatibus,
1079 2412 1128 2438 eo
1151 2396 1402 2453 adjuvante,
1426 2397 1711 2438 emersissent.

665 2519 869 2566 Decreta
893 2520 1086 2582 publica
1110 2519 1159 2564 in
1188 2518 1405 2565 Sessione
1430 2519 1490 2564 6²².

406 2633 687 2673 Sacrosancta
711 2632 924 2688 Synodus,
943 2631 1034 2680 &c.,
1053 2638 1097 2672 et
1113 2631 1297 2686 reliqua,
1318 2637 1452 2686 prout
1473 2629 1622 2670 hodie:
1657 2644 1803 2670 omnes

350 2706 504 2746 Patres
525 2704 854 2762 responderunt,
873 2705 1036 2752 Placet,
1058 2704 1253 2760 exceptis
1274 2703 1572 2758 infrascriptis.
