1905 3254
345 337 427 379 284
966 353 1075 383 sess.
1100 352 1176 383 vn.

345 460 600 516 dogmatum
633 459 842 501 hactenus
874 473 1045 514 semper
1078 459 1367 514 conjunxisse,
1402 456 1691 513 respondent;
1722 469 1800 497 nec

346 536 402 576 ab
424 535 502 575 hoe
523 535 721 575 instituto
745 549 835 575 esse
856 532 1167 574 discedendum
1187 549 1194 572 ε
1228 536 1455 572 curaturos
1485 530 1660 586 quidem
1686 530 1801 571 omni

346 614 513 657 conatu,
550 614 601 648 ut
636 607 849 664 Majestas
883 621 963 646 sua
995 605 1234 661 intelligat,
1266 620 1309 645 sc
1342 605 1386 644 in
1429 610 1662 658 utramque
1697 617 1803 651 rem,

345 683 512 721 summa
534 680 775 736 diligentia,
800 677 1159 733 solicitudineque
1179 677 1446 724 incumbere,
1470 682 1603 730 atque
1624 682 1667 716 et
1687 675 1805 715 illius

345 752 569 807 postulata
600 766 644 792 se
676 751 739 792 ita
772 751 1064 806 amplexuros,
1101 756 1150 790 ut
1178 749 1323 805 quoad
1355 763 1426 789 eos
1446 748 1539 788 fieri
1561 747 1738 803 poterit,
1762 753 1804 786 et

347 825 466 880 quod
487 840 541 865 ex
565 825 734 865 Summi
758 824 977 864 Pontificis
1001 839 1048 863 ac
1072 822 1138 862 Stae
1165 822 1327 876 Synodi
1349 821 1565 877 dignitate
1588 820 1682 868 erit,
1707 819 1802 859 Ma—

340 899 512 954 jestatis
535 912 624 937 suae
647 896 791 937 studio
813 896 1007 936 satisfiat.

405 970 579 1010 Haberi
608 984 658 1009 eo
692 976 889 1023 tempore
923 974 1081 1022 coepta}
1114 966 1440 1021 Theologorum
1473 966 1690 1005 minorum
1722 963 1804 1004 dis-

347 1042 597 1096 putationes
619 1041 672 1081 de
695 1041 891 1081 articulis
926 1040 1124 1081 Sacramti
1151 1039 1352 1086 Ordinis;
1387 1054 1485 1078 cum
1519 1038 1698 1078 Praelati
1731 1037 1805 1077 ali—

350 1121 456 1169 quot
499 1113 704 1168 Hispani,
748 1113 1039 1160 Bracarensis,
1084 1112 1378 1168 segobiensis,
1421 1110 1728 1158 Messanensis,
1766 1115 1808 1149 et

351 1186 426 1227 alii
457 1186 668 1233 nonnulli,
702 1185 822 1241 apud
857 1185 1138 1226 Cardinalem
1169 1183 1463 1240 Seripandum
1487 1183 1681 1238 graviter
1704 1189 1806 1222 sunt

350 1260 589 1314 conquesti,
623 1274 675 1299 ex
700 1259 895 1299 articulis
919 1259 1152 1313 propositis
1174 1258 1227 1298 de
1252 1258 1457 1298 Sacramto
1485 1255 1674 1302 Ordinis,
1708 1270 1808 1295 eum

350 1331 404 1372 de
438 1331 579 1372 medio
612 1331 835 1371 sublatum
868 1330 1013 1378 fuisse,
1041 1331 1117 1385 qui
1141 1330 1249 1370 alias
1270 1330 1314 1369 in
1334 1328 1485 1370 eodem
1510 1328 1704 1368 Concilio
1726 1327 1809 1368 sub

351 1405 476 1446 Julio
499 1405 588 1445 III.
625 1403 862 1459 Theologis
894 1403 1080 1444 traditus
1114 1404 1267 1450 fuerat,
1301 1410 1344 1443 et
1373 1417 1460 1457 quo
1494 1402 1808 1448 continebatur,

350 1480 548 1535 Epatum
570 1493 660 1518 esse
685 1477 738 1517 de
753 1479 853 1533 jure
877 1477 1038 1525 divino,
1075 1484 1118 1517 et
1145 1491 1236 1517 esse
1271 1477 1479 1530 majorem
1516 1475 1806 1529 Presbyterio.

353 1551 622 1607 Sei-ipandus
656 1550 894 1606 respondit,
929 1550 1094 1590 nullam
1128 1550 1252 1589 nobis
1284 1549 1327 1589 in
1359 1563 1410 1589 eo
1446 1564 1542 1589 cum
1581 1548 1812 1588 Hae1·eticis

351 1640 442 1666 esse
477 1623 833 1665 controversiam:
871 1622 969 1663 ideo
1001 1624 1100 1677 jure
1133 1622 1340 1662 omissum
1374 1621 1522 1661 fuisse.
1587 1620 1659 1661 Illi
1680 1621 1810 1676 repli-

350 1705 459 1745 cant,
495 1698 581 1737 imo
621 1704 665 1737 et
706 1695 952 1737 Lutherum
999 1710 1160 1752 negare
1201 1695 1446 1750 Episcopos
1487 1709 1578 1735 esse
1619 1694 1672 1734 de
1710 1698 1811 1750 jure

351 1771 509 1811 divino.
574 1768 845 1824 Seripandus
867 1768 1067 1814 ostendit,
1099 1768 1348 1809 Lutherum
1378 1766 1608 1808 admittere
1630 1767 1811 1823 Episco-

350 1846 482 1900 patus
503 1842 822 1884 institutionem
845 1857 937 1883 esse
960 1842 1013 1883 de
1032 1843 1133 1898 jure
1155 1841 1325 1882 divino:
1364 1840 1438 1881 sed
1470 1840 1722 1897 impugnari
1755 1841 1810 1881 ab

350 1933 400 1958 eo
439 1918 570 1958 ritum
613 1916 858 1972 Episcopos
903 1915 1189 1963 consecrandi,
1241 1914 1463 1956 Ecclesias
1513 1913 1810 1962 benedicendi,

353 1990 616 2046 Campanas,
642 1997 685 2030 et
707 1989 814 2030 alias
835 1987 1088 2044 hujusmodi
1109 2003 1163 2028 ex
1185 1987 1450 2028 Pontificalis
1471 1987 1574 2028 libri
1595 1987 1809 2028 instituto.

353 2062 464 2103 Haec
486 2063 597 2103 enim
620 2063 764 2102 onmia
784 2062 994 2117 figmenta
1016 2075 1107 2101 esse
1128 2059 1369 2107 hominum,
1397 2075 1475 2100 nec
1509 2074 1542 2120 ax
1560 2059 1657 2100 Deo
1690 2060 1812 2100 insti-

351 2145 450 2179 tuta
471 2154 572 2179 eum
597 2138 819 2179 affirmare.
883 2137 977 2178 Illis
1006 2152 1092 2178 non
1122 2137 1226 2178 satis
1248 2137 1538 2192 acquiescunt,
1565 2137 1810 2178 sublatum·

353 2226 437 2266 que
473 2211 707 2252 articulum
741 2216 958 2258 verentur,
994 2224 1047 2250 ne
1085 2209 1182 2250 hinc
1221 2209 1401 2265 quaestio
1437 2209 1719 2258 Residentiae,
1757 2224 1810 2250 an

353 2285 383 2325 J
388 2286 477 2325 uris
497 2284 636 2326 divini
657 2284 726 2332 sit,
751 2284 965 2325 existetur
979 2299 989 2331 3
1013 2298 1251 2337 rursusque
1273 2283 1463 2324 maximo
1495 2298 1539 2323 se
1568 2283 1704 2323 teneri
1735 2282 1807 2324 de-

353 2357 510 2398 siderio
532 2358 762 2404 affirmant,
784 2371 837 2397 ne
867 2355 975 2411 quid
1007 2355 1060 2396 de
1095 2356 1231 2396 veteri
1265 2355 1448 2396 articulo
1484 2355 1809 2396 immutaretur

355 2432 408 2472 In
430 2447 516 2487 quo
538 2446 638 2472 sane
655 2445 739 2471 non
762 2429 994 2471 admodum
1010 2429 1076 2469 illi
1100 2429 1379 2475 fallebantur,
1403 2442 1572 2468 omnem
1597 2427 1809 2483 siquidem

356 2504 628 2560 disceptandi
655 2504 708 2546 de
741 2503 975 2545 residentia
1010 2503 1272 2543 occasionem
1312 2501 1519 2543 Patribus
1561 2501 1811 2557 ademptam

355 2579 515 2634 Legati
542 2578 784 2619 voluerant.
849 2577 956 2624 Imo,
992 2591 1088 2616 cum
1123 2574 1339 2631 Theologi
1371 2575 1558 2615 minores
1579 2574 1632 2615 de
1655 2589 1810 2630 propo-

356 2652 447 2692 sitis
469 2651 664 2692 articulis
686 2650 944 2691 disserentes
966 2649 1107 2690 obiter
1130 2663 1248 2704 saepe
1271 2663 1365 2689 eam
1399 2648 1682 2703 quaestionem
1714 2647 1810 2688 atti-

358 2725 534 2781 gissent,
566 2724 652 2765 fuit
678 2724 740 2765 eis
761 2738 840 2780 per
862 2722 1109 2764 schedulam
1130 2721 1424 2770 interdictum,
1455 2736 1509 2761 ne
1530 2720 1641 2761 illud
1660 2720 1809 2776 dispu-

358 2797 537 2837 tandum
580 2798 861 2853 susciperent,
894 2796 968 2837 sed
1012 2797 1055 2836 in
1092 2796 1178 2836 alia
1218 2809 1315 2851 quae
1357 2794 1531 2835 fuerant
1572 2793 1807 2849 proposita,

357 2869 668 2911 incumberent.

1898 217 1902 257 -‚„
1898 190 1901 197 .
1898 153 1901 177 „-
1896 0 1905 137 =÷eae3—
