1905 3254
704 287 817 317 sess.
845 287 904 317 w.
1446 274 1519 313 191

60 388 358 434 Eccm”docuit
389 398 521 448 atque
552 392 773 442 instruxit,
797 400 848 434 ut
868 407 1097 450 congruas,
1129 408 1176 435 ac
1198 395 1292 450 pias
1313 409 1392 450 pro
1415 401 1524 436 tem-

60 467 182 521 poris
197 466 366 508 ratione
388 466 667 509 caeremonias
688 465 931 508 adhiberet.
974 467 1109 508 Porro
1127 466 1276 509 Missae
1294 469 1339 508 in
1360 469 1525 524 quibus

59 552 187 580 nemo
214 546 376 595 praeter
403 540 672 581 celebrantes
703 539 947 580 sacerdotes
970 541 1269 589 communicat,
1292 541 1524 589 immerito,

60 618 112 652 ut
135 613 334 668 privatae,
363 612 636 654 damnentur.
699 611 816 653 Nam
848 627 943 652 cum
978 612 1115 654 Missa
1147 614 1287 654 omnis
1318 629 1397 670 pro
1430 615 1525 655 uni-

59 699 187 726 versa
216 685 385 727 Christi
414 685 628 734 Ecclesia,
661 692 705 726 et
738 700 763 726 a
793 685 976 740 publico
1008 686 1246 728 ministerio
1267 687 1524 735 celebretur,

57 772 284 800 commune
323 759 517 814 profecto
557 759 816 800 sacrificium
857 765 935 807 est,
977 774 1120 816 neque
1161 760 1339 817 privata
1380 768 1525 817 potest

58 831 289 888 appellari.
352 832 419 873 Ac
441 833 586 874 minus
608 831 788 888 quidem
815 831 900 874 dici
934 839 1080 889 potest
1101 834 1256 875 faciem
1279 849 1524 876 excommu-

58 906 281 947 nicationis
311 921 407 948 eam
440 905 619 954 habere,
653 921 750 947 cum
784 906 862 962 qui
895 907 934 948 ei
967 907 1185 950 intersunt
1213 924 1238 950 a
1259 909 1525 951 sacrificante

57 980 278 1022 sacerdote
311 981 575 1028 salutentur,
611 980 730 1036 pacis
763 981 963 1022 osculum
997 990 1041 1023 et
1068 982 1411 1025 benedictionem
1435 1000 1525 1026 sus-

57 1054 234 1110 cipiant,
278 1070 325 1096 ac
367 1056 685 1096 communionis
718 1055 865 1104 etiam,
902 1057 937 1096 si
973 1057 1124 1105 velint,
1162 1058 1404 1114 participes
1434 1059 1525 1100 fieri

58 1127 240 1182 possint.
288 1127 464 1169 Harum
483 1133 630 1168 autem
651 1127 887 1170 Missarum
905 1145 1035 1170 usum
1052 1145 1137 1170 non
1160 1130 1293 1172 fuisse
1318 1147 1342 1172 a
1363 1147 1525 1189 magno

59 1202 275 1258 Gregorio
297 1202 352 1243 Ρ0
371 1202 609 1249 inventum,
634 1203 916 1258 antiquorum
940 1204 1122 1244 Patrum
1157 1205 1321 1260 scripta
1348 1205 1523 1247 demon-

58 1280 221 1325 strant3
253 1290 350 1316 cum
381 1275 425 1315 in
448 1275 514 1316 his
537 1282 659 1331 patet
682 1276 854 1323 Missas,
889 1277 931 1317 in
955 1277 1116 1332 quibus
1138 1276 1286 1318 fideles
1307 1293 1389 1318 non
1413 1294 1523 1319 com-

57 1349 340 1396 municarent,
378 1364 498 1405 saepe
534 1356 639 1391 tunc
681 1350 892 1406 temporis
930 1351 1080 1391 solitas
1121 1351 1256 1392 fuisse
1297 1351 1521 1394 celebrari.

58 1422 290 1471 Praeterea‚
313 1422 422 1464 nihil
452 1430 519 1464 est
554 1423 674 1479 quod
705 1439 976 1479 quemquam
1011 1424 1204 1466 offendat
1237 1440 1387 1466 earum
1419 1426 1523 1468 Mis-

56 1510 200 1537 sarum
235 1497 362 1546 ratio,
400 1512 495 1553 quae
533 1512 614 1554 pro
647 1498 894 1553 aliquorum
936 1505 1183 1540 sanctorum
1219 1499 1523 1541 intercessione

57 1570 310 1620 obtinenda,
333 1578 376 1614 et
396 1572 440 1612 in
463 1587 615 1614 eorum
639 1573 891 1613 memoriam
916 1580 960 1613 et
982 1572 1190 1614 honorem
1214 1573 1523 1624 celebrantur;

57 1658 156 1684 cum
191 1651 360 1686 certum
396 1645 463 1691 sit,
497 1655 600 1686 non¹
638 1644 732 1686 aliis
769 1660 901 1700 quam
936 1646 1033 1687 Deo
1071 1647 1324 1687 sacrificium
1362 1647 1521 1688 offerri.

61 1717 320 1758 Sanctorum
357 1732 460 1759 vero
493 1718 629 1758 solam
666 1718 758 1757 fieri
795 1719 1265 1767 commemorationem,
1302 1734 1402 1774 quae
1436 1719 1516 1760 ad⁹

60 1789 236 1832 illorum
271 1791 455 1848 gloriam
492 1798 536 1832 et
571 1790 739 1831 Christi
775 1789 969 1831 fidelium
1010 1790 1243 1831 utilitatem
1278 1791 1523 1834 redundare

60 1878 234 1919 semper
254 1864 454 1906 Ecclesia
475 1863 669 1906 eredidit.
733 1863 763 1904 J
767 1879 836 1904 am
861 1879 974 1911 vero,
1000 1864 1207 1919 quoniam
1236 1866 1525 1907 controversia

59 1935 113 1977 de
145 1951 274 1993 aqua,
310 1938 423 1986 vino,
459 1938 503 1978 in
535 1937 614 1978 hoc
649 1938 926 1978 sacramento
961 1936 1193 1986 miscenda,
1223 1941 1315 1993 Jam
1352 1938 1522 1995 pridem

60 2011 265 2061 extincta,
287 2011 355 2053 his
377 2011 523 2052 denuo
546 2011 822 2066 temporibus
850 2011 1044 2052 excitata
1066 2018 1143 2058 est,
1167 2011 1357 2054 declarat
1377 2020 1524 2055 sancta

62 2085 261 2141 Synodus
291 2090 424 2142 juxta
457 2086 717 2126 Sanctorum
749 2085 932 2125 Patrum
968 2084 1224 2126 traditiones
1258 2093 1390 2143 atquc
1426 2103 1522 2129 con-

61 2173 249 2209 sensum,
272 2174 433 2215 aquam
458 2159 560 2200 vino
582 2174 674 2200 esse
696 2158 986 2209 miscendam,
1019 2166 1114 2200 tum
1135 2159 1254 2215 quod
1280 2161 1344 2202 ita
1376 2161 1523 2203 Chris-

64 2237 157 2272 tum
180 2230 418 2273 Dominum
454 2232 604 2273 fecisse
638 2230 992 2280 existimandum,
1016 2239 1110 2273 tum
1134 2231 1253 2287 quod
1280 2232 1424 2274 fluxus
1449 2234 1523 2275 ille

62 2305 290 2361 sanguinis
323 2312 367 2347 ct
399 2320 527 2361 aquae
560 2321 613 2347 ex
646 2306 782 2347 latere
817 2307 912 2362 ejus
944 2306 986 2346 in
1020 2320 1143 2346 cruce
1175 2304 1406 2360 pendentis
1437 2308 1523 2363 sig-

22 2386 24 2390 ’
53 2372 277 2428 vnificatur,
313 2386 358 2421 et
390 2378 569 2421 Domini
606 2380 743 2435 ipsius
779 2395 875 2421 cum
910 2380 1079 2435 Populo
1113 2394 1192 2420 suo
1227 2380 1428 2422 unionem
1460 2396 1523 2422 os-

65 2451 220 2494 tendit.

131 2565 244 2613 Post
278 2567 402 2615 hanc
428 2569 486 2615 de
511 2568 676 2615 Missae
707 2566 937 2615 sacrificio
974 2567 1240 2613 doctrinam
1277 2567 1458 2631 placuit

262 2658 438 2696 sanctae
465 2649 663 2715 Synodo
688 2651 774 2697 hos
799 2666 1003 2697 canones
1028 2649 1334 2712 subjungere.

123 2742 169 2784 Si
204 2744 301 2800 quis
331 2745 506 2793 dixerit,
531 2746 712 2788 Missam
752 2761 836 2787 non
873 2760 964 2788 esse
1002 2745 1272 2795 sacrificium,
1305 2745 1380 2787 sed
1412 2761 1522 2788 com-

320 2833 327 2852 ¹
351 2816 391 2864 'ln
411 2834 480 2865 MS.
497 2845 545 2866 an.
1045 2833 1057 2850 ‘²
1082 2834 1117 2863 In
1140 2833 1211 2864 MS.
1228 2838 1267 2863 et.
