<?xml version="1.0" encoding="UTF-8"?>
<!DOCTYPE html PUBLIC "-//W3C//DTD XHTML 1.0 Transitional//EN"
    "http://www.w3.org/TR/xhtml1/DTD/xhtml1-transitional.dtd">
<html xmlns="http://www.w3.org/1999/xhtml" xml:lang="en" lang="en">
 <head>
  <title>
</title>
<meta http-equiv="Content-Type" content="text/html;charset=utf-8" />
  <meta name='ocr-system' content='tesseract 3.04.00' />
  <meta name='ocr-capabilities' content='ocr_page ocr_carea ocr_par ocr_line ocrx_word'/>
</head>
<body>
  <div class='ocr_page' id='page_1' title='image "actaconciliitrid00paleuoft_0686.png"; bbox 0 0 1905 3254; ppageno 0'>
   <div class='ocr_carea' id='block_1_1' title="bbox 343 296 1175 344">
    <p class='ocr_par' dir='ltr' id='par_1_1' title="bbox 343 296 1175 344">
     <span class='ocr_line' id='line_1_1' title="bbox 343 296 1175 344; baseline 0.011 -9"><span class='ocrx_word' id='word_1_1' title='bbox 343 296 427 336; x_wconf 73' lang='lat'>498</span> <span class='ocrx_word' id='word_1_2' title='bbox 965 314 1077 344; x_wconf 65' lang='lat' dir='ltr'>sess.</span> <span class='ocrx_word' id='word_1_3' title='bbox 1103 313 1175 344; x_wconf 64' lang='lat' dir='ltr'>vif.</span> 
     </span>
    </p>
   </div>
   <div class='ocr_carea' id='block_1_2' title="bbox 345 419 1805 2810">
    <p class='ocr_par' dir='ltr' id='par_1_2' title="bbox 345 419 1805 2810">
     <span class='ocr_line' id='line_1_2' title="bbox 345 419 1802 476; baseline 0.001 -17"><span class='ocrx_word' id='word_1_4' title='bbox 345 425 508 468; x_wconf 86' lang='lat' dir='ltr'>rentur,</span> <span class='ocrx_word' id='word_1_5' title='bbox 536 434 669 475; x_wconf 90' lang='lat' dir='ltr'>seque</span> <span class='ocrx_word' id='word_1_6' title='bbox 702 419 757 461; x_wconf 89' lang='lat' dir='ltr'>ad</span> <span class='ocrx_word' id='word_1_7' title='bbox 790 420 888 461; x_wconf 88' lang='lat' dir='ltr'>illas</span> <span class='ocrx_word' id='word_1_8' title='bbox 920 421 1197 461; x_wconf 84' lang='lat' dir='ltr'>commodiori</span> <span class='ocrx_word' id='word_1_9' title='bbox 1231 428 1426 475; x_wconf 88' lang='lat' dir='ltr'>tempore</span> <span class='ocrx_word' id='word_1_10' title='bbox 1458 433 1802 476; x_wconf 72' lang='lat' dir='ltr'>responsurum3</span> 
     </span>
     <span class='ocr_line' id='line_1_3' title="bbox 346 491 1801 548; baseline 0.001 -17"><span class='ocrx_word' id='word_1_11' title='bbox 346 506 445 546; x_wconf 70' lang='lat' dir='ltr'>quae</span> <span class='ocrx_word' id='word_1_12' title='bbox 479 493 702 547; x_wconf 74' lang='lat' dir='ltr'>responsio</span> <span class='ocrx_word' id='word_1_13' title='bbox 723 492 785 532; x_wconf 89' lang='lat' dir='ltr'>ita</span> <span class='ocrx_word' id='word_1_14' title='bbox 805 499 1011 547; x_wconf 86' lang='lat' dir='ltr'>concepta</span> <span class='ocrx_word' id='word_1_15' title='bbox 1032 492 1128 541; x_wconf 80' lang='lat' dir='ltr'>fuit,</span> <span class='ocrx_word' id='word_1_16' title='bbox 1151 507 1204 532; x_wconf 90' lang='lat' dir='ltr'>ne</span> <span class='ocrx_word' id='word_1_17' title='bbox 1235 491 1438 548; x_wconf 74' lang='lat' dir='ltr'>Synodus</span> <span class='ocrx_word' id='word_1_18' title='bbox 1471 493 1801 533; x_wconf 90' lang='lat' dir='ltr'>conventionem</span> 
     </span>
     <span class='ocr_line' id='line_1_4' title="bbox 347 562 1800 620; baseline 0.002 -18"><span class='ocrx_word' id='word_1_19' title='bbox 347 562 465 603; x_wconf 90' lang='lat' dir='ltr'>illam</span> <span class='ocrx_word' id='word_1_20' title='bbox 507 563 669 618; x_wconf 90' lang='lat' dir='ltr'>iniquis</span> <span class='ocrx_word' id='word_1_21' title='bbox 710 563 1028 605; x_wconf 88' lang='lat' dir='ltr'>conditionibus</span> <span class='ocrx_word' id='word_1_22' title='bbox 1071 566 1281 606; x_wconf 80' lang='lat' dir='ltr'>adversus</span> <span class='ocrx_word' id='word_1_23' title='bbox 1321 565 1595 620; x_wconf 79' lang='lat' dir='ltr'>Religionem</span> <span class='ocrx_word' id='word_1_24' title='bbox 1641 565 1800 605; x_wconf 88' lang='lat' dir='ltr'>Ortho-</span> 
     </span>
     <span class='ocr_line' id='line_1_5' title="bbox 347 634 1803 694; baseline 0.003 -20"><span class='ocrx_word' id='word_1_25' title='bbox 347 634 502 675; x_wconf 84' lang='lat' dir='ltr'>doxam</span> <span class='ocrx_word' id='word_1_26' title='bbox 535 642 795 677; x_wconf 88' lang='lat' dir='ltr'>contractam</span> <span class='ocrx_word' id='word_1_27' title='bbox 832 637 1050 677; x_wconf 86' lang='lat' dir='ltr'>ullatenus</span> <span class='ocrx_word' id='word_1_28' title='bbox 1092 638 1277 692; x_wconf 86' lang='lat' dir='ltr'>probare</span> <span class='ocrx_word' id='word_1_29' title='bbox 1312 637 1547 685; x_wconf 75' lang='lat' dir='ltr'>videretur,</span> <span class='ocrx_word' id='word_1_30' title='bbox 1586 653 1715 694; x_wconf 85' lang='lat' dir='ltr'>quam</span> <span class='ocrx_word' id='word_1_31' title='bbox 1759 645 1803 679; x_wconf 90' lang='lat' dir='ltr'>et</span> 
     </span>
     <span class='ocr_line' id='line_1_6' title="bbox 348 710 1800 767; baseline 0.001 -17"><span class='ocrx_word' id='word_1_32' title='bbox 348 710 498 750; x_wconf 78' lang='lat' dir='ltr'>Romae</span> <span class='ocrx_word' id='word_1_33' title='bbox 533 711 627 751; x_wconf 70' lang='lat' dir='ltr'>S¹¹²¹¹S</span> <span class='ocrx_word' id='word_1_34' title='bbox 648 711 705 751; x_wconf 92' lang='lat' dir='ltr'>D.</span> <span class='ocrx_word' id='word_1_35' title='bbox 730 712 786 751; x_wconf 93' lang='lat' dir='ltr'>N.</span> <span class='ocrx_word' id='word_1_36' title='bbox 811 719 860 752; x_wconf 90' lang='lat' dir='ltr'>ut</span> <span class='ocrx_word' id='word_1_37' title='bbox 882 712 1223 767; x_wconf 76' lang='lat' dir='ltr'>indignissimam</span> <span class='ocrx_word' id='word_1_38' title='bbox 1259 712 1534 752; x_wconf 80' lang='lat' dir='ltr'>abhorruisse</span> <span class='ocrx_word' id='word_1_39' title='bbox 1563 713 1800 753; x_wconf 83' lang='lat' dir='ltr'>ferebatur.</span> 
     </span>
     <span class='ocr_line' id='line_1_7' title="bbox 350 783 1803 840; baseline 0.001 -17"><span class='ocrx_word' id='word_1_40' title='bbox 350 784 520 832; x_wconf 85' lang='lat' dir='ltr'>Postea,</span> <span class='ocrx_word' id='word_1_41' title='bbox 544 799 641 825; x_wconf 90' lang='lat' dir='ltr'>cum</span> <span class='ocrx_word' id='word_1_42' title='bbox 674 783 727 825; x_wconf 87' lang='lat' dir='ltr'>de</span> <span class='ocrx_word' id='word_1_43' title='bbox 751 785 909 831; x_wconf 83' lang='lat' dir='ltr'>verbis,</span> <span class='ocrx_word' id='word_1_44' title='bbox 935 786 1097 840; x_wconf 87' lang='lat' dir='ltr'>quibus</span> <span class='ocrx_word' id='word_1_45' title='bbox 1118 785 1468 840; x_wconf 86' lang='lat' dir='ltr'>respondendum</span> <span class='ocrx_word' id='word_1_46' title='bbox 1491 792 1616 832; x_wconf 81' lang='lat' dir='ltr'>esset,</span> <span class='ocrx_word' id='word_1_47' title='bbox 1640 785 1803 825; x_wconf 87' lang='lat' dir='ltr'>consul-</span> 
     </span>
     <span class='ocr_line' id='line_1_8' title="bbox 347 857 1804 913; baseline 0.002 -18"><span class='ocrx_word' id='word_1_48' title='bbox 347 863 527 903; x_wconf 86' lang='lat' dir='ltr'>taretur,</span> <span class='ocrx_word' id='word_1_49' title='bbox 567 857 785 912; x_wconf 80' lang='lat' dir='ltr'>variisque</span> <span class='ocrx_word' id='word_1_50' title='bbox 826 858 1152 912; x_wconf 79' lang='lat' dir='ltr'>responsionum</span> <span class='ocrx_word' id='word_1_51' title='bbox 1196 858 1393 898; x_wconf 86' lang='lat' dir='ltr'>formulis</span> <span class='ocrx_word' id='word_1_52' title='bbox 1435 858 1626 913; x_wconf 83' lang='lat' dir='ltr'>prolatis,</span> <span class='ocrx_word' id='word_1_53' title='bbox 1668 859 1711 898; x_wconf 93' lang='lat' dir='ltr'>in</span> <span class='ocrx_word' id='word_1_54' title='bbox 1753 873 1804 898; x_wconf 89' lang='lat' dir='ltr'>eo</span> 
     </span>
     <span class='ocr_line' id='line_1_9' title="bbox 348 928 1803 986; baseline 0.001 -18"><span class='ocrx_word' id='word_1_55' title='bbox 348 928 574 968; x_wconf 77' lang='lat' dir='ltr'>convenire</span> <span class='ocrx_word' id='word_1_56' title='bbox 614 929 768 969; x_wconf 83' lang='lat' dir='ltr'>Patres</span> <span class='ocrx_word' id='word_1_57' title='bbox 809 929 1074 978; x_wconf 78' lang='lat' dir='ltr'>viderentur,</span> <span class='ocrx_word' id='word_1_58' title='bbox 1124 936 1173 970; x_wconf 91' lang='lat' dir='ltr'>ut</span> <span class='ocrx_word' id='word_1_59' title='bbox 1213 930 1371 970; x_wconf 85' lang='lat' dir='ltr'>diceret</span> <span class='ocrx_word' id='word_1_60' title='bbox 1415 930 1624 986; x_wconf 72' lang='lat' dir='ltr'>Synodus,</span> <span class='ocrx_word' id='word_1_61' title='bbox 1665 945 1709 970; x_wconf 90' lang='lat' dir='ltr'>se</span> <span class='ocrx_word' id='word_1_62' title='bbox 1750 944 1803 970; x_wconf 90' lang='lat' dir='ltr'>ex</span> 
     </span>
     <span class='ocr_line' id='line_1_10' title="bbox 348 999 1802 1058; baseline 0.001 -18"><span class='ocrx_word' id='word_1_63' title='bbox 348 1000 514 1041; x_wconf 86' lang='lat' dir='ltr'>foedere</span> <span class='ocrx_word' id='word_1_64' title='bbox 535 999 615 1041; x_wconf 87' lang='lat' dir='ltr'>hoc</span> <span class='ocrx_word' id='word_1_65' title='bbox 636 1001 743 1041; x_wconf 90' lang='lat' dir='ltr'>inito</span> <span class='ocrx_word' id='word_1_66' title='bbox 766 1000 956 1042; x_wconf 87' lang='lat' dir='ltr'>dolorem</span> <span class='ocrx_word' id='word_1_67' title='bbox 992 1002 1229 1057; x_wconf 82' lang='lat' dir='ltr'>accepisse3</span> <span class='ocrx_word' id='word_1_68' title='bbox 1264 1009 1359 1043; x_wconf 87' lang='lat' dir='ltr'>tum</span> <span class='ocrx_word' id='word_1_69' title='bbox 1390 1002 1718 1058; x_wconf 86' lang='lat' dir='ltr'>Lotharingius,</span> <span class='ocrx_word' id='word_1_70' title='bbox 1741 1003 1802 1042; x_wconf 92' lang='lat' dir='ltr'>in-</span> 
     </span>
     <span class='ocr_line' id='line_1_11' title="bbox 347 1074 1801 1131; baseline 0.001 -16"><span class='ocrx_word' id='word_1_71' title='bbox 347 1074 601 1130; x_wconf 83' lang='lat' dir='ltr'>dignatione</span> <span class='ocrx_word' id='word_1_72' title='bbox 621 1088 836 1123; x_wconf 87' lang='lat' dir='ltr'>accensus,</span> <span class='ocrx_word' id='word_1_73' title='bbox 853 1091 937 1116; x_wconf 91' lang='lat' dir='ltr'>non</span> <span class='ocrx_word' id='word_1_74' title='bbox 955 1076 1110 1119; x_wconf 86' lang='lat' dir='ltr'>mereri</span> <span class='ocrx_word' id='word_1_75' title='bbox 1126 1075 1235 1116; x_wconf 82' lang='lat' dir='ltr'>hanc</span> <span class='ocrx_word' id='word_1_76' title='bbox 1253 1091 1277 1116; x_wconf 89' lang='lat' dir='ltr'>a</span> <span class='ocrx_word' id='word_1_77' title='bbox 1295 1075 1467 1131; x_wconf 66' lang='lat' dir='ltr'>Synodo</span> <span class='ocrx_word' id='word_1_78' title='bbox 1483 1076 1801 1130; x_wconf 83' lang='lat' dir='ltr'>responsionem</span> 
     </span>
     <span class='ocr_line' id='line_1_12' title="bbox 348 1147 1801 1206; baseline 0.001 -18"><span class='ocrx_word' id='word_1_79' title='bbox 348 1147 515 1203; x_wconf 83' lang='lat' dir='ltr'>Regem</span> <span class='ocrx_word' id='word_1_80' title='bbox 549 1163 678 1189; x_wconf 88' lang='lat' dir='ltr'>suum</span> <span class='ocrx_word' id='word_1_81' title='bbox 711 1149 947 1205; x_wconf 82' lang='lat' dir='ltr'>respondit,</span> <span class='ocrx_word' id='word_1_82' title='bbox 973 1150 1061 1206; x_wconf 89' lang='lat' dir='ltr'>qui,</span> <span class='ocrx_word' id='word_1_83' title='bbox 1083 1149 1229 1205; x_wconf 85' lang='lat' dir='ltr'>Regni</span> <span class='ocrx_word' id='word_1_84' title='bbox 1251 1149 1420 1189; x_wconf 79' lang='lat' dir='ltr'>viribus</span> <span class='ocrx_word' id='word_1_85' title='bbox 1453 1148 1691 1197; x_wconf 80' lang='lat' dir='ltr'>exhaustis,</span> <span class='ocrx_word' id='word_1_86' title='bbox 1714 1164 1801 1189; x_wconf 92' lang='lat' dir='ltr'>om-</span> 
     </span>
     <span class='ocr_line' id='line_1_13' title="bbox 346 1220 1802 1278; baseline 0.002 -19"><span class='ocrx_word' id='word_1_87' title='bbox 346 1220 465 1260; x_wconf 90' lang='lat' dir='ltr'>nium</span> <span class='ocrx_word' id='word_1_88' title='bbox 489 1221 654 1262; x_wconf 86' lang='lat' dir='ltr'>auxilio</span> <span class='ocrx_word' id='word_1_89' title='bbox 675 1221 927 1271; x_wconf 86' lang='lat' dir='ltr'>destitutus,</span> <span class='ocrx_word' id='word_1_90' title='bbox 956 1223 1051 1278; x_wconf 92' lang='lat' dir='ltr'>ipso</span> <span class='ocrx_word' id='word_1_91' title='bbox 1077 1222 1345 1263; x_wconf 77' lang='lat' dir='ltr'>necessitatis</span> <span class='ocrx_word' id='word_1_92' title='bbox 1364 1221 1521 1276; x_wconf 88' lang='lat' dir='ltr'>laqueo</span> <span class='ocrx_word' id='word_1_93' title='bbox 1543 1228 1802 1278; x_wconf 85' lang='lat' dir='ltr'>pertractus,</span> 
     </span>
     <span class='ocr_line' id='line_1_14' title="bbox 348 1294 1803 1351; baseline 0.001 -18"><span class='ocrx_word' id='word_1_94' title='bbox 348 1294 488 1334; x_wconf 61' lang='lat' dir='ltr'>multa</span> <span class='ocrx_word' id='word_1_95' title='bbox 523 1295 653 1335; x_wconf 88' lang='lat' dir='ltr'>etiam</span> <span class='ocrx_word' id='word_1_96' title='bbox 686 1310 761 1350; x_wconf 85' lang='lat' dir='ltr'>spe</span> <span class='ocrx_word' id='word_1_97' title='bbox 798 1295 991 1343; x_wconf 82' lang='lat' dir='ltr'>allectus,</span> <span class='ocrx_word' id='word_1_98' title='bbox 1012 1295 1093 1336; x_wconf 88' lang='lat' dir='ltr'>hac</span> <span class='ocrx_word' id='word_1_99' title='bbox 1122 1297 1290 1336; x_wconf 87' lang='lat' dir='ltr'>ratione</span> <span class='ocrx_word' id='word_1_100' title='bbox 1324 1295 1609 1336; x_wconf 78' lang='lat' dir='ltr'>reluctantem</span> <span class='ocrx_word' id='word_1_101' title='bbox 1648 1295 1803 1351; x_wconf 89' lang='lat' dir='ltr'>populi</span> 
     </span>
     <span class='ocr_line' id='line_1_15' title="bbox 346 1366 1801 1423; baseline 0.003 -17"><span class='ocrx_word' id='word_1_102' title='bbox 346 1366 535 1407; x_wconf 88' lang='lat' dir='ltr'>furorem</span> <span class='ocrx_word' id='word_1_103' title='bbox 568 1367 738 1408; x_wconf 87' lang='lat' dir='ltr'>facilius</span> <span class='ocrx_word' id='word_1_104' title='bbox 771 1368 1057 1409; x_wconf 87' lang='lat' dir='ltr'>coercendum</span> <span class='ocrx_word' id='word_1_105' title='bbox 1088 1375 1221 1423; x_wconf 86' lang='lat' dir='ltr'>atque</span> <span class='ocrx_word' id='word_1_106' title='bbox 1244 1367 1299 1408; x_wconf 87' lang='lat' dir='ltr'>ad</span> <span class='ocrx_word' id='word_1_107' title='bbox 1332 1368 1519 1408; x_wconf 83' lang='lat' dir='ltr'>officium</span> <span class='ocrx_word' id='word_1_108' title='bbox 1554 1383 1645 1409; x_wconf 89' lang='lat' dir='ltr'>esse</span> <span class='ocrx_word' id='word_1_109' title='bbox 1679 1384 1801 1410; x_wconf 84' lang='lat' dir='ltr'>revo-</span> 
     </span>
     <span class='ocr_line' id='line_1_16' title="bbox 347 1439 1803 1497; baseline 0.002 -18"><span class='ocrx_word' id='word_1_110' title='bbox 347 1439 536 1480; x_wconf 87' lang='lat' dir='ltr'>candum</span> <span class='ocrx_word' id='word_1_111' title='bbox 572 1440 615 1479; x_wconf 90' lang='lat' dir='ltr'>in</span> <span class='ocrx_word' id='word_1_112' title='bbox 651 1440 729 1481; x_wconf 92' lang='lat' dir='ltr'>hoc</span> <span class='ocrx_word' id='word_1_113' title='bbox 765 1440 910 1482; x_wconf 85' lang='lat' dir='ltr'>foedus</span> <span class='ocrx_word' id='word_1_114' title='bbox 940 1440 1240 1481; x_wconf 86' lang='lat' dir='ltr'>descendisset.</span> <span class='ocrx_word' id='word_1_115' title='bbox 1304 1440 1389 1481; x_wconf 82' lang='lat' dir='ltr'>Vix</span> <span class='ocrx_word' id='word_1_116' title='bbox 1421 1456 1518 1481; x_wconf 91' lang='lat' dir='ltr'>eum</span> <span class='ocrx_word' id='word_1_117' title='bbox 1551 1448 1639 1482; x_wconf 85' lang='lat' dir='ltr'>tam</span> <span class='ocrx_word' id='word_1_118' title='bbox 1672 1442 1803 1497; x_wconf 88' lang='lat' dir='ltr'>longo</span> 
     </span>
     <span class='ocr_line' id='line_1_17' title="bbox 347 1514 1804 1569; baseline 0.001 -15"><span class='ocrx_word' id='word_1_119' title='bbox 347 1515 488 1569; x_wconf 90' lang='lat' dir='ltr'>spatio</span> <span class='ocrx_word' id='word_1_120' title='bbox 521 1515 662 1554; x_wconf 88' lang='lat' dir='ltr'>aureis</span> <span class='ocrx_word' id='word_1_121' title='bbox 699 1514 821 1553; x_wconf 73' lang='lat' dir='ltr'>lOOm¹</span> <span class='ocrx_word' id='word_1_122' title='bbox 857 1529 882 1554; x_wconf 85' lang='lat' dir='ltr'>a</span> <span class='ocrx_word' id='word_1_123' title='bbox 915 1515 991 1554; x_wconf 54' lang='grc' dir='ltr'>ΞΜ</span> <span class='ocrx_word' id='word_1_124' title='bbox 1022 1514 1078 1553; x_wconf 89' lang='lat' dir='ltr'>D.</span> <span class='ocrx_word' id='word_1_125' title='bbox 1104 1515 1178 1561; x_wconf 69' lang='lat' dir='ltr'>N„</span> <span class='ocrx_word' id='word_1_126' title='bbox 1207 1521 1251 1554; x_wconf 89' lang='lat' dir='ltr'>et</span> <span class='ocrx_word' id='word_1_127' title='bbox 1283 1514 1463 1555; x_wconf 89' lang='lat' dir='ltr'>totidem</span> <span class='ocrx_word' id='word_1_128' title='bbox 1494 1530 1519 1555; x_wconf 86' lang='lat' dir='ltr'>a</span> <span class='ocrx_word' id='word_1_129' title='bbox 1544 1515 1739 1563; x_wconf 74' lang='lat' dir='ltr'>Venetis,</span> <span class='ocrx_word' id='word_1_130' title='bbox 1779 1531 1804 1556; x_wconf 82' lang='lat' dir='ltr'>a</span> 
     </span>
     <span class='ocr_line' id='line_1_18' title="bbox 347 1585 1801 1643; baseline 0.001 -17"><span class='ocrx_word' id='word_1_131' title='bbox 347 1585 472 1641; x_wconf 85' lang='lat' dir='ltr'>Rege</span> <span class='ocrx_word' id='word_1_132' title='bbox 510 1593 656 1626; x_wconf 89' lang='lat' dir='ltr'>autem</span> <span class='ocrx_word' id='word_1_133' title='bbox 691 1585 921 1626; x_wconf 85' lang='lat' dir='ltr'>Catholico</span> <span class='ocrx_word' id='word_1_134' title='bbox 961 1586 1091 1642; x_wconf 87' lang='lat' dir='ltr'>longe</span> <span class='ocrx_word' id='word_1_135' title='bbox 1133 1586 1308 1641; x_wconf 91' lang='lat' dir='ltr'>quidem</span> <span class='ocrx_word' id='word_1_136' title='bbox 1343 1586 1561 1641; x_wconf 78' lang='lat' dir='ltr'>pluribUS,</span> <span class='ocrx_word' id='word_1_137' title='bbox 1598 1587 1801 1643; x_wconf 86' lang='lat' dir='ltr'>adjutum</span> 
     </span>
     <span class='ocr_line' id='line_1_19' title="bbox 348 1657 1803 1704; baseline 0.002 -7"><span class='ocrx_word' id='word_1_138' title='bbox 348 1657 493 1704; x_wconf 84' lang='lat' dir='ltr'>fuisse,</span> <span class='ocrx_word' id='word_1_139' title='bbox 523 1657 598 1698; x_wconf 90' lang='lat' dir='ltr'>sed</span> <span class='ocrx_word' id='word_1_140' title='bbox 633 1671 726 1698; x_wconf 89' lang='lat' dir='ltr'>sero</span> <span class='ocrx_word' id='word_1_141' title='bbox 762 1657 999 1698; x_wconf 84' lang='lat' dir='ltr'>admodum</span> <span class='ocrx_word' id='word_1_142' title='bbox 1035 1659 1179 1699; x_wconf 81' lang='lat' dir='ltr'>onmia</span> <span class='ocrx_word' id='word_1_143' title='bbox 1211 1658 1449 1700; x_wconf 82' lang='lat' dir='ltr'>accessisse.</span> <span class='ocrx_word' id='word_1_144' title='bbox 1514 1659 1667 1699; x_wconf 84' lang='lat' dir='ltr'>Gallos</span> <span class='ocrx_word' id='word_1_145' title='bbox 1700 1674 1803 1700; x_wconf 91' lang='lat' dir='ltr'>vero</span> 
     </span>
     <span class='ocr_line' id='line_1_20' title="bbox 348 1730 1802 1787; baseline 0.003 -17"><span class='ocrx_word' id='word_1_146' title='bbox 348 1735 436 1772; x_wconf 87' lang='lat' dir='ltr'>tam</span> <span class='ocrx_word' id='word_1_147' title='bbox 471 1730 546 1771; x_wconf 93' lang='lat' dir='ltr'>diu</span> <span class='ocrx_word' id='word_1_148' title='bbox 581 1730 636 1771; x_wconf 89' lang='lat' dir='ltr'>ab</span> <span class='ocrx_word' id='word_1_149' title='bbox 668 1730 747 1771; x_wconf 87' lang='lat' dir='ltr'>hac</span> <span class='ocrx_word' id='word_1_150' title='bbox 779 1738 927 1771; x_wconf 87' lang='lat' dir='ltr'>saneta</span> <span class='ocrx_word' id='word_1_151' title='bbox 960 1731 1136 1787; x_wconf 68' lang='lat' dir='ltr'>Synodo</span> <span class='ocrx_word' id='word_1_152' title='bbox 1169 1732 1322 1772; x_wconf 86' lang='lat' dir='ltr'>seriam</span> <span class='ocrx_word' id='word_1_153' title='bbox 1352 1732 1698 1773; x_wconf 82' lang='lat' dir='ltr'>reformationem</span> <span class='ocrx_word' id='word_1_154' title='bbox 1730 1748 1802 1774; x_wconf 89' lang='lat' dir='ltr'>ex-</span> 
     </span>
     <span class='ocr_line' id='line_1_21' title="bbox 348 1803 1800 1860; baseline 0.003 -17"><span class='ocrx_word' id='word_1_155' title='bbox 348 1809 534 1859; x_wconf 84' lang='lat' dir='ltr'>optasse,</span> <span class='ocrx_word' id='word_1_156' title='bbox 557 1810 601 1844; x_wconf 88' lang='lat' dir='ltr'>et</span> <span class='ocrx_word' id='word_1_157' title='bbox 630 1803 740 1844; x_wconf 85' lang='lat' dir='ltr'>nihil</span> <span class='ocrx_word' id='word_1_158' title='bbox 773 1803 915 1844; x_wconf 86' lang='lat' dir='ltr'>adhuc</span> <span class='ocrx_word' id='word_1_159' title='bbox 948 1804 1003 1845; x_wconf 87' lang='lat' dir='ltr'>ab</span> <span class='ocrx_word' id='word_1_160' title='bbox 1032 1820 1084 1845; x_wconf 88' lang='lat' dir='ltr'>ea</span> <span class='ocrx_word' id='word_1_161' title='bbox 1115 1806 1363 1860; x_wconf 83' lang='lat' dir='ltr'>praestitum</span> <span class='ocrx_word' id='word_1_162' title='bbox 1394 1805 1537 1846; x_wconf 85' lang='lat' dir='ltr'>fuisse.</span> <span class='ocrx_word' id='word_1_163' title='bbox 1600 1805 1674 1847; x_wconf 93' lang='lat' dir='ltr'>Ad</span> <span class='ocrx_word' id='word_1_164' title='bbox 1694 1806 1800 1853; x_wconf 87' lang='lat' dir='ltr'>haec,</span> 
     </span>
     <span class='ocr_line' id='line_1_22' title="bbox 347 1877 1802 1933; baseline 0.003 -17"><span class='ocrx_word' id='word_1_165' title='bbox 347 1892 443 1916; x_wconf 89' lang='lat' dir='ltr'>cum</span> <span class='ocrx_word' id='word_1_166' title='bbox 478 1877 551 1917; x_wconf 87' lang='lat' dir='ltr'>alii</span> <span class='ocrx_word' id='word_1_167' title='bbox 583 1878 737 1918; x_wconf 83' lang='lat' dir='ltr'>Patres</span> <span class='ocrx_word' id='word_1_168' title='bbox 770 1877 858 1918; x_wconf 86' lang='lat' dir='ltr'>alia</span> <span class='ocrx_word' id='word_1_169' title='bbox 891 1877 1227 1933; x_wconf 88' lang='lat' dir='ltr'>respondissent,</span> <span class='ocrx_word' id='word_1_170' title='bbox 1262 1885 1320 1926; x_wconf 83' lang='lat' dir='ltr'>et,</span> <span class='ocrx_word' id='word_1_171' title='bbox 1355 1879 1468 1919; x_wconf 90' lang='lat' dir='ltr'>inter</span> <span class='ocrx_word' id='word_1_172' title='bbox 1498 1885 1688 1928; x_wconf 78' lang='lat' dir='ltr'>caeteros,</span> <span class='ocrx_word' id='word_1_173' title='bbox 1721 1879 1802 1920; x_wconf 88' lang='lat' dir='ltr'>Os-</span> 
     </span>
     <span class='ocr_line' id='line_1_23' title="bbox 349 1951 1804 2009; baseline 0.003 -19"><span class='ocrx_word' id='word_1_174' title='bbox 349 1951 543 1991; x_wconf 87' lang='lat' dir='ltr'>tunensis</span> <span class='ocrx_word' id='word_1_175' title='bbox 565 1951 713 1992; x_wconf 90' lang='lat' dir='ltr'>mitius</span> <span class='ocrx_word' id='word_1_176' title='bbox 746 1952 789 1991; x_wconf 88' lang='lat' dir='ltr'>in</span> <span class='ocrx_word' id='word_1_177' title='bbox 819 1951 899 1992; x_wconf 88' lang='lat' dir='ltr'>hac</span> <span class='ocrx_word' id='word_1_178' title='bbox 931 1967 976 1992; x_wconf 89' lang='lat' dir='ltr'>re</span> <span class='ocrx_word' id='word_1_179' title='bbox 1013 1952 1231 2007; x_wconf 86' lang='lat' dir='ltr'>agendum</span> <span class='ocrx_word' id='word_1_180' title='bbox 1265 1967 1355 1992; x_wconf 90' lang='lat' dir='ltr'>esse</span> <span class='ocrx_word' id='word_1_181' title='bbox 1383 1951 1577 2000; x_wconf 83' lang='lat' dir='ltr'>dixisset,</span> <span class='ocrx_word' id='word_1_182' title='bbox 1601 1953 1804 2009; x_wconf 89' lang='lat' dir='ltr'>exemplo</span> 
     </span>
     <span class='ocr_line' id='line_1_24' title="bbox 347 2023 1805 2081; baseline 0.003 -19"><span class='ocrx_word' id='word_1_183' title='bbox 347 2023 656 2072; x_wconf 85' lang='lat' dir='ltr'>Romanorum,</span> <span class='ocrx_word' id='word_1_184' title='bbox 691 2039 776 2079; x_wconf 92' lang='lat' dir='ltr'>quo</span> <span class='ocrx_word' id='word_1_185' title='bbox 813 2032 1007 2081; x_wconf 89' lang='lat' dir='ltr'>tempore</span> <span class='ocrx_word' id='word_1_186' title='bbox 1042 2026 1276 2067; x_wconf 85' lang='lat' dir='ltr'>Terentius</span> <span class='ocrx_word' id='word_1_187' title='bbox 1309 2025 1448 2066; x_wconf 81' lang='lat' dir='ltr'>Varro</span> <span class='ocrx_word' id='word_1_188' title='bbox 1485 2026 1720 2067; x_wconf 87' lang='lat' dir='ltr'>exercitum</span> <span class='ocrx_word' id='word_1_189' title='bbox 1760 2027 1805 2066; x_wconf 92' lang='lat' dir='ltr'>in</span> 
     </span>
     <span class='ocr_line' id='line_1_25' title="bbox 351 2096 1803 2156; baseline 0.003 -20"><span class='ocrx_word' id='word_1_190' title='bbox 351 2096 569 2137; x_wconf 85' lang='lat' dir='ltr'>Cannensi</span> <span class='ocrx_word' id='word_1_191' title='bbox 602 2098 752 2153; x_wconf 77' lang='lat' dir='ltr'>praelio</span> <span class='ocrx_word' id='word_1_192' title='bbox 788 2098 957 2149; x_wconf 79' lang='lat' dir='ltr'>amisit3</span> <span class='ocrx_word' id='word_1_193' title='bbox 1001 2114 1086 2140; x_wconf 92' lang='lat' dir='ltr'>non</span> <span class='ocrx_word' id='word_1_194' title='bbox 1131 2100 1243 2140; x_wconf 89' lang='lat' dir='ltr'>enim</span> <span class='ocrx_word' id='word_1_195' title='bbox 1285 2115 1385 2140; x_wconf 88' lang='lat' dir='ltr'>eum</span> <span class='ocrx_word' id='word_1_196' title='bbox 1429 2101 1575 2141; x_wconf 88' lang='lat' dir='ltr'>verbis</span> <span class='ocrx_word' id='word_1_197' title='bbox 1611 2100 1803 2156; x_wconf 85' lang='lat' dir='ltr'>affiigen-</span> 
     </span>
     <span class='ocr_line' id='line_1_26' title="bbox 348 2169 1803 2230; baseline 0.003 -21"><span class='ocrx_word' id='word_1_198' title='bbox 348 2169 466 2217; x_wconf 89' lang='lat' dir='ltr'>dum,</span> <span class='ocrx_word' id='word_1_199' title='bbox 483 2170 559 2210; x_wconf 91' lang='lat' dir='ltr'>sed</span> <span class='ocrx_word' id='word_1_200' title='bbox 579 2172 727 2226; x_wconf 87' lang='lat' dir='ltr'>potius</span> <span class='ocrx_word' id='word_1_201' title='bbox 747 2172 1032 2213; x_wconf 89' lang='lat' dir='ltr'>consolatione</span> <span class='ocrx_word' id='word_1_202' title='bbox 1055 2172 1293 2213; x_wconf 86' lang='lat' dir='ltr'>levandum</span> <span class='ocrx_word' id='word_1_203' title='bbox 1312 2181 1574 2215; x_wconf 88' lang='lat' dir='ltr'>censuerunt</span> <span class='ocrx_word' id='word_1_204' title='bbox 1591 2190 1598 2213; x_wconf 90' lang='lat'>:</span> <span class='ocrx_word' id='word_1_205' title='bbox 1628 2173 1803 2230; x_wconf 89' lang='lat' dir='ltr'>quidam</span> 
     </span>
     <span class='ocr_line' id='line_1_27' title="bbox 349 2242 1803 2298; baseline 0.003 -17"><span class='ocrx_word' id='word_1_206' title='bbox 349 2257 452 2283; x_wconf 79' lang='lat' dir='ltr'>vero</span> <span class='ocrx_word' id='word_1_207' title='bbox 473 2242 559 2284; x_wconf 90' lang='lat' dir='ltr'>imo</span> <span class='ocrx_word' id='word_1_208' title='bbox 591 2244 759 2298; x_wconf 84' lang='lat' dir='ltr'>Regem</span> <span class='ocrx_word' id='word_1_209' title='bbox 789 2245 944 2284; x_wconf 85' lang='lat' dir='ltr'>acriter</span> <span class='ocrx_word' id='word_1_210' title='bbox 967 2244 1300 2293; x_wconf 80' lang='lat' dir='ltr'>admonendum,</span> <span class='ocrx_word' id='word_1_211' title='bbox 1318 2260 1396 2285; x_wconf 89' lang='lat' dir='ltr'>nec</span> <span class='ocrx_word' id='word_1_212' title='bbox 1417 2260 1506 2285; x_wconf 93' lang='lat' dir='ltr'>rem</span> <span class='ocrx_word' id='word_1_213' title='bbox 1530 2245 1637 2286; x_wconf 90' lang='lat' dir='ltr'>adeo</span> <span class='ocrx_word' id='word_1_214' title='bbox 1659 2245 1803 2286; x_wconf 89' lang='lat' dir='ltr'>Chris-</span> 
     </span>
     <span class='ocr_line' id='line_1_28' title="bbox 349 2316 1803 2373; baseline 0 -15"><span class='ocrx_word' id='word_1_215' title='bbox 349 2318 481 2358; x_wconf 81' lang='lat' dir='ltr'>tianae</span> <span class='ocrx_word' id='word_1_216' title='bbox 503 2317 776 2372; x_wconf 61' lang='lat' dir='ltr'>Reipublicae</span> <span class='ocrx_word' id='word_1_217' title='bbox 794 2317 1078 2373; x_wconf 85' lang='lat' dir='ltr'>perniciosam</span> <span class='ocrx_word' id='word_1_218' title='bbox 1099 2332 1124 2357; x_wconf 88' lang='lat' dir='ltr'>a</span> <span class='ocrx_word' id='word_1_219' title='bbox 1146 2316 1319 2372; x_wconf 81' lang='lat' dir='ltr'>Synodo</span> <span class='ocrx_word' id='word_1_220' title='bbox 1335 2316 1693 2358; x_wconf 85' lang='lat' dir='ltr'>dissimulandam</span> <span class='ocrx_word' id='word_1_221' title='bbox 1711 2332 1803 2359; x_wconf 87' lang='lat' dir='ltr'>csse</span> 
     </span>
     <span class='ocr_line' id='line_1_29' title="bbox 349 2388 1802 2445; baseline 0 -15"><span class='ocrx_word' id='word_1_222' title='bbox 349 2390 682 2439; x_wconf 73' lang='lat' dir='ltr'>contenderent,</span> <span class='ocrx_word' id='word_1_223' title='bbox 715 2404 870 2444; x_wconf 91' lang='lat' dir='ltr'>resque</span> <span class='ocrx_word' id='word_1_224' title='bbox 905 2388 1003 2430; x_wconf 90' lang='lat' dir='ltr'>ideo</span> <span class='ocrx_word' id='word_1_225' title='bbox 1044 2404 1181 2445; x_wconf 86' lang='lat' dir='ltr'>prope</span> <span class='ocrx_word' id='word_1_226' title='bbox 1218 2389 1533 2444; x_wconf 86' lang='lat' dir='ltr'>perduceretur</span> <span class='ocrx_word' id='word_1_227' title='bbox 1564 2390 1609 2430; x_wconf 89' lang='lat' dir='ltr'>in</span> <span class='ocrx_word' id='word_1_228' title='bbox 1640 2389 1802 2445; x_wconf 89' lang='lat' dir='ltr'>discep-</span> 
     </span>
     <span class='ocr_line' id='line_1_30' title="bbox 350 2461 1805 2518; baseline -0.001 -14"><span class='ocrx_word' id='word_1_229' title='bbox 350 2464 587 2504; x_wconf 86' lang='lat' dir='ltr'>tationem:</span> <span class='ocrx_word' id='word_1_230' title='bbox 621 2469 715 2503; x_wconf 89' lang='lat' dir='ltr'>tum</span> <span class='ocrx_word' id='word_1_231' title='bbox 739 2463 901 2503; x_wconf 86' lang='lat' dir='ltr'>Orator</span> <span class='ocrx_word' id='word_1_232' title='bbox 931 2462 1258 2510; x_wconf 86' lang='lat' dir='ltr'>Sabaudiensis,</span> <span class='ocrx_word' id='word_1_233' title='bbox 1284 2478 1368 2503; x_wconf 91' lang='lat' dir='ltr'>non</span> <span class='ocrx_word' id='word_1_234' title='bbox 1399 2477 1490 2503; x_wconf 90' lang='lat' dir='ltr'>esse</span> <span class='ocrx_word' id='word_1_235' title='bbox 1521 2461 1588 2503; x_wconf 85' lang='lat' dir='ltr'>his</span> <span class='ocrx_word' id='word_1_236' title='bbox 1615 2462 1805 2518; x_wconf 84' lang='lat' dir='ltr'>amplius</span> 
     </span>
     <span class='ocr_line' id='line_1_31' title="bbox 347 2535 1804 2592; baseline 0 -16"><span class='ocrx_word' id='word_1_237' title='bbox 347 2544 608 2578; x_wconf 88' lang='lat' dir='ltr'>conventum</span> <span class='ocrx_word' id='word_1_238' title='bbox 644 2536 826 2577; x_wconf 89' lang='lat' dir='ltr'>Patrum</span> <span class='ocrx_word' id='word_1_239' title='bbox 863 2535 1168 2584; x_wconf 83' lang='lat' dir='ltr'>exercendum,</span> <span class='ocrx_word' id='word_1_240' title='bbox 1190 2535 1325 2585; x_wconf 82' lang='lat' dir='ltr'>dixit3</span> <span class='ocrx_word' id='word_1_241' title='bbox 1369 2535 1448 2577; x_wconf 88' lang='lat' dir='ltr'>has</span> <span class='ocrx_word' id='word_1_242' title='bbox 1479 2536 1624 2591; x_wconf 89' lang='lat' dir='ltr'>potius</span> <span class='ocrx_word' id='word_1_243' title='bbox 1659 2536 1804 2592; x_wconf 87' lang='lat' dir='ltr'>Lega-</span> 
     </span>
     <span class='ocr_line' id='line_1_32' title="bbox 349 2607 1801 2664; baseline -0.001 -15"><span class='ocrx_word' id='word_1_244' title='bbox 349 2616 491 2649; x_wconf 88' lang='lat' dir='ltr'>torum</span> <span class='ocrx_word' id='word_1_245' title='bbox 522 2624 610 2650; x_wconf 88' lang='lat' dir='ltr'>una</span> <span class='ocrx_word' id='word_1_246' title='bbox 639 2623 735 2649; x_wconf 90' lang='lat' dir='ltr'>cum</span> <span class='ocrx_word' id='word_1_247' title='bbox 767 2607 1055 2664; x_wconf 88' lang='lat' dir='ltr'>Lotharingio</span> <span class='ocrx_word' id='word_1_248' title='bbox 1088 2615 1131 2649; x_wconf 91' lang='lat' dir='ltr'>et</span> <span class='ocrx_word' id='word_1_249' title='bbox 1162 2607 1412 2649; x_wconf 85' lang='lat' dir='ltr'>Madruceio</span> <span class='ocrx_word' id='word_1_250' title='bbox 1442 2616 1590 2664; x_wconf 88' lang='lat' dir='ltr'>partes</span> <span class='ocrx_word' id='word_1_251' title='bbox 1616 2608 1801 2654; x_wconf 85' lang='lat' dir='ltr'>futuras,</span> 
     </span>
     <span class='ocr_line' id='line_1_33' title="bbox 350 2680 1798 2737; baseline 0.001 -17"><span class='ocrx_word' id='word_1_252' title='bbox 350 2681 425 2735; x_wconf 91' lang='lat' dir='ltr'>qui</span> <span class='ocrx_word' id='word_1_253' title='bbox 457 2688 767 2736; x_wconf 85' lang='lat' dir='ltr'>congruentem</span> <span class='ocrx_word' id='word_1_254' title='bbox 801 2680 901 2721; x_wconf 90' lang='lat' dir='ltr'>huic</span> <span class='ocrx_word' id='word_1_255' title='bbox 936 2682 1223 2722; x_wconf 89' lang='lat' dir='ltr'>OEcumenico</span> <span class='ocrx_word' id='word_1_256' title='bbox 1252 2680 1447 2722; x_wconf 88' lang='lat' dir='ltr'>Concilio</span> <span class='ocrx_word' id='word_1_257' title='bbox 1478 2681 1798 2737; x_wconf 87' lang='lat' dir='ltr'>responsionem</span> 
     </span>
     <span class='ocr_line' id='line_1_34' title="bbox 350 2753 1799 2810; baseline 0.001 -18"><span class='ocrx_word' id='word_1_258' title='bbox 350 2767 428 2806; x_wconf 90' lang='lat' dir='ltr'>pro</span> <span class='ocrx_word' id='word_1_259' title='bbox 450 2754 683 2809; x_wconf 87' lang='lat' dir='ltr'>prudentia</span> <span class='ocrx_word' id='word_1_260' title='bbox 704 2770 783 2795; x_wconf 89' lang='lat' dir='ltr'>sua</span> <span class='ocrx_word' id='word_1_261' title='bbox 803 2756 1052 2810; x_wconf 83' lang='lat' dir='ltr'>excogitent</span> <span class='ocrx_word' id='word_1_262' title='bbox 1069 2771 1078 2804; x_wconf 88' lang='lat'>;</span> <span class='ocrx_word' id='word_1_263' title='bbox 1114 2754 1233 2810; x_wconf 89' lang='lat' dir='ltr'>quod</span> <span class='ocrx_word' id='word_1_264' title='bbox 1255 2762 1298 2795; x_wconf 88' lang='lat' dir='ltr'>ct</span> <span class='ocrx_word' id='word_1_265' title='bbox 1321 2770 1346 2794; x_wconf 89' lang='lat' dir='ltr'>a</span> <span class='ocrx_word' id='word_1_266' title='bbox 1366 2755 1529 2796; x_wconf 88' lang='lat' dir='ltr'>caeteris</span> <span class='ocrx_word' id='word_1_267' title='bbox 1550 2755 1696 2796; x_wconf 90' lang='lat' dir='ltr'>statim</span> <span class='ocrx_word' id='word_1_268' title='bbox 1718 2753 1799 2794; x_wconf 87' lang='lat' dir='ltr'>fuit</span> 
     </span>
    </p>
   </div>
   <div class='ocr_carea' id='block_1_3' title="bbox 808 2844 1354 2884">
    <p class='ocr_par' dir='ltr' id='par_1_3' title="bbox 808 2844 1354 2884">
     <span class='ocr_line' id='line_1_35' title="bbox 808 2844 1354 2884; baseline 0 -10"><span class='ocrx_word' id='word_1_269' title='bbox 808 2844 815 2862; x_wconf 75' lang='lat'>¹</span> <span class='ocrx_word' id='word_1_270' title='bbox 843 2846 978 2875; x_wconf 81' lang='lat' dir='ltr'>Centum</span> <span class='ocrx_word' id='word_1_271' title='bbox 995 2845 1149 2875; x_wconf 87' lang='lat' dir='ltr'>millibus.</span> <span class='ocrx_word' id='word_1_272' title='bbox 1198 2845 1354 2884; x_wconf 79' lang='lat' dir='ltr'>Raynald.</span> 
     </span>
    </p>
   </div>
   <div class='ocr_carea' id='block_1_4' title="bbox 1859 532 1905 3254">
    <p class='ocr_par' dir='ltr' id='par_1_4' title="bbox 1859 532 1905 3254">
     <span class='ocr_line' id='line_1_36' title="bbox 1859 532 1905 3254; baseline 0 0"><span class='ocrx_word' id='word_1_273' title='bbox 1859 532 1905 3254; x_wconf 95' lang='lat' dir='ltr'> </span> 
     </span>
    </p>
   </div>
  </div>
 </body>
</html>
