1905 3254
684 293 792 323 sess.
816 292 892 322 vn.
1429 276 1514 317 419

57 397 178 439 nulla
198 403 445 453 temporum
466 398 636 454 injuria,
665 405 742 439 aut
762 398 986 440 hominum
1008 398 1227 439 oblivione
1249 404 1328 438 aut
1357 397 1510 438 desue-

59 470 223 519 tudine,
245 470 483 511 aboleatur.

116 544 345 599 Proposito
367 544 575 585 Patribus
606 543 684 586 hoc
705 544 893 593 decreto,
915 560 1012 585 cum
1035 545 1154 585 varie
1178 545 1233 585 ab
1255 545 1317 585 eis
1337 559 1511 601 respon-

60 631 154 656 sum
187 615 352 663 fuisset,
388 631 464 658 nos
496 631 548 658 ea
579 623 765 664 tantum,
800 632 901 673 quae
926 617 1038 657 clare
1069 617 1272 672 colligere
1304 624 1404 658 tunc
1437 632 1511 672 po-

63 689 244 740 tuimus,
266 689 442 731 veritati
464 689 691 731 studentes
711 689 897 731 fideliter
918 690 962 730 in
983 690 1176 745 presenti
1198 690 1493 746 subjiciemus.

118 761 683 819 Lotharingius—Terrent
702 778 783 810 me,
806 763 974 811 Patres,
998 763 1152 804 acerba
1165 762 1391 818 supplicia,
1414 777 1513 818 quae

60 834 191 875 sacris
218 835 380 877 Literis
411 836 455 877 in
488 851 560 877 eos
591 837 826 877 constituta
855 836 1056 892 legimus,
1080 835 1156 890 qui
1177 849 1280 875 oves
1309 835 1394 875 sibi
1427 850 1514 875 cre—

61 908 174 950 ditas
210 909 454 966 negligunt,
492 925 589 951 cum
632 916 675 951 et
715 909 915 950 idolatria
950 915 993 949 ct
1033 908 1245 964 dispersio
1285 909 1432 965 gregis
1472 915 1518 950 et

61 984 266 1039 luporum
296 984 535 1033 devoratio,
573 991 617 1025 et
652 984 738 1024 alia
777 983 928 1030 multa,
970 983 1072 1023 irati
1114 982 1201 1023 Dei
1241 983 1378 1038 signa,
1418 983 1518 1024 hinc

63 1057 397 1099 denuncientur.
459 1059 553 1100 Nos
574 1065 688 1100 certe
712 1059 755 1098 in
780 1057 859 1099 hac
881 1072 1011 1098 causa
1032 1064 1075 1098 et
1098 1057 1309 1098 Judicum
1333 1063 1377 1098 et
1404 1057 1515 1099 Reo-

63 1143 159 1170 rum
192 1136 340 1184 partes
363 1131 548 1186 agimus,
585 1145 669 1184 quo
699 1130 840 1186 magis
873 1128 1132 1173 cavendum,
1169 1144 1221 1169 ne
1254 1129 1297 1169 in
1334 1129 1517 1170 alteram

63 1208 236 1258 partem
258 1201 527 1244 declinemus.
591 1204 735 1259 Atqui
758 1219 855 1244 cum
888 1218 1055 1244 mecum
1079 1202 1221 1257 cogito
1245 1201 1519 1242 Salvatorem

63 1281 255 1316 nostrum
289 1274 444 1316 Jesum
470 1275 693 1317 Christum
728 1277 920 1332 seipsum
954 1276 1148 1316 Pastoris
1179 1275 1350 1315 nomine
1372 1275 1519 1330 appel-

65 1347 192 1393 lasse,
214 1349 313 1403 quis
334 1363 416 1389 non
438 1348 516 1390 hoc
546 1349 629 1389 sibi
664 1364 818 1390 nomen
846 1348 1336 1395 honorificentissimum,
1358 1347 1520 1388 nedum

66 1421 153 1461 vile
175 1436 267 1462 cssc
294 1421 541 1477 judicabit?
604 1423 835 1478 Optassem
871 1422 1046 1478 quidem
1071 1423 1112 1463 in
1134 1422 1305 1463 decreto
1327 1437 1378 1462 ea
1400 1421 1522 1477 prius

66 1495 269 1544 enarrari,
305 1496 468 1551 quibus
504 1496 766 1538 instructum
799 1498 1023 1538 Pastorem
1060 1512 1151 1537 esse
1178 1502 1363 1551 oportet,
1400 1502 1521 1535 antc-

68 1583 198 1624 quam
223 1584 384 1609 munus
395 1568 475 1610 hoc
498 1569 797 1625 aggrediatur.
828 1570 958 1616 Nam,
977 1575 1027 1609 ut
1048 1569 1102 1610 de
1124 1568 1264 1609 Jacob
1289 1569 1444 1609 Genes.
1468 1568 1517 1607 21

68 1640 247 1695 legitur,
282 1641 317 1680 si
345 1641 419 1682 ille
456 1647 621 1682 tantam
647 1656 796 1682 curam
828 1642 974 1682 ovium
1009 1641 1092 1681 sibi
1115 1656 1140 1681 a
1161 1656 1303 1681 socero
1331 1640 1523 1680 commis-

38 1722 41 1725 “
68 1728 214 1755 sarum
236 1714 437 1769 suscepit,
455 1729 543 1769 quo
565 1716 704 1770 major
725 1729 750 1755 a
766 1714 893 1754 nobis
915 1728 1064 1754 earum
1083 1712 1275 1768 gerenda
1295 1713 1391 1761 erit,
1415 1728 1525 1768 quas

72 1786 276 1828 Salvator
316 1794 463 1829 noster
506 1788 718 1843 sanguine
758 1802 835 1828 suo
871 1786 1084 1827 redemit?
1159 1786 1337 1834 Verum,
1380 1791 1430 1827 ut
1470 1784 1526 1825 ad

69 1858 294 1900 decretum
316 1860 532 1909 accedam,
555 1861 677 1901 illius
708 1861 972 1916 principium
995 1866 1123 1900 antea
1144 1858 1250 1899 mihi
1272 1859 1347 1899 vix
1368 1858 1526 1914 proba-

73 1931 220 1981 batur,
244 1933 639 1988 quasimiscentur¹
660 1934 851 1974 humana
873 1933 1057 1982 divinis3
1091 1931 1361 1973 considerans
1382 1938 1527 1972 tamen

73 2007 116 2047 in
144 2006 295 2048 eodem
329 2006 526 2048 Concilio
560 2008 642 2048 sub
665 2007 805 2048 Paulo
835 2007 924 2047 III.
948 2005 1062 2047 idem
1085 2005 1389 2061 significatum,
1413 2005 1528 2045 simi-

74 2079 220 2136 liaque
243 2081 448 2137 exempla
470 2082 512 2121 in
535 2081 670 2122 sacris
702 2080 861 2121 Literis
887 2095 969 2121 non
1003 2080 1162 2126 deesse,
1194 2078 1378 2133 hincque
1399 2078 1530 2133 plane

74 2153 258 2203 ostendi,
295 2155 357 2195 ita
392 2155 434 2195 in
470 2154 667 2195 Ecclesia
698 2169 869 2209 semper
905 2160 1128 2208 receptum
1163 2167 1209 2192 ac
1242 2151 1529 2192 constitutum

75 2227 221 2276 fuisse,
244 2243 329 2269 non
350 2244 526 2286 possum
550 2227 663 2269 illud
683 2243 768 2268 non
787 2227 984 2274 laudare.

133 2299 350 2356 Displicet
372 2308 518 2342 autem
538 2302 679 2357 primo
701 2301 746 2341 id
769 2301 954 2342 verbum
978 2301 1033 2341 ab
1055 2314 1106 2341 ea
1129 2300 1292 2346 abesse,
1327 2298 1531 2353 quoniam

76 2373 112 2414 si
144 2374 242 2430 quis
274 2374 509 2416 Dioeccsim
547 2391 669 2416 suam
712 2377 885 2423 invisat,
927 2389 1012 2414 non
1049 2380 1114 2414 est
1148 2370 1425 2419 accusandus,
1457 2369 1533 2411 sed

77 2446 351 2497 laudandus3
384 2448 503 2503 quod
535 2463 637 2489 vero
668 2449 858 2504 pertinet
890 2447 945 2488 ad
978 2461 1128 2488 causas
1163 2445 1369 2486 absentiae
1401 2444 1533 2485 consi—

79 2517 318 2560 derandum
341 2527 464 2576 putO,
489 2522 689 2576 quamvis
711 2521 746 2561 is
777 2536 858 2576 ego
880 2520 976 2569 sim,
997 2533 1128 2574 quem
1150 2532 1278 2573 spero
1300 2532 1325 2557 a
1346 2516 1534 2557 Domino

81 2592 178 2634 Deo
199 2593 515 2650 adjuvandum,
539 2602 589 2636 ut
607 2595 767 2650 possim
784 2593 993 2634 inservire
1014 2591 1220 2632 Ecclesiae
1244 2605 1366 2639 meae,
1389 2596 1534 2630 tamen

81 2667 212 2708 nolim
237 2674 409 2709 catenas
430 2669 647 2717 manibus,
671 2676 715 2709 et
736 2666 967 2723 compedes
998 2664 1185 2721 pedibus
1215 2664 1535 2720 Episcoporum

82 2740 206 2789 necti,
246 2748 296 2782 ut
327 2742 414 2782 sint
445 2742 507 2783 ita
541 2742 633 2783 loco
668 2742 729 2782 illi
766 2740 944 2788 astricti,
986 2754 1039 2780 ne
1075 2737 1338 2793 quandoque
1372 2737 1537 2793 possint

679 2832 687 2852 ¹
716 2832 858 2866 Miscent,
877 2830 946 2859 MS.

1184 2889 1209 2926 2
1236 2901 1258 2927 ι-;
1282 2888 1307 2926 2
