1905 3254
360 342 444 384 274
992 360 1104 390 sEss.
1131 361 1188 389 w.

422 465 475 506 R.
512 465 568 505 D.
605 466 885 522 Segobiensis
919 465 1040 507 dedit
1075 466 1337 507 Schedulam
1378 467 1542 506 tenoris
1583 465 1816 520 sequentiS‚

365 539 445 581 vlt.
471 539 696 580 Secundus
720 539 889 588 Canon,
913 539 1058 595 quoad
1078 539 1122 580 id
1154 539 1272 595 quod
1301 539 1490 580 adstruit
1518 546 1715 580 sanctum
1737 539 1817 589 Al-

365 612 471 654 taris
490 613 744 653 sacrificium
765 613 909 654 offerri
930 627 1054 668 posse
1072 628 1151 668 pro
1174 613 1267 653 aliis
1288 612 1634 660 necessitatibus.
1653 626 1699 652 ac
1721 626 1819 666 pece

366 685 484 733 catis,
509 692 552 726 et
572 685 716 741 poenis
736 692 1025 742 peccatorum,
1047 685 1292 740 horumque
1320 684 1521 739 sequelis,
1548 698 1636 724 non
1658 683 1818 738 placet,

365 758 519 813 primo,
545 759 650 814 quia
675 773 760 800 non
789 766 934 814 potest
955 758 1133 814 probari
1155 758 1386 812 scriptura,
1409 771 1551 811 neque
1573 754 1818 802 traditione,

367 846 467 887 quae
487 831 688 888 legitima
710 831 888 872 traditio
910 832 989 881 sit3
1011 846 1156 886 neque
1178 830 1412 886 probatum
1433 844 1575 884 neque
1598 836 1819 869 ostensum

366 909 432 944 est
451 918 476 943 a
496 903 736 960 Theologis
755 919 898 959 neque
922 918 947 944 a
966 903 1175 944 Patribus
1251 901 1463 949 Secundo,
1490 901 1595 956 quia
1618 900 1820 941 Christus

365 990 451 1016 non
484 975 660 1017 videtur
690 991 734 1017 se
766 976 978 1017 obtulisse
999 976 1043 1015 in
1068 974 1209 1015 Cruce
1231 989 1310 1029 pro
1333 974 1536 1014 omnibus
1556 973 1821 1014 necessitati-

366 1047 462 1096 bus,
498 1062 599 1103 quae
635 1054 818 1103 possunt
854 1047 1059 1088 accidere.
1122 1046 1286 1093 Tertio,
1321 1045 1427 1100 quia
1465 1045 1709 1100 proximam
1745 1044 1821 1085 dat

365 1121 643 1169 occasionem,
677 1128 722 1163 et
754 1121 924 1163 aditum
958 1122 1113 1177 aperit,
1149 1121 1205 1162 ad
1238 1120 1581 1175 superstitiones.
1644 1120 1823 1160 Tertius
1871 1164 1873 1166 q

367 1193 531 1243 Canon,
554 1202 770 1249 quantum
793 1195 849 1236 ad
868 1194 913 1235 id
939 1194 1057 1250 quod
1083 1194 1200 1243 dicit,
1224 1193 1460 1249 Apostolos
1491 1193 1625 1233 fuisse
1659 1200 1823 1233 creatos

369 1267 622 1308 Sacerdotes
638 1268 681 1308 in
701 1267 842 1309 Coena
861 1268 948 1308 illis
966 1268 1123 1316 verbis,
1156 1268 1256 1308 Hoc
1278 1267 1406 1308 facite
1431 1267 1523 1313 Βία,
1557 1281 1643 1307 non
1665 1265 1820 1321 placet,

366 1340 521 1396 primo,
544 1342 649 1396 quia
668 1355 736 1381 res
757 1340 894 1381 dubia
915 1349 991 1388 est,
1013 1356 1091 1382 nec
1112 1356 1136 1381 a
1153 1341 1390 1396 Theologis
1411 1355 1555 1395 neque
1574 1355 1599 1380 a
1614 1339 1824 1380 Patribus

367 1419 434 1454 est
453 1414 642 1469 perfecte
665 1414 869 1463 discussa,
901 1414 977 1455 sed
1003 1429 1146 1470 neque
1182 1415 1420 1470 proposita,
1453 1422 1504 1455 ut
1538 1415 1824 1456 conciliariter

366 1493 640 1535 tractaretur,
663 1487 716 1528 de
738 1503 855 1529 more
879 1487 1074 1528 Concilii.
1126 1487 1339 1535 Secundo,
1364 1487 1468 1542 quia
1490 1488 1619 1543 pauci
1641 1503 1694 1528 ex
1716 1489 1823 1528 anti-

367 1561 465 1617 quis
481 1567 523 1602 et
541 1561 700 1601 sanctis
722 1561 931 1601 Patribus
950 1560 1029 1600 hoc
1045 1566 1295 1608 tenuerunt,
1317 1575 1459 1615 neque
1481 1559 1687 1600 dixerunt
1703 1577 1713 1610 3
1737 1561 1824 1601 imo

366 1633 496 1674 multi
530 1648 584 1674 ex
616 1633 668 1673 iis
707 1634 798 1673 sine
831 1633 995 1673 ratione
1039 1632 1246 1673 videntur
1279 1632 1503 1672 damnari:
1547 1632 1656 1673 adde
1692 1634 1823 1674 etiam

367 1705 487 1763 quod
519 1713 644 1748 extra
677 1706 820 1746 locum
855 1720 981 1746 suum
1018 1706 1189 1746 omnino
1220 1711 1447 1753 tractatur,
1483 1720 1559 1746 nec
1594 1712 1658 1747 est
1679 1721 1747 1747 res
1770 1705 1826 1747 ad

364 1780 493 1821 finem
527 1780 778 1821 necessaria.
843 1779 957 1820 Item
990 1779 1111 1834 quod
1132 1780 1175 1820 in
1196 1779 1391 1820 doctrina
1423 1779 1596 1828 dicitur,
1618 1795 1696 1835 per
1716 1780 1826 1821 hanc

367 1852 532 1893 Altaris
569 1853 771 1893 Hostiam
807 1859 1136 1900 sacrosanctam,
1172 1859 1215 1893 et
1247 1853 1502 1893 sacrificium
1534 1853 1822 1901 incruentum,

366 1926 510 1966 onmia
530 1926 738 1967 sacrificia
758 1932 928 1966 naturae
951 1932 995 1967 et
1024 1926 1161 1982 Legis
1183 1926 1331 1982 perfici
1353 1932 1395 1967 et
1416 1927 1716 1974 consummari,
1738 1941 1824 1967 non

366 1999 508 2054 placet
525 2015 535 2048 3
570 2006 663 2039 tum
686 1999 789 2055 quia
810 1999 994 2055 derogat
1015 2000 1202 2040 multum
1225 1999 1430 2040 sacrificio
1453 1999 1608 2040 Crucis
1629 2006 1820 2046 cruento,

366 2072 490 2126 cujus
522 2086 645 2112 omne
680 2071 796 2127 quod
828 2072 1046 2126 figuratur
1082 2071 1448 2127 complementum
1485 2072 1583 2120 fuit,
1620 2078 1664 2113 et
1701 2074 1822 2128 cujus

366 2143 487 2184 istud
508 2144 757 2185 venerabile
778 2144 944 2185 Altaris
967 2145 1220 2185 sacrificium
1251 2145 1632 2185 rememorativum
1666 2152 1745 2194 est,
1779 2151 1823 2186 et

368 2229 394 2255 a
422 2231 510 2272 quo
542 2216 632 2256 solo
658 2215 789 2257 habet
811 2216 897 2256 vim
920 2231 1067 2266 suam3
1110 2223 1202 2257 tum
1236 2216 1338 2272 quia
1369 2231 1452 2257 non
1484 2222 1550 2257 est
1582 2217 1822 2272 Scriptura,

366 2303 512 2344 neque
532 2289 732 2345 legitima
754 2289 940 2337 traditio,
964 2304 1063 2345 quae
1085 2289 1164 2330 hoc
1182 2290 1379 2331 affirmet.
1445 2290 1656 2331 Similiter
1678 2290 1820 2332 decre-

367 2368 463 2402 tum
484 2363 745 2404 remissionis
767 2362 821 2403 ad
845 2363 1072 2404 Summum
1095 2363 1352 2404 Pontificem
1379 2377 1513 2419 super
1541 2378 1626 2404 usu
1659 2363 1822 2404 Calicis

366 2435 634 2492 indulgendo
648 2434 958 2476 universaliter
973 2441 1016 2476 et
1038 2436 1128 2476 sine
1144 2436 1415 2484 limitatione,
1431 2451 1517 2476 non
1538 2436 1693 2491 placet,
1715 2436 1822 2492 quia

367 2508 643 2548 manentibus
664 2507 707 2548 in
724 2507 880 2548 haeresi
901 2523 994 2555 sua,
1029 2514 1107 2548 aut
1129 2507 1283 2548 saltem
1311 2508 1484 2548 omnino
1511 2523 1596 2548 non
1623 2507 1819 2549 deseren-

367 2580 487 2621 tibus
519 2596 659 2622 coram
692 2580 799 2621 facie
831 2580 1054 2627 Ecclesiae,
1085 2595 1169 2620 non
1193 2580 1329 2628 video,
1352 2595 1496 2636 neque
1519 2587 1734 2621 ostensum
1757 2588 1821 2622 est

367 2653 422 2693 ab
455 2653 604 2708 aliquo
637 2653 795 2699 Ρειῐιέε,1
818 2668 907 2709 qua
936 2654 1105 2694 ratione
1128 2654 1264 2709 possit
1291 2653 1378 2694 illis
1406 2654 1582 2694 concedi
1604 2669 1710 2695 usus
1734 2654 1818 2695 Ca-

365 2724 479 2775 licis3
513 2725 670 2767 deinde
693 2727 799 2781 quia
820 2726 947 2782 quasi
970 2741 1049 2782 per
1071 2726 1306 2767 violentam
1325 2726 1543 2782 quandam
1559 2727 1816 2783 importuni·
1860 2774 1866 2777 ,

366 2805 500 2839 tatem
522 2805 740 2840 extortum
764 2814 855 2840 esse
878 2799 1067 2840 videtur.

602 2888 610 2905 ¹
637 2888 778 2928 Patmm,
796 2900 857 2920 non
875 2888 977 2927 video,
994 2889 1020 2919 is
1036 2888 1265 2930 superfluously
1281 2889 1386 2920 added
1400 2890 1433 2920 in
1450 2889 1500 2920 the
1518 2890 1588 2920 MS.
