1905 3254
361 324 444 385 580
979 340 1090 369 sess.
1118 339 1195 368 vn.

360 444 548 493 Domini,
592 445 890 501 Evangelium
933 445 1099 500 populo
1142 446 1418 493 annunciant,
1469 445 1817 486 consecrantibus

360 516 656 557 sacerdotibus
689 518 913 565 assistunt,
951 517 1184 557 admonent
1220 517 1435 572 populum
1465 516 1518 557 de
1550 517 1818 557 solemnibus

358 589 518 629 ritibus
550 589 594 629 in
627 590 824 630 Ecclesia
856 589 1165 639 observandis3
1208 588 1373 630 hortari
1411 590 1541 630 etiam
1576 590 1736 631 debent
1769 595 1818 629 ut

358 678 530 703 sursum
567 663 696 704 corda
731 664 904 720 erigant
938 671 1072 719 atque
1094 664 1276 703 orationi
1310 664 1501 704 animum
1541 669 1814 719 praeparent3

359 751 531 777 monere
553 744 769 792 praeterea
791 745 840 778 ut
863 738 940 792 qui
961 737 1168 778 sacrificio
1186 737 1333 777 adesse
1359 736 1494 777 velint
1515 736 1625 776 nihil
1649 735 1817 776 adversi

358 809 474 849 inter
492 824 536 849 se
559 809 762 857 habeant,
787 825 870 850 non
899 810 1062 857 odium,
1084 824 1168 849 non
1201 809 1324 855 iram,
1346 823 1489 863 neque
1523 823 1705 864 pravam
1743 823 1816 849 vo-

357 881 583 929 luntatem,
617 881 695 921 sed
728 889 927 922 mutuam
966 881 1222 921 charitatem
1258 888 1501 922 exerceant.
1566 882 1618 922 In
1657 881 1818 937 guber-

358 954 502 994 nanda
524 969 628 994 vero
650 954 848 995 Ecclesia
871 954 1094 994 assiduum
1117 969 1208 994 esse
1242 953 1374 993 debet
1409 953 1699 994 Diaconorum
1739 955 1818 994 ini-

357 1027 597 1067 nisterium.
661 1027 828 1067 Eorum
851 1034 915 1067 est
938 1026 1051 1067 enim
1077 1027 1350 1081 Episcopum
1381 1025 1694 1081 praedicantem
1727 1041 1819 1067 cus-

358 1100 512 1148 todire,
545 1115 599 1141 ne
637 1107 714 1141 aut
750 1100 1076 1141 insidiatoribus
1111 1100 1270 1154 quovis
1303 1099 1430 1140 modo
1466 1100 1712 1150 infestetur,
1744 1107 1820 1142 aut

351 1173 496 1214 ¹verba
517 1172 665 1214 divina
687 1174 849 1229 jurgiis
872 1180 915 1214 et
948 1172 1344 1214 obtrectationibus
1375 1172 1634 1228 polluantur
1667 1180 1712 1214 ct
1747 1173 1818 1214 de-

358 1246 608 1302 spiciantur.
673 1246 746 1287 Ad
768 1261 839 1286 eos
860 1246 991 1287 etiam
1016 1253 1197 1302 spectat,
1215 1246 1400 1301 jubente
1418 1246 1653 1302 Episcopo,
1675 1247 1819 1302 bapti-

360 1336 458 1362 zare
499 1328 543 1362 ct
584 1322 837 1377 praedicare,
881 1322 1080 1377 publicos
1127 1322 1260 1362 etiam
1303 1321 1568 1376 poenitentes
1608 1322 1819 1363 Ecclesiae

357 1394 647 1441 reconciliare,
685 1395 727 1434 in
763 1409 864 1434 casu
899 1394 1181 1441 necessitatis,
1219 1401 1263 1434 et
1299 1395 1342 1433 in
1377 1395 1575 1434 absentia
1606 1395 1821 1450 Episcopi

358 1474 401 1507 et
425 1467 682 1514 Sacerdotis,
705 1467 832 1507 modo
855 1468 943 1507 sine
967 1466 1173 1507 cathedra
1200 1466 1245 1507 id
1281 1467 1451 1507 faciant.
1516 1468 1820 1523 Quaecumque
1878 1523 1879 1526 Ἴ

360 1555 473 1587 vero,
505 1541 576 1581 vel
610 1540 664 1581 ad
698 1541 921 1596 corporale
955 1540 1219 1588 subsidium,
1255 1541 1372 1596 quod
1404 1547 1448 1582 et
1477 1541 1711 1581 Economis
1744 1542 1818 1582 tri·
1875 1553 1877 1556 ⁴

357 1614 521 1661 buitur,
538 1614 787 1661 viduarum,
806 1614 1096 1669 pupillorum,
1111 1613 1422 1669 orphanorum,
1439 1614 1817 1663 incarceratorum,

355 1686 641 1734 infirmorum,
666 1693 710 1727 et
731 1687 925 1727 omnium
948 1686 1219 1733 afflictorum,
1244 1686 1315 1726 vel
1341 1685 1396 1726 ad
1423 1686 1698 1741 spiritualem
1716 1687 1819 1728 fide-

355 1759 463 1799 lium
497 1759 734 1800 utilitatem
769 1759 987 1815 pertinere
1029 1767 1225 1814 possunt,
1265 1758 1504 1815 diligenter
1539 1759 1594 1799 ab
1629 1759 1691 1800 eis
1722 1775 1819 1815 per-

357 1832 574 1887 quirenda
593 1839 637 1873 et
658 1848 754 1873 cum
777 1833 941 1887 pietate
965 1831 1153 1873 curanda
1175 1839 1288 1872 sunt.
1354 1832 1455 1882 Qua
1475 1832 1519 1872 in
1541 1846 1587 1872 re
1613 1832 1819 1873 latissime
1872 1875 1875 1881 A

356 1911 509 1960 patere
542 1904 674 1945 debet
706 1905 883 1945 illorum
919 1903 1107 1945 charitas
1130 1911 1174 1945 et
1208 1903 1462 1954 solicitud03
1494 1919 1594 1944 nam
1618 1903 1736 1959 quod
1756 1911 1821 1945 est

354 1978 661 2019 misericordiae
677 1977 916 2018 dilectionis
939 1978 1097 2019 affectu
1119 1979 1266 2019 fideles
1287 1993 1432 2019 omnes
1454 1978 1818 2034 complectentur,

356 2057 490 2104 atque
512 2065 584 2090 eos
616 2051 853 2107 praecipue,
875 2050 1041 2106 quibus
1072 2055 1241 2106 majora
1262 2051 1550 2106 benignitatis
1571 2051 1710 2091 officia
1741 2051 1819 2091 im-
1869 2050 1878 2065 ’·

355 2121 588 2177 pendenda
620 2137 711 2163 esse
748 2122 1068 2164 animadvertit.
1135 2122 1248 2164 Haec
1282 2123 1434 2178 itaque
1469 2122 1614 2163 omnia
1635 2129 1725 2163 tam
1746 2137 1819 2163 ne-

356 2197 543 2237 cessaria
582 2197 823 2237 ministeria
858 2196 1037 2237 mandat
1079 2197 1239 2237 Sancta
1281 2196 1496 2253 SynodUS,
1539 2203 1589 2237 ut
1624 2211 1724 2252 quae
1765 2197 1821 2238 ad
1867 2211 1869 2218 ’

356 2268 472 2309 hunc
505 2283 647 2324 usque
681 2268 794 2309 diem
824 2269 867 2308 in
904 2269 1114 2309 Ecclesiis
1142 2276 1314 2309 servata
1346 2275 1460 2317 sunt,
1490 2275 1633 2309 sancte
1656 2277 1699 2310 et
1719 2271 1818 2311 reli-

358 2342 478 2397 giose
501 2341 692 2382 exerceri
713 2341 925 2396 Episcopi
958 2329 1122 2382 curent.
1188 2342 1300 2390 Quae
1324 2356 1427 2382 vcro
1455 2342 1725 2398 negligentia
1755 2343 1818 2383 in-

356 2415 554 2456 termissa
594 2415 782 2462 fuerant,
826 2415 941 2455 omni
975 2414 1119 2455 studio
1161 2421 1203 2455 et
1239 2415 1406 2470 pietate
1438 2416 1696 2464 restituant3
1730 2431 1817 2471 quo
1866 2424 1869 2428 ’

353 2488 494 2529 fidelis
533 2490 736 2544 populus,
778 2488 1018 2543 adjuvante
1059 2488 1173 2536 Dno,
1208 2488 1262 2528 ad
1284 2495 1491 2529 aeternam
1528 2489 1819 2530 beatitudinis

354 2561 535 2617 gloriam
560 2562 728 2602 felicius
749 2561 1016 2617 provehatur

412 2633 532 2674 Dum
572 2633 665 2674 haec
706 2649 731 2674 a
770 2633 985 2688 delegatis
1020 2634 1228 2674 Patribus
1268 2641 1589 2690 praeparantur,
1630 2649 1728 2690 quae
1763 2634 1819 2675 ad

357 2706 578 2761 Synodum
617 2712 769 2761 postea
805 2706 1061 2754 referantur,
1100 2705 1164 2747 M.
1200 2706 1453 2747 Patriarcha
1489 2707 1818 2763 Aquilegiensis

355 2778 506 2819 Senior
523 2778 789 2819 Tridentum
822 2793 968 2819 mense
1003 2778 1033 2819 J
1040 2779 1129 2819 unii
1159 2778 1394 2820 advenerat
1413 2797 1423 2830 3
1456 2795 1555 2820 nam
1593 2795 1689 2820 cum
1722 2780 1817 2834 ipse

353 2850 473 2904 apud
515 2846 702 2890 8301*Οέὃὶξ
736 2849 838 2890 fidei
876 2850 1166 2905 Inquisitorcs
1202 2851 1244 2890 in
1280 2850 1404 2892 Urbe
1438 2850 1608 2905 pridem
1641 2850 1816 2891 delatus
1868 2899 1870 2906 Ι
