1905 3254
406 256 484 295 llO
1043 267 1156 296 sess.
1182 266 1244 296 111.

404 380 606 420 Pastores
642 391 741 417 suos
781 375 891 416 male
927 374 1119 421 animati,
1154 373 1426 429 Episcopum
1454 373 1693 429 justissima
1725 374 1852 415 etiam

400 466 530 492 causa
569 450 765 491 Dioecesi
805 448 1070 505 quandoque
1118 446 1269 488 cedere
1320 453 1529 495 coactum,
1576 447 1740 495 statim,
1783 448 1855 489 vix

399 523 550 564 limina
578 529 952 579 praetergressum,
975 521 1173 576 improbe
1195 520 1398 576 persequi
1419 519 1743 575 domesticaque
1765 524 1857 576 ejus

400 598 544 638 omnia
560 597 766 653 diripere,
782 602 832 637 ut
847 595 986 636 divini
999 595 1112 651 juris
1129 594 1385 635 violatorem
1402 593 1657 635 audebunt?
1688 594 1858 644 Quibus

400 670 685 718 contumeliis,
720 670 882 725 quibus
916 669 1075 708 infimae
1111 667 1252 722 plebis
1286 666 1556 707 irrisionibus
1591 682 1638 707 ac
1672 667 1854 723 probris,

403 757 682 797 quacumque
728 741 993 789 transierint,
1046 746 1323 795 exponentur
1366 739 1615 786 Antistites,
1655 753 1762 794 quos
1804 754 1857 780 ex

402 816 610 856 Ecclesiae
642 830 731 856 suae
763 815 925 855 finibus
958 814 1106 869 aliqua
1135 812 1368 853 necessitas
1389 812 1612 862 eduxerit;
1646 827 1755 868 quos
1776 827 1859 853 ser-

402 891 578 936 mones,¹
618 895 662 928 et
702 887 756 928 de
797 887 1064 927 sanctissimo
1106 885 1162 925 D.
1195 886 1250 926 N.
1295 885 1505 940 improbis
1551 885 1771 926 excitandi
1807 886 1861 939 (si
1904 912 1905 945 3

404 960 579 1015 quando
626 960 764 1000 nostri
800 960 985 1015 alicujus
1026 959 1111 999 sibi
1146 972 1279 1014 opera
1321 958 1403 998 erit
1442 959 1701 1011 necessaria)
1745 957 1861 1013 quod

401 1033 564 1074 scilicet
602 1037 677 1088 jus
717 1032 915 1073 divinum
957 1031 1169 1087 negligat,
1213 1045 1361 1071 ansam
1403 1030 1638 1086 praebetis?
1711 1032 1860 1086 Atque
1902 1023 1905 1100 Ξ

403 1107 466 1147 ita
487 1105 591 1147 dum
617 1105 911 1146 Christianam
933 1105 1249 1161 rempublicam
1272 1105 1454 1161 erigere,
1484 1111 1619 1160 atque
1640 1105 1860 1146 illustrare
1902 1109 1905 1150 Ι

405 1180 621 1236 quaeritis,
646 1179 774 1221 video
797 1195 872 1221 vos
891 1180 987 1220 istis
1009 1179 1195 1220 consiliis
1217 1179 1360 1219 omnia
1381 1193 1556 1234 prorsus
1588 1179 1861 1234 perturbare,
1901 1162 1905 1244 ὅ

406 1270 453 1296 ac
475 1253 754 1301 confundere,
778 1260 832 1302 et,
855 1269 955 1309 quae
976 1254 1086 1294 bene
1119 1253 1284 1294 sancita
1305 1259 1442 1300 erant,
1465 1254 1510 1293 in
1531 1253 1863 1293 controversiam
1899 1250 1905 1329 ᾗ

405 1341 619 1368 revocare.
691 1327 794 1368 Non
829 1333 894 1367 est
929 1326 964 1366 is
997 1325 1213 1373 ferendus,
1251 1326 1340 1381 qui,
1373 1326 1656 1381 praecipiente
1689 1324 1862 1382 aliquod
1900 1333 1904 1358 ¹

405 1400 601 1440 ministro
623 1399 774 1455 Regis,
797 1413 850 1439 an
871 1398 917 1438 id
944 1398 1060 1454 Regi
1092 1398 1276 1453 placeat,
1301 1397 1434 1439 audet
1455 1399 1751 1453 percunctari3
1783 1413 1861 1440 nec
1899 1359 1905 1442 i

404 1479 598 1514 nostrum
621 1479 687 1513 est
709 1472 891 1527 antiqua
912 1471 1124 1512 Ecclesiae
1147 1477 1382 1527 praecepta,
1403 1485 1516 1512 nunc
1539 1472 1667 1526 quasi
1691 1474 1864 1527 recepta
1898 1450 1902 1504 i

407 1545 597 1601 quadam
620 1548 794 1593 statera,
817 1545 991 1593 librata,
1023 1552 1066 1586 et
1087 1560 1182 1585 cum
1212 1544 1372 1585 divinis
1405 1544 1561 1585 collata
1589 1544 1862 1600 expendere;
1897 1509 1902 1592 i

407 1619 482 1660 sed
503 1635 552 1660 ea
574 1620 732 1674 potius,
757 1634 845 1674 qua
876 1618 1015 1666 decet,
1049 1618 1338 1666 observantia,
1372 1620 1585 1674 majorum
1617 1633 1747 1667 more,
1770 1618 1864 1659 reli·
1897 1608 1901 1671 J

407 1695 524 1749 giose
546 1694 675 1742 tueri,
699 1708 797 1734 cum
826 1694 862 1733 is
895 1693 972 1748 qui
994 1708 1044 1733 ea
1065 1693 1244 1748 spernit,
1267 1700 1310 1734 et
1332 1692 1479 1734 Deum
1506 1693 1652 1747 ipsum
1675 1699 1861 1748 spernat,
1896 1673 1900 1724 i

408 1767 603 1822 satisque
639 1766 776 1808 divini
813 1766 925 1822 juris
957 1766 1012 1806 sit
1048 1766 1246 1814 violator,
1285 1767 1361 1821 qui
1394 1766 1558 1807 Vicarii
1590 1766 1710 1807 illius
1742 1768 1864 1822 jussa
1895 1770 1899 1820 ξ

408 1845 667 1880 contemnat.
1893 1841 1898 1879 ἑ

466 1911 530 1951 At
546 1910 696 1951 dicunt
712 1910 862 1965 aliqui,
885 1911 920 1950 si
940 1910 1188 1951 declaretur
1208 1910 1286 1951 hoc
1303 1913 1402 1967 jure
1423 1911 1571 1951 divino
1593 1917 1862 1967 praeceptum
1894 1898 1898 1952 ἶ

1894 1980 1896 1991 ι

409 1997 514 2031 esse,
529 1987 672 2038 majus
692 1983 877 2024 habebit
898 1990 1161 2025 momentum
1185 1984 1240 2024 ad
1260 1984 1508 2025 interiorem
1525 1999 1690 2033 eorum,
1706 1984 1864 2041 quibus
1893 2008 1896 2046 4

409 2055 489 2097 hoc
508 2057 759 2112 praecipitis,
784 2057 915 2097 animi
937 2057 1238 2098 conscientiam
1261 2057 1538 2098 incitandam.
1582 2057 1748 2098 Verum
1771 2058 1866 2114 quis
1891 2053 1895 2101 ἕ

410 2129 538 2171 hodie
558 2130 692 2171 nescit
713 2145 758 2171 se
780 2131 1050 2171 conscientiae
1073 2146 1161 2171 suae
1184 2130 1284 2186 lege
1308 2130 1363 2171 ad
1385 2130 1478 2171 veri
1498 2131 1690 2172 Pastoris
1711 2144 1866 2171 munus
1889 2126 1894 2200 Ξ

413 2204 632 2260 obligari?
697 2204 807 2255 Quis
827 2204 1006 2245 dubitat
1029 2218 1073 2244 se
1094 2218 1178 2244 non
1201 2218 1481 2259 quocumque
1503 2206 1618 2261 jure,
1642 2211 1685 2246 et
1706 2204 1864 2256 divino,

412 2286 455 2320 et
485 2278 694 2330 naturali,
726 2285 770 2319 et
803 2278 922 2320 civili
955 2277 1169 2333 adstringi
1200 2277 1254 2318 ad
1290 2293 1402 2333 opus
1432 2278 1547 2319 illud
1577 2265 1893 2343 implendum,{

410 2350 528 2406 quod
567 2351 701 2392 semel
741 2357 896 2407 sponte
937 2350 1157 2406 suscepit?
1219 2350 1406 2400 Deinde,
1444 2352 1521 2407 qui
1553 2353 1645 2408 jam
1686 2352 1865 2393 sancitas
1886 2350 1891 2389 Ι

411 2438 633 2464 sacrorum
658 2422 884 2464 Canonum
913 2438 1069 2479 poenas
1094 2438 1177 2463 non
1200 2429 1392 2474 veretur,
1419 2423 1636 2479 quomodo
1668 2424 1865 2465 futurum
1885 2414 1891 2502 ξ

1884 2503 1889 2537 ξ

411 2495 499 2536 Dei
522 2495 738 2552 judicium
761 2496 962 2537 timebit?
1024 2496 1140 2536 Nam
1178 2503 1227 2538 ut
1259 2503 1455 2537 sanctum
1489 2504 1634 2538 monet
1661 2497 1864 2553 Evange-

411 2569 534 2617 lium,
567 2570 601 2610 si
632 2570 892 2626 proximum,
926 2585 1056 2626 quem
1081 2569 1240 2618 vident,
1274 2585 1360 2611 non
1387 2570 1595 2627 diligunt,
1624 2586 1701 2612 nec
1721 2566 1889 2612 Deum(

412 2642 620 2699 diligunt,
644 2659 777 2700 quem
799 2658 883 2684 non
906 2643 1068 2683 vident.
1132 2642 1206 2683 Ad
1227 2643 1318 2684 haec
1340 2658 1471 2699 quam
1493 2644 1633 2685 multa
1653 2650 1806 2686 extant
1825 2632 1886 2708 in!

1881 2715 1885 2770 Ι

457 2752 465 2769 ¹
491 2752 557 2782 The
573 2753 672 2783 words
695 2755 715 2770 ‘⁴'
731 2753 848 2793 quibus
871 2753 1070 2783 contumeliis
1082 2754 1098 2768 ''
1123 2758 1153 2783 to
1175 2757 1194 2770 “
1213 2754 1437 2794 exponentur,'’
1452 2765 1502 2784 are
1518 2755 1587 2784 here
1604 2755 1744 2795 repeated
1768 2754 1799 2785 in
1821 2753 1868 2784 the
1884 2775 1886 2792 :

412 2807 480 2837 MS.
497 2818 528 2836 as
541 2817 669 2846 appears
681 2807 722 2845 by
739 2807 889 2845 mistake3
915 2818 933 2837 a
948 2807 1061 2837 former
1078 2818 1227 2847 possessor
1242 2807 1296 2838 has
1311 2808 1426 2838 affixed
1444 2807 1546 2839 marks
1565 2809 1600 2838 of
1612 2818 1742 2838 erasure.
1880 2798 1884 2848 l

1879 2931 1883 2958 I
1903 2965 1905 2968 .
