1905 3254
679 295 786 326 SEss.
814 296 888 327 vn.
1439 286 1523 326 425

58 407 122 442 est
149 399 336 440 officium
373 399 615 455 personale,
640 400 758 456 quod
790 416 873 442 non
900 407 1045 457 potest
1066 418 1146 459 per
1168 402 1303 444 alium
1325 405 1519 446 exerceri

57 473 112 515 ad
141 473 220 514 hoc
253 480 304 514 ut
335 473 517 514 satisfiat
543 474 826 520 conscientiae,
856 481 989 530 prout
1021 483 1087 517 est
1120 477 1364 532 Jejunium,
1405 478 1518 519 Con-

57 546 197 593 fessio,
220 553 263 587 et
293 546 461 587 similia.
514 545 701 595 Deinde,
739 548 845 602 quia
881 554 1056 603 oportet
1091 564 1267 604 pascere
1303 552 1517 607 exemplo,

56 619 173 675 quod
201 620 341 675 exigit
374 620 664 675 praesentiam.
728 619 876 662 Vellet
908 621 951 660 in
981 621 1154 663 decreto
1182 622 1313 664 inseri
1341 624 1517 666 Bullam

57 692 126 734 Suni
147 693 216 734 Pii
240 693 318 736 IV.
341 694 395 736 de
418 693 686 735 Residentia.

110 767 698 823 pragensis—Disputatum
737 774 801 809 est
836 768 889 809 de
922 768 1190 817 Residentia,
1215 770 1320 811 alias
1359 769 1429 812 die
1461 772 1520 812 xi.

55 839 207 881 Martii
229 856 368 896 usque
392 840 447 881 ad
472 842 522 882 14
547 841 681 890 Maii3
715 848 758 882 et
776 856 863 897 quo
886 842 1033 884 fructu
1056 850 1135 884 aut
1155 843 1357 885 scandalo
1372 859 1519 886 omnes

54 914 182 955 scitis.
244 915 338 955 Nos
373 915 567 970 petimus
608 915 961 956 reformationem
998 930 1169 956 morum
1207 923 1249 957 et
1287 932 1435 958 veram
1475 927 1519 959 et

53 988 240 1039 realem3
273 995 325 1029 ut
354 988 451 1029 heri
481 988 594 1028 dixit
622 988 677 1028 D.
699 987 996 1030 Rossanensis.
1061 988 1201 1030 Multi
1234 996 1406 1045 petunt,
1443 990 1516 1032 de-

53 1061 206 1103 clarari
228 1076 320 1103 esse
353 1061 653 1102 Residentiam
679 1062 791 1117 juris
812 1062 951 1103 divini
967 1078 978 1112 3
1011 1063 1153 1104 nescio
1175 1079 1251 1105 cur
1272 1065 1517 1120 trepidetur

52 1135 96 1176 in
125 1134 204 1176 hac
237 1135 545 1183 declaratione,
569 1150 652 1175 non
682 1136 794 1176 enim
819 1135 945 1176 video
968 1152 1044 1177 cur
1064 1137 1317 1193 Episcopus
1338 1140 1517 1180 necessi-

52 1213 141 1248 tate
174 1207 299 1248 Juris
335 1207 472 1247 divini
509 1222 593 1248 non
636 1214 838 1248 teneatur
873 1208 927 1249 ad
967 1223 1078 1264 opus
1119 1224 1260 1255 suum,
1298 1210 1417 1265 quod
1452 1218 1518 1252 est

52 1296 258 1338 pascere;
293 1287 337 1321 et
371 1281 636 1336 BernardUS,
660 1282 786 1337 epist.
824 1282 920 1329 131,
956 1282 1030 1331 ait,
1066 1282 1183 1338 quod
1220 1283 1346 1340 Papa
1373 1291 1519 1341 potest

52 1354 318 1411 dispensare,
356 1354 584 1403 moderari,
619 1361 662 1395 et
696 1354 916 1396 declarare
949 1355 994 1396 id
1029 1355 1148 1411 quod
1188 1356 1349 1398 dicitur
1390 1357 1517 1399 Juris

51 1428 204 1470 divini.
267 1429 369 1469 Non
402 1429 545 1484 placet
574 1429 851 1484 prooemium,
886 1430 993 1485 quia
1029 1430 1157 1471 nimis
1190 1432 1405 1486 generale,
1438 1448 1517 1474 nec

52 1503 162 1544 bene
184 1502 435 1559 applicatur
456 1502 671 1542 omnibus.
724 1501 825 1542 Non
847 1509 957 1557 puto
980 1503 1226 1545 tollendum
1249 1504 1294 1545 id
1316 1506 1514 1554 verbum,

53 1576 109 1617 ab
132 1591 211 1626 ea;
243 1591 343 1616 nam
366 1575 493 1615 multi
527 1573 647 1630 apud
682 1589 757 1615 nos
790 1581 1015 1616 morantur
1042 1577 1085 1616 in
1107 1577 1316 1625 Dioecesi,
1340 1594 1417 1620 nec
1440 1595 1517 1620 un-

53 1664 186 1705 quam
221 1648 433 1690 accedunt
457 1647 511 1688 ad
534 1647 856 1688 Cathedralem.
920 1649 1153 1705 Episcopis
1181 1651 1311 1692 etiam
1334 1653 1515 1707 permit-

52 1721 231 1762 tendum
250 1727 327 1767 est,
348 1727 398 1761 ut
420 1720 587 1775 possint
608 1734 699 1760 esse
719 1719 970 1760 Consiliarii
995 1721 1115 1776 apud
1136 1720 1294 1777 Reges,
1309 1729 1426 1764 nam¹
1451 1725 1516 1766 ita

53 1793 244 1835 multum
267 1800 449 1850 prosunt
469 1793 582 1833 Εοο53
605 1792 852 1838 universali,
877 1799 926 1833 ut
953 1793 1154 1834 omnibus
1187 1802 1366 1836 constat.
1413 1797 1514 1838 Non

54 1868 194 1923 placet
226 1867 283 1916 id,
307 1867 360 1908 de
390 1874 527 1923 peste,
552 1868 758 1923 quoniam
781 1873 884 1907 tunc
906 1867 1096 1908 maxime
1119 1868 1426 1909 assistendum²
1447 1877 1514 1912 est

53 1941 219 1982 ovibus.
283 1942 385 1983 Non
417 1942 564 1998 placet
596 1941 652 1989 id,
675 1942 727 1982 de
761 1941 983 1981 vocatione
1015 1941 1283 1996 Principum,
1306 1944 1513 1998 quoniam

55 2014 202 2070 arguit
234 2020 495 2070 potestatem
530 2015 572 2055 in
605 2014 864 2070 Episcopos,
904 2014 1150 2069 praesertim
1186 2029 1274 2063 eos,
1312 2016 1390 2070 qui
1429 2032 1515 2058 non

57 2093 157 2128 sunt
191 2088 235 2128 in
271 2094 390 2129 statu
424 2088 745 2129 Ecclesiastico.
814 2088 956 2128 Poena
991 2088 1159 2142 peccati
1195 2090 1389 2130 mortalis
1429 2105 1514 2132 non

55 2160 212 2216 placet,
234 2161 317 2202 nisi
350 2161 597 2202 declaretur
622 2176 713 2202 esse
740 2160 862 2201 Juris
884 2160 1035 2208 divini,
1059 2161 1164 2215 quia
1181 2165 1255 2215 Jus
1276 2162 1514 2216 positivum

55 2247 141 2274 non
162 2240 307 2290 potest
328 2234 549 2290 imponere
572 2233 684 2275 hane
706 2248 898 2289 poenam.
933 2233 1137 2274 Tollatur
1159 2233 1281 2281 illud,
1304 2233 1358 2275 de
1380 2235 1513 2276 Bulla

57 2306 100 2348 in
125 2306 260 2348 Coena
279 2307 472 2347 Domini.
538 2307 641 2348 Non
672 2306 849 2348 videtur
881 2321 934 2347 ex
965 2306 1182 2363 dignitate
1216 2306 1391 2361 Synodi,
1415 2322 1514 2363 quae

56 2387 341 2436 repraesentat
375 2388 512 2422 totam
542 2381 797 2428 Ecclesiam,
820 2394 976 2437 rogare
1010 2386 1054 2420 et
1079 2394 1252 2420 monere
1277 2379 1515 2436 PrincipeS,

56 2453 130 2495 sed
150 2453 283 2494 debet
305 2453 523 2501 mandare,
546 2461 590 2495 et
607 2454 765 2509 jubere
787 2454 870 2494 sub
892 2467 1025 2508 poena
1046 2453 1514 2494 excommunicationis.

117 2527 410 2568 Messanensis
447 2527 676 2568 annotavit
709 2527 926 2582 quaedam,
970 2532 1012 2566 et
1045 2525 1166 2573 dixit,
1204 2524 1512 2567 declarandum

59 2614 143 2655 quo
167 2601 269 2656 jure
299 2600 352 2641 sit
372 2599 607 2641 residentia
629 2598 846 2648 mandata,
870 2605 1028 2645 tamen,
1058 2597 1093 2637 si
1116 2596 1340 2638 videbitur
1360 2599 1515 2655 majori

57 2672 184 2727 parti,
218 2687 262 2713 se
296 2672 473 2714 decreta
504 2672 867 2729 approbaturum,
900 2686 997 2712 eum
1036 2669 1392 2712 annotationibus
1418 2671 1513 2726 qui-

62 2745 262 2787 busdam.

271 2835 280 2853 ¹
307 2836 386 2874 Non,
405 2835 474 2866 MS.
950 2834 963 2851 ²
988 2834 1208 2871 Eximendum,
1226 2834 1297 2864 MS.
