1905 3254
354 293 435 333 296
980 308 1088 337 snss.
1115 309 1191 339 vn.
1227 325 1229 327 r

355 415 595 456 minoribus
614 413 839 455 ordinibus
871 429 925 455 an
958 414 1042 455 sint
1074 420 1402 463 sacramentum,
1427 416 1677 456 existimare
1699 414 1744 455 id
1765 429 1809 455 se

355 486 552 536 omnino3
575 487 780 542 quoniam
796 492 941 527 tamen
953 485 1085 526 multi
1105 485 1322 534 dubitant,
1345 485 1445 526 ideo
1466 486 1534 526 1110
1556 501 1640 528 non
1661 485 1810 527 defini-

355 558 529 606 endum,
567 558 643 599 sed
686 558 931 599 addendum
973 557 1164 613 quidem,
1206 565 1469 614 potestatem
1510 558 1751 614 Episcopos
1786 573 1812 599 a

356 629 530 672 Christo
551 632 783 672 derivasse.

412 703 913 745 Ostunensis-—Nullam
949 719 1038 745 esse
1079 718 1253 744 causam
1298 719 1376 745 cur
1416 705 1712 760 Episcopatus
1753 705 1808 745 ab

354 775 502 816 ordine
524 775 782 817 excludatur
817 777 948 831 juxta
989 783 1185 816 sanctum
1222 775 1497 831 Dionysium.
1560 777 1661 817 Non
1685 791 1812 831 posse

352 848 483 888 etiam
514 850 605 888 sine
637 863 797 904 magna
828 855 930 890 nota
962 849 1118 897 omitti,
1154 848 1272 903 quod
1303 849 1602 903 Episcopatus
1635 864 1720 889 non
1753 849 1810 889 sit

348 925 451 975 jure
483 920 644 967 divino,
679 928 722 962 et
753 921 903 961 eodem
933 925 1032 976 jure
1054 922 1254 975 superior
1285 920 1577 975 Presbyterio,
1611 937 1709 962 cum
1731 921 1810 962 hoc

353 993 527 1032 nominc
549 992 783 1034 damnatus
803 993 906 1033 olim
928 993 1013 1033 fuit
1036 994 1209 1041 Acrius,
1232 998 1274 1032 et
1290 998 1442 1047 postea
1459 1008 1483 1033 a
1500 994 1812 1034 recentioribus

354 1064 581 1112 haereticis,
614 1072 657 1105 et
689 1065 872 1106 Calvino
904 1065 947 1104 in
980 1065 1055 1105 lib.
1089 1066 1126 1105 4.
1164 1065 1499 1106 Institutionum
1537 1073 1809 1107 renovatum.

351 1137 481 1178 Unde
517 1153 613 1178 cum
642 1138 697 1179 sit
732 1138 942 1179 articulus
972 1137 1074 1178 fidei
1106 1144 1149 1179 ct
1184 1144 1492 1193 consequenter
1521 1138 1633 1194 juris
1662 1138 1812 1185 divini,

351 1211 507 1251 merito
543 1226 568 1251 a
610 1210 781 1266 Synodo
815 1226 906 1252 esse
946 1210 1248 1251 refellendum.
1300 1210 1435 1251 Porro
1461 1211 1505 1251 in
1536 1211 1811 1267 Episcopatu

353 1282 497 1322 varias
530 1297 621 1324 esse
654 1282 908 1330 functiones,
933 1283 1041 1323 alias
1072 1284 1244 1324 omnino
1275 1284 1642 1339 supernaturales,
1675 1284 1812 1326 veluti

352 1354 577 1396 ordinandi
610 1362 654 1396 ct
685 1355 971 1402 consecrandi,
1006 1362 1049 1396 et
1080 1355 1157 1397 has
1191 1371 1276 1397 non
1310 1372 1434 1412 posse
1466 1357 1685 1398 ullatenus
1701 1357 1812 1405 tolli,

353 1428 554 1483 quoniam
596 1429 678 1468 etsi
717 1435 974 1469 exerceatur
1014 1428 1059 1469 111
1101 1443 1213 1476 eum,
1259 1430 1334 1483 qui
1373 1443 1457 1469 non
1501 1429 1557 1470 sit
1596 1430 1815 1488 subditus:²

352 1499 494 1540 adhuc
515 1507 660 1541 tamen
681 1501 874 1556 imprimi
896 1500 1201 1541 characterem.
1265 1501 1391 1542 Alias
1418 1516 1524 1551 esse,
1548 1517 1647 1557 quae
1669 1503 1813 1558 magis

351 1589 447 1614 cum
469 1574 650 1615 materia
670 1580 770 1614 sunt
791 1577 1030 1628 conjunctae
1045 1592 1057 1624 3
1087 1573 1165 1614 has
1187 1574 1289 1629 plus
1308 1574 1377 1615 vel
1397 1575 1539 1615 minus
1559 1575 1740 1617 limitari
1762 1590 1812 1616 ac

349 1647 569 1703 restringi,
594 1662 681 1702 quo
714 1647 858 1703 magis
889 1650 1130 1701 conjunctae
1147 1663 1158 1696 3
1195 1653 1296 1688 sunt
1326 1661 1423 1688 cum
1452 1647 1637 1689 materia
1661 1664 1669 1688 ε
1710 1663 1810 1690 nam

350 1719 562 1776 quasdam
581 1734 672 1760 esse
695 1719 749 1760 ad
769 1719 909 1760 forum
932 1720 1116 1760 interius
1138 1727 1396 1775 spectantes,
1417 1720 1584 1776 ligandi
1606 1727 1650 1762 et
1672 1721 1810 1762 absol-

350 1793 503 1843 vendi;
536 1800 580 1834 et
600 1793 679 1833 has
699 1792 902 1848 restringi
924 1807 1050 1848 posse
1072 1792 1218 1848 quoad
1238 1807 1445 1848 personas
1466 1799 1511 1834 et
1541 1808 1623 1835 res.
1685 1794 1813 1835 Alias

352 1866 406 1908 ad
432 1867 572 1908 forum
605 1866 796 1907 exterius
826 1865 1055 1922 pertinere,
1089 1872 1133 1906 et
1163 1865 1241 1906 has
1268 1867 1407 1921 magis
1426 1868 1588 1908 mutari
1610 1874 1653 1908 et
1673 1868 1811 1908 minui

350 1941 498 1987 solere,
521 1955 618 1980 cum
642 1945 868 1980 versentur
900 1940 1010 1980 circa
1040 1939 1271 1980 materiam
1294 1939 1640 1995 contingentem3
1674 1955 1809 1996 quare

350 2013 535 2054 dubium
556 2012 667 2053 nihil
695 2027 798 2060 esse,
821 2012 913 2053 haec
935 2013 1081 2053 omnia
1112 2012 1359 2053 limitationi
1377 2011 1581 2053 humanae
1603 2020 1646 2053 et
1666 2013 1810 2055 mode-

348 2086 505 2127 rationi
528 2087 726 2142 subjecta
747 2100 850 2126 esso.
913 2085 1077 2126 Idcirco
1099 2085 1289 2126 recusari
1308 2099 1393 2125 non
1416 2100 1556 2141 posse,
1589 2087 1696 2141 quin
1731 2086 1810 2128 hoc

349 2158 605 2214 explicetur,
639 2157 756 2213 quod
786 2158 1076 2199 necessarium
1110 2164 1175 2199 est
1211 2157 1266 2198 ad
1299 2157 1645 2199 constituendam
1677 2159 1808 2200 Hier-

350 2230 555 2279 archiam,
590 2236 640 2270 ut
672 2230 759 2270 scil.
802 2244 951 2270 omnes
982 2229 1132 2278 sciant,
1167 2229 1279 2271 hanc
1316 2243 1341 2269 a
1375 2229 1548 2271 Christo
1567 2236 1610 2271 et
1640 2245 1666 2271 a
1696 2231 1808 2273 Jure

347 2303 497 2344 divino
517 2302 742 2357 proficisci.

404 2376 872 2419 Vestanus—minores
895 2375 1082 2416 Ordines
1109 2391 1199 2417 esse
1234 2377 1578 2428 Sacramentum,
1610 2386 1744 2435 prout
1764 2380 1809 2420 in

347 2466 440 2507 cap.
462 2451 532 2491 fin.
555 2449 609 2490 de
633 2448 751 2490 Cler.
783 2447 915 2496 adar,¹
939 2455 984 2489 et
1011 2463 1104 2504 cap.
1131 2450 1148 2489 l
1176 2449 1229 2490 de
1253 2450 1440 2493 Sacram.
1467 2451 1565 2492 Hos
1592 2451 1705 2493 inter
1730 2453 1806 2492 im-

391 2556 399 2573 )
426 2555 501 2585 This
517 2555 602 2585 word
618 2555 632 2584 1
651 2555 691 2585 do
708 2559 761 2585 not
775 2559 807 2584 at
821 2554 867 2584 all
882 2554 1084 2586 understand.
1129 2555 1197 2586 The
1218 2557 1369 2587 reference
1390 2567 1518 2598 appears
1531 2557 1653 2598 plainly
1669 2563 1699 2588 to
1719 2559 1756 2589 be
1778 2563 1810 2589 to

349 2609 499 2638 Distinet.
517 2608 554 2637 21
582 2608 617 2637 of
637 2607 689 2637 the
717 2608 898 2645 Decretum,
916 2607 1024 2638 Cleros
1039 2612 1069 2637 et
1085 2607 1234 2639 Clericos.
1282 2610 1409 2647 Ferrari,
1433 2610 1467 2640 in
1493 2610 1541 2640 his
1563 2611 1704 2651 Prompt.
1723 2612 1809 2642 Bibl.

349 2662 447 2690 under
466 2663 601 2691 Ordines
618 2662 644 2690 Ι.
661 2661 690 2698 6,
714 2664 744 2689 et
765 2671 850 2700 seqq.
867 2661 1030 2700 mentions,
1059 2661 1091 2690 in
1114 2662 1289 2692 connexion
1316 2662 1390 2692 with
1412 2663 1462 2693 the
1484 2663 1614 2703 subject,
1636 2665 1810 2694 Archidz‘a-

348 2725 452 2752 con'uS,
464 2714 565 2744 whose
580 2725 671 2744 name
685 2724 747 2744 was
763 2714 872 2743 Guido
889 2714 927 2743 de
943 2714 1057 2752 Bayso,
1073 2725 1106 2744 or
1123 2714 1256 2753 Baisius,
1273 2725 1306 2745 as
1322 2715 1492 2754 Fabricius,
1506 2716 1539 2745 in
1555 2716 1603 2746 his
1620 2716 1704 2746 Bibl.
1719 2718 1807 2747 Med.

350 2771 377 2795 et
395 2768 453 2796 Ins.
475 2767 539 2796 AEt.
556 2766 684 2797 informs
706 2777 754 2804 us,
769 2766 837 2797 who
852 2770 945 2796 wrote
968 2767 1235 2806 Interpretationes
1262 2768 1294 2797 in
1320 2769 1502 2807 Decretum,
1520 2769 1566 2799 for
1581 2769 1631 2799 the
1647 2770 1808 2809 fragrance

351 2818 384 2845 of
407 2817 481 2846 their
506 2818 644 2848 doctrine
668 2830 700 2848 or
723 2818 863 2856 learning
886 2818 989 2849 called
1007 2819 1190 2856 Rosarium3
1216 2820 1277 2850 and
1293 2821 1369 2851 adar
1385 2832 1459 2859 may
1475 2822 1512 2852 be
1528 2833 1546 2851 a
1563 2822 1716 2853 mistaken
1731 2833 1808 2853 con-
