1905 3254
665 299 778 329 sess.
805 298 883 328 vn.
1417 282 1501 323 489

48 400 232 442 dissidiis
252 402 423 451 nostris,
441 416 611 458 semper
631 404 866 444 immineat.
920 403 1019 444 Has
1041 404 1095 444 ob
1117 418 1267 444 causas
1288 402 1500 449 omnibus,

49 482 99 516 ut
149 474 253 523 dixi,
296 476 557 524 manifestas,
592 477 697 518 Pius
730 478 810 519 IV.
844 479 971 519 Pont.
1008 478 1127 519 Max.
1161 479 1274 519 bono
1311 476 1500 524 consilio,

50 555 182 603 atque
216 549 382 604 optima
414 549 639 590 voluntate
675 549 920 591 Concilium
952 551 1288 591 OEeumenicum
1317 551 1363 590 in
1393 549 1503 590 hane

49 620 266 660 civitatem
289 621 555 668 convocavit,
579 627 641 668 ut,
664 622 700 661 si
731 622 824 662 fieri
845 607 996 676 possit,
1020 622 1117 662 Deo
1139 622 1182 662 in
1203 622 1355 677 primis
1376 636 1502 676 opem

49 689 226 738 ferente,
263 690 506 732 remedium
548 691 726 746 aliquod
767 698 830 733 tot
870 692 993 733 malis
1028 692 1308 733 inveniretur.
1369 692 1504 741 Nam,

49 776 145 802 cum
185 769 365 818 propter
406 763 753 820 indignationem
796 763 883 804 Dei
923 779 974 805 ea
1013 764 1137 805 nobis
1178 763 1330 818 procul
1369 763 1505 803 dubio

50 834 267 881 eveniant,
290 835 326 875 si
357 834 596 876 Catholicae
631 835 743 883 fidei,
778 843 820 876 et
855 836 1014 876 veteris
1044 836 1300 876 innocentiae
1336 835 1505 890 puritas

34 907 341 955 «revocabitur,
364 908 540 963 placato
573 908 683 956 Deo,
707 915 750 949 et
782 909 899 949 bella
932 916 976 949 et
1006 908 1238 949 seditiones
1259 908 1504 955 cessabunt,

50 985 93 1020 et
107 979 377 1020 imminentia
393 980 633 1021 cervicibus
649 981 804 1021 nostris
820 980 1015 1035 pericula
1037 980 1207 1020 facilius
1222 980 1503 1035 repellentur.

52 1050 386 1107 Congregatum
420 1059 486 1093 est
515 1052 654 1108 igitur
686 1052 765 1093 hoe
803 1052 1049 1094 Concilium
1087 1052 1288 1107 frequens
1320 1058 1363 1092 et
1397 1051 1505 1092 eele-

48 1123 301 1172 ben-imum,
325 1125 369 1164 in
402 1139 489 1179 quo
524 1131 626 1165 sunt
664 1125 747 1165 viri
780 1125 1144 1180 praestantissimi.
1210 1123 1387 1164 Adsunt
1419 1122 1506 1163 duo

50 1195 275 1250 Principes
312 1195 579 1239 Cardinales,
614 1203 657 1237 et
689 1197 915 1238 nobilitate
954 1204 998 1238 et
1030 1197 1232 1237 omnibus
1263 1195 1508 1236 virtutibus

49 1268 251 1323 insignes.
311 1268 488 1309 Adsunt
531 1268 628 1309 Illmi
663 1269 883 1318 Oratores,
918 1277 961 1311 et
997 1269 1212 1310 Caesareae
1253 1268 1508 1323 maJestatis,

52 1347 97 1382 et
129 1347 195 1381 tot
226 1342 516 1383 maximorum
550 1342 740 1399 Regum,
767 1343 1030 1384 Liberarum
1066 1341 1323 1388 Civitatum,
1345 1340 1508 1380 Princi-

50 1428 263 1470 pumque,
279 1430 325 1456 ae
342 1415 600 1456 Nationum.
642 1415 820 1456 Adsunt
842 1417 973 1456 etiam
996 1422 1061 1456 tot
1082 1414 1316 1464 Praesules,
1333 1413 1508 1469 egregia

51 1485 259 1535 doctrina,
309 1494 504 1543 spectata
545 1488 648 1528 vitae
687 1488 923 1543 probitate,
966 1495 1010 1529 et
1058 1487 1272 1543 sapientia
1318 1485 1506 1541 quadam

52 1558 219 1600 coelesti
253 1559 442 1614 praediti.
505 1561 600 1601 Nee
636 1559 794 1601 desunt
827 1560 1072 1615 complures
1107 1559 1242 1599 Exemi
1277 1558 1508 1612 Theologi,

52 1646 99 1672 ae
118 1630 343 1679 Doctores,
363 1632 614 1687 peritissimi
638 1647 786 1673 omnes
810 1633 906 1680 viri,
924 1632 1038 1672 omni
1059 1630 1187 1671 laude
1210 1629 1344 1684 digni.
1396 1629 1509 1669 Con-

54 1710 237 1760 gregato
265 1711 411 1745 autem
433 1705 513 1745 1100
541 1704 746 1752 Concilio,
772 1720 869 1745 cum
898 1708 989 1759 jam
1012 1718 1063 1744 ea
1083 1710 1385 1751 tractarentur,
1409 1718 1510 1758 quae

55 1777 111 1818 ad
142 1785 394 1834 susceptum
428 1779 655 1834 negotium
691 1778 909 1834 pertinere
941 1776 1188 1822 videbatur,
1211 1790 1319 1823 ecce,
1341 1775 1385 1815 in
1416 1775 1511 1830 ipso

55 1865 185 1891 cursu
217 1851 358 1907 erepti
390 1859 493 1892 sunt
527 1852 652 1892 nobis
683 1851 771 1892 duo
804 1849 1148 1906 prudentissimi,
1182 1864 1371 1904 vereque
1415 1848 1512 1888 Illmi

13 1979 15 1981 Ι
58 1922 327 1973 Cardinales,
347 1926 618 1967 Mantuanus
639 1933 682 1966 et
703 1923 982 1979 Seripandus,
1002 1938 1188 1979 quorum
1211 1928 1409 1970 mortem,
1426 1937 1511 1963 non

57 1996 146 2037 sine
178 2013 340 2054 magno
374 1999 509 2040 animi
531 1999 678 2040 dolore
703 1998 1029 2039 admemoriam
1053 2010 1220 2037 revoco,
1282 1996 1397 2035 Nam
1432 1995 1513 2036 etsi

58 2085 129 2111 eos
150 2071 295 2112 felices
326 2073 564 2130 beatosque
586 2074 758 2114 futuros
781 2087 872 2113 esse
895 2071 1154 2115 existimem,
1177 2069 1282 2124 quia
1303 2068 1511 2123 scriptum

59 2150 138 2192 est,
171 2145 303 2187 Beati
335 2147 508 2194 mortui,
533 2146 610 2203 qui
641 2147 685 2186 in
719 2145 820 2185 Dno
850 2144 1108 2190 moriuntur,
1130 2142 1254 2183 doleo
1289 2148 1447 2187 tamen,
1469 2146 1514 2181 et

59 2214 334 2272 Reipublicae
353 2233 495 2267 eausa,
511 2234 609 2275 quae
627 2233 775 2260 eorum
794 2219 925 2272 opera
945 2215 1011 2256 his
1032 2214 1305 2269 temporibus
1326 2212 1514 2253 maxime

59 2288 300 2345 indigebat,
339 2297 382 2332 et
409 2306 530 2341 mea3
563 2306 661 2332 nam
698 2291 879 2345 utrique
915 2303 1064 2329 eorum
1101 2301 1262 2343 magna
1297 2284 1514 2326 familiari-

61 2366 151 2402 tate
173 2367 216 2402 et
236 2363 553 2408 necessitudine
576 2365 832 2420 conjunctus
853 2376 982 2402 eram.
1037 2361 1231 2414 Accepto
1250 2357 1406 2397 nuncio
1424 2363 1513 2398 tam

64 2434 217 2474 acerbo
239 2437 388 2476 mortis
412 2437 510 2479 Illmi
539 2437 789 2484 Mantuani,
814 2436 1019 2475 Summus
1040 2432 1243 2473 Pontifex
1266 2446 1362 2471 cum
1386 2430 1515 2471 Sacro

65 2504 361 2549 Cardinalium
385 2516 514 2557 coetu,
536 2525 620 2558 me,
644 2517 687 2550 et
709 2510 872 2549 virtute
894 2513 937 2547 et
959 2505 1127 2546 caeteris
1150 2504 1353 2544 omnibus
1384 2504 1516 2545 rebus

62 2577 191 2636 longe
207 2581 454 2623 inferiorem
472 2583 533 2623 illi
549 2583 729 2631 suffecit,
748 2582 1038 2637 adjunxitque
1057 2578 1112 2619 ad
1128 2577 1236 2618 hanc
1253 2576 1516 2633 legationem

65 2655 183 2697 R'm¹¹1¹
207 2654 483 2696 Cardinalem
517 2657 817 2712 Navagerum,
853 2654 993 2693 virum
1022 2651 1163 2692 multa
1200 2649 1440 2691 eruditione
1474 2658 1518 2693 et

66 2729 298 2784 prudentia
319 2729 592 2785 praeclarum.
655 2729 770 2770 Vere
792 2726 945 2774 dicam,
963 2726 1128 2771 Patres,
1147 2730 1360 2779 quantum
1382 2723 1516 2771 licuit,

68 2809 277 2857 quantum
294 2803 435 2858 potui,
448 2802 527 2844 hoc
544 2817 652 2845 onus
668 2800 880 2849 recusavi,
895 2801 988 2855 ejus
1005 2799 1279 2855 gravitatem,
1297 2803 1340 2838 et
1359 2797 1517 2838 virium
