1905 3254
1058 252 1108 291 lo

354 369 529 423 publica
554 369 745 409 accersiti
767 369 810 409 in
833 384 1034 424 campum
1067 369 1343 418 descendere,
1373 384 1420 410 ac
1442 384 1536 410 cum
1571 369 1808 411 Catholicis

352 442 395 481 in
419 440 591 496 Synodo
616 441 822 497 congredi
844 457 1068 498 nunquam
1091 444 1176 484 sint
1195 443 1301 489 ausi,
1326 441 1435 498 quid
1457 442 1577 483 aliud
1602 458 1731 498 quam
1755 443 1808 484 de

352 515 572 562 convictis,
606 529 833 570 causaeque
875 529 964 556 suae
1002 516 1102 557 licet
1141 531 1226 557 non
1266 516 1516 572 pertinaciae
1557 516 1810 557 cedentibus

349 587 564 643 judicium
602 589 830 643 posteritas
858 604 1029 645 semper
1070 590 1226 631 faciet?
1291 589 1361 630 De
1393 590 1550 630 nostris
1582 592 1697 638 vero,
1732 590 1809 645 qui

354 677 511 716 parum
552 662 819 718 quandoque
854 663 1062 704 Romanis
1096 664 1383 704 Pontificibus
1421 663 1550 718 aequi,
1599 663 1695 703 ideo
1738 678 1810 703 eos

353 737 397 776 in
439 736 623 791 Synodis
657 736 926 778 celebrandis
960 751 1134 777 aversos
1162 752 1253 778 esse
1286 737 1421 793 vulgo
1453 737 1669 777 criminari
1702 737 1808 777 sole-

354 810 472 855 bant,
519 824 573 850 ne
606 809 857 850 clericorum
897 810 1078 865 flagitia,
1119 825 1172 850 ne
1218 825 1376 865 pravos
1431 809 1639 850 Romanae
1681 810 1810 851 curiae

354 897 507 929 mores,
529 889 580 922 ut
600 883 685 937 ipsi
706 882 892 927 aiebant,
914 883 1123 937 patefieri,
1145 881 1423 923 emendarive
1455 888 1722 938 paterentur,
1743 898 1811 923 su-

353 971 672 1011 pervacaneum
695 965 758 998 est
778 973 856 998 nos
890 958 1124 1012 quicquam
1145 958 1280 1012 loqui,
1313 973 1410 999 cum
1438 973 1510 999 eos
1538 973 1606 998 res
1637 958 1745 1012 ipsae
1768 957 1810 996 in

354 1029 432 1070 hac
458 1029 632 1085 Synodo
653 1037 775 1070 tanta
799 1030 861 1070 Pii
883 1030 962 1071 IV.
996 1030 1294 1085 equabilitate,
1318 1046 1365 1071 ac
1396 1038 1573 1085 patrum
1603 1031 1809 1071 libertate

356 1110 492 1159 gestae
536 1104 806 1159 apertissime
847 1111 1115 1159 coarguant3
1147 1104 1246 1149 imo,
1279 1104 1427 1159 siquid
1460 1105 1506 1144 in
1542 1104 1622 1145 hoc
1654 1119 1812 1159 genere

355 1176 472 1231 quod
504 1176 559 1217 ad
580 1163 750 1217 morum
783 1176 1204 1218 animadversionem
1236 1185 1415 1232 spectat,
1448 1177 1532 1218 fuit
1552 1178 1811 1233 praetermis-

356 1265 463 1297 sum,
500 1249 545 1290 id
577 1251 851 1305 potissimum
888 1249 944 1290 ad
979 1265 1029 1290 ea
1058 1265 1157 1305 quae
1190 1250 1290 1290 laici
1322 1250 1408 1305 ipsi
1430 1249 1638 1290 adversus
1673 1263 1814 1290 sacros

356 1338 551 1370 canones,
574 1323 875 1379 Ecclesiaeque
896 1322 1132 1378 privilegia
1157 1329 1358 1363 exercent
1386 1324 1618 1378 pertinere,
1642 1338 1725 1364 non
1748 1330 1812 1363 est

357 1396 693 1451 ambigendum:
752 1397 814 1437 ita
842 1403 905 1443 ut,
947 1396 983 1436 si
1023 1395 1273 1451 aliquando,
1312 1395 1490 1436 Christo
1521 1397 1812 1451 permittente,

356 1470 448 1524 ejus
470 1484 627 1524 sponsa
647 1470 818 1525 integre
850 1470 893 1509 in
931 1484 1057 1509 suum
1089 1469 1287 1516 nitorem,
1326 1469 1417 1509 sine
1438 1484 1552 1524 ruga
1581 1475 1624 1509 et
1646 1469 1815 1509 macula

356 1543 412 1582 sit
432 1542 710 1589 restituenda,
733 1556 818 1583 11011
841 1541 1017 1582 aliunde
1041 1541 1219 1597 quidem
1242 1557 1374 1596 quam
1396 1541 1452 1581 ab
1488 1556 1635 1582 eorum
1673 1541 1813 1590 domo,

357 1623 399 1656 et
421 1615 731 1661 avindicanda,
750 1631 849 1670 quae
872 1631 896 1655 a
918 1615 1137 1656 nonnullis
1158 1615 1435 1671 opprimitur,
1455 1615 1662 1655 Ecclesiae
1684 1616 1814 1656 liber-

357 1696 458 1735 tate,
499 1689 555 1729 sit
587 1688 868 1735 inchoandus,
904 1688 1023 1743 quod
1065 1703 1178 1728 nunc
1209 1688 1294 1743 ipsi
1329 1688 1476 1743 probei
1506 1688 1815 1744 intelligentes,

357 1762 481 1803 facile
512 1762 751 1801 existimari
791 1767 946 1815 potest,
983 1775 1054 1801 eos
1081 1759 1260 1815 posthac
1293 1759 1403 1800 nihil
1430 1761 1573 1800 minus
1593 1775 1723 1815 quam
1764 1759 1817 1800 de

359 1832 546 1888 Synodis
568 1833 670 1872 ullis
702 1832 973 1873 celebrandis
1007 1834 1288 1888 cogitaturos
1325 1847 1422 1873 cum
1455 1847 1509 1873 ex
1529 1832 1596 1873 his
1618 1840 1815 1874 metuen-

357 1906 459 1946 dum
483 1906 614 1946 rebus
645 1906 733 1945 suis
755 1906 1001 1960 periculum
1038 1906 1262 1946 imminere
1284 1905 1506 1946 evidenter
1538 1907 1814 1961 perspiciant.

358 1979 523 2020 Verum
546 1985 666 2019 tanto
687 1979 788 2019 huic
810 1979 924 2020 malo
946 1979 1072 2020 Deus
1094 1980 1187 2035 ipse
1210 1979 1384 2034 quando
1407 1987 1581 2036 tempus
1613 1981 1696 2021 erit
1717 1995 1815 2036 pro-

356 2052 523 2107 spiciet.
598 2053 703 2100 Nos,
745 2067 797 2093 ne
835 2052 943 2108 quid
991 2053 1112 2108 operi
1151 2059 1297 2093 nostro
1335 2052 1447 2093 desit
1486 2053 1816 2109 descriptionem

358 2124 630 2165 Tridentinae
652 2125 801 2172 Urbis,
827 2141 958 2181 quam
982 2125 1085 2166 olim
1121 2140 1189 2166 me
1212 2125 1414 2167 hortante
1449 2125 1664 2167 Camillus
1687 2126 1820 2167 frater

359 2214 480 2239 meus
503 2206 674 2239 senator
697 2199 983 2240 Bononiensis
1006 2214 1103 2240 cum
1127 2214 1176 2239 eo
1213 2205 1409 2254 tempore
1438 2200 1701 2241 Tridentum
1735 2201 1819 2241 mei

358 2273 574 2314 invisendi
598 2288 725 2313 causa
747 2275 1004 2321 accessisset,
1039 2287 1123 2313 non
1156 2273 1423 2328 ineleganter
1445 2275 1699 2330 composuit,
1722 2281 1820 2330 post
1871 2327 1874 2329 Α

358 2346 528 2401 reliqua
560 2346 772 2401 subjicere
801 2346 1033 2393 voluimus,
1063 2352 1114 2385 ut
1126 2360 1225 2400 quae
1260 2345 1315 2386 ad
1347 2346 1507 2387 civium
1539 2347 1818 2388 Tridentino-

359 2435 456 2460 rum
478 2435 628 2463 mores,
652 2419 733 2459 loci
755 2418 1117 2463 commoditatem,
1137 2425 1438 2466 commeatum,
1454 2426 1630 2474 patrum
1652 2420 1819 2461 habita-

360 2493 510 2541 tiones,
526 2493 851 2540 oblectationes,
867 2506 1069 2535 secessus,
1092 2497 1336 2546 caeteraque
1359 2491 1404 2531 id
1427 2507 1566 2547 genus
1587 2494 1818 2548 pertinent,

361 2566 534 2607 abunde
563 2566 700 2621 possit
732 2564 935 2620 intelligi,
963 2579 1016 2605 ex
1053 2564 1213 2619 quibus
1236 2571 1330 2604 tum
1359 2565 1693 2621 jucunditatem,
1723 2574 1817 2607 tum

362 2640 415 2680 ad
438 2640 530 2680 haec
560 2647 708 2680 nostra
737 2646 831 2679 acta
854 2638 1012 2679 clarius
1030 2636 1341 2693 cognoscenda,
1364 2638 1602 2679 utilitatem
1626 2654 1710 2679 non
1733 2655 1819 2680 me-

361 2712 548 2754 diocrem
571 2728 662 2754 esse
684 2728 757 2753 eos
778 2717 1065 2767 percepturos
1087 2711 1214 2752 facile
1246 2711 1605 2752 existimavimus.
