1905 3254
349 289 432 329 358
968 302 1078 333 sEss.
1103 302 1181 331 vu.

348 414 393 454 in
415 427 509 454 eam
531 412 789 453 sententiam
810 410 1043 456 venissent,
1067 414 1119 448 ut
1140 407 1344 454 dicerent,
1367 413 1630 462 potestatem
1659 407 1689 448 J
1693 407 1802 447 uris-

349 486 546 526 dictionis
577 501 602 526 a
635 483 809 525 Christo
839 482 1073 538 Episcopis
1104 481 1254 526 tribui,
1275 480 1393 520 illius
1423 494 1525 520 vero
1552 478 1801 520 exercendae

348 558 576 599 materiam
598 564 730 612 atque
759 571 889 597 usum
911 571 936 596 a
957 556 1083 610 Papa
1112 553 1349 594 ministrari
1365 569 1375 602 3
1408 552 1595 607 ideoque
1625 551 1804 606 reliquis

349 628 614 685 persuadere
646 633 919 674 conarentur,
943 634 994 667 ut
1025 631 1285 682 potestatem
1317 623 1427 664 hanc
1453 638 1478 664 a
1500 622 1675 664 Christo
1705 637 1802 678 pro-

347 701 477 742 ficisci
492 701 747 746 faterentur,
766 699 885 754 quod
905 698 1085 753 perinde
1103 702 1228 743 esset,
1248 710 1295 737 ac
1311 696 1347 735 si
1363 709 1389 735 a
1403 695 1528 749 Papa
1548 693 1577 734 J
1582 692 1805 734 urisdictio

347 775 444 829 ipsa
473 772 736 821 hauriretur,
777 778 1009 827 postquam
1044 770 1164 810 illius
1202 767 1426 809 mutandae
1468 766 1803 821 adimendaeque

347 845 658 888 authoritatem
682 844 903 885 retineret,
965 841 1334 883 Animadversum
1364 846 1511 881 tamen
1542 839 1640 886 fuit,
1672 840 1804 896 longe

346 919 440 960 haec
460 919 575 959 inter
596 932 640 958 se
661 916 848 962 differre,
870 916 1099 970 multaque
1129 914 1228 954 hinc
1260 912 1571 953 absurdissima
1600 913 1804 967 pendero,

347 989 564 1045 siquidem
585 989 622 1029 si
641 987 972 1034 concedebatur,
994 986 1208 1041 originem
1240 984 1270 1024 J
1275 982 1563 1024 urisdjctionis
1585 997 1610 1022 a
1631 982 1807 1024 Christo

347 1062 552 1109 derivari,
574 1067 679 1102 tunc
697 1060 897 1116 quamvis
913 1060 1039 1114 Papa
1058 1056 1372 1098 distribuendae
1394 1055 1590 1096 materiae
1612 1056 1807 1097 minister

348 1141 472 1181 esset,
496 1135 652 1175 elicere
684 1140 831 1174 tamen
863 1131 964 1172 inde
996 1131 1238 1172 voluissent
1269 1144 1362 1170 eam
1397 1129 1587 1184 amplius
1617 1135 1805 1175 mutare,

347 1214 425 1248 aut
445 1208 654 1254 minuere,
682 1206 763 1246 nisi
795 1219 849 1245 ex
870 1218 999 1245 causa
1029 1204 1166 1258 Papae
1187 1217 1271 1243 non
1292 1202 1432 1249 licere,
1454 1208 1504 1242 ut
1532 1200 1652 1256 apud
1684 1201 1806 1241 Abb.

347 1281 392 1320 in
413 1286 571 1334 quaeste
592 1278 839 1333 incipiente,
862 1276 1127 1330 Episcopus,
1150 1275 1225 1315 διο.
1290 1273 1420 1324 Quod
1441 1274 1477 1314 si
1500 1280 1592 1314 tota
1614 1279 1807 1328 potestas

348 1367 373 1392 a
394 1352 518 1405 Papa
538 1351 737 1396 oriretur,
754 1356 859 1390 tunc
880 1349 923 1388 in
947 1349 1041 1403 ejus
1063 1348 1286 1394 facultate,
1308 1354 1521 1402 tanquam
1543 1346 1662 1402 quod
1682 1347 1712 1387 J
1718 1346 1809 1387 uris

346 1425 525 1482 positivi
546 1424 721 1472 dicitur,
743 1423 1088 1477 relinquebatur,
1113 1437 1207 1462 cam
1229 1422 1272 1461 in
1294 1421 1411 1461 hunc
1433 1421 1503 1461 vel
1524 1420 1663 1467 illum,
1685 1419 1808 1460 nulla

347 1497 495 1538 addita
514 1498 695 1543 ratione,
720 1496 966 1537 transferre.
1029 1495 1227 1535 Tametsi
1248 1501 1396 1534 autem
1413 1493 1536 1548 Papa
1551 1492 1712 1533 nemini
1730 1496 1806 1547 jus

346 1584 475 1609 suum
508 1568 712 1615 adimere,
749 1574 995 1621 cunctaque
1029 1565 1179 1606 ordine
1212 1565 1516 1605 administrare
1551 1563 1724 1611 debeat,
1761 1563 1806 1603 id

344 1634 491 1684 tamen
513 1640 774 1681 incommodi
796 1639 1073 1693 sequebatur,
1100 1637 1219 1692 quod
1239 1637 1275 1677 si
1295 1638 1419 1692 Papa
1440 1636 1708 1677 Beneficium
1730 1636 1806 1676 ali-

346 1714 463 1769 quod
494 1714 537 1753 in
569 1714 712 1754 aliena
734 1712 927 1753 Dioecesi
958 1725 1209 1772 reservare3
1243 1710 1278 1750 si
1297 1709 1501 1750 ordinarii
1534 1709 1807 1750 collationem

346 1775 615 1841 praevenire,
652 1786 687 1825 si
728 1785 783 1825 ab
819 1789 916 1840 ejus
949 1783 978 1825 J
984 1782 1264 1823 urisdictione
1300 1782 1514 1837 aliquem3
1551 1783 1587 1822 si
1627 1797 1723 1822 eum
1750 1781 1806 1822 ad

346 1859 526 1898 alteram
549 1856 865 1898 Cathedralem
887 1856 1133 1901 transferre,
1158 1861 1236 1896 aut
1269 1855 1355 1895 alia
1385 1853 1639 1909 hujusmodi
1667 1860 1805 1895 atten-

345 1937 492 1976 tasset,
528 1944 700 1984 semper
736 1928 1112 1984 disputationibus
1143 1927 1265 1983 prius
1300 1927 1590 1968 involvendus
1615 1934 1723 1975 erat,
1752 1942 1805 1969 an

341 2007 463 2058 justa
483 2008 587 2043 tunc
608 2015 736 2041 causa
757 2001 969 2046 subesset,
993 1999 1125 2055 quod,
1150 1999 1255 2040 nihil
1278 1999 1397 2040 aliud
1419 2004 1513 2040 erat
1535 2014 1667 2054 quam
1690 2013 1804 2046 eum,

346 2076 415 2116 cui
435 2090 604 2115 summa
624 2075 668 2114 in
691 2074 796 2114 alios
817 2080 1010 2128 potestas
1031 2073 1242 2114 divinitus
1259 2073 1345 2113 fuit
1361 2072 1536 2118 tradita,
1550 2072 1803 2112 inferiorum

346 2150 557 2196 sensibus,
580 2161 861 2202 censuraeque
884 2146 1114 2201 subjicere.
1178 2146 1342 2187 Idcirco
1362 2160 1533 2201 semper
1555 2145 1803 2185 Canonistae

345 2237 504 2269 omnes,
529 2227 572 2262 et
595 2221 666 2262 ah‘j
686 2220 817 2260 multi
837 2218 1168 2270 contenderunt,
1186 2219 1222 2259 si
1243 2219 1477 2273 quicquam
1499 2217 1544 2258 in
1564 2217 1644 2258 hac
1666 2224 1803 2258 mate-

343 2297 410 2336 ria
440 2300 533 2335 erat
559 2292 866 2338 definiendum,
887 2291 933 2331 id
952 2292 1086 2331 fixum
1109 2306 1282 2346 semper
1303 2297 1510 2338 maneret,
1538 2295 1802 2345 potestatem

345 2365 522 2422 quidem
544 2364 705 2405 ordinis
725 2369 862 2404 totam
894 2378 917 2403 e
945 2362 1042 2403 Deo
1075 2362 1276 2409 derivari,
1300 2363 1558 2417 Papamque
1589 2362 1632 2401 in
1664 2376 1730 2411 e0,
1751 2367 1802 2401 ut

344 2438 514 2479 nudum
536 2437 783 2478 ministrum
805 2436 967 2476 censeri
979 2453 990 2485 3
1023 2450 1177 2476 verum
1200 2441 1463 2491 potestatem
1487 2433 1803 2490 jurisdictionis

346 2526 370 2552 a
388 2512 525 2566 Papa,
541 2524 626 2550 non
647 2516 699 2549 ut
719 2509 1019 2557 instrumento,
1037 2507 1112 2548 sed
1127 2514 1337 2562 tanquam
1358 2508 1476 2548 fonte
1497 2513 1541 2548 et
1562 2521 1694 2547 causa
1715 2505 1802 2546 effi-

345 2584 482 2624 ciente
514 2581 724 2638 proficisci
739 2597 751 2630 3
783 2579 875 2621 haec
896 2579 1042 2620 omnia
1061 2580 1125 2620 ita
1145 2579 1233 2620 Dei
1253 2578 1525 2620 ordinatione
1547 2593 1624 2633 pro
1645 2577 1797 2619 Eccle-

344 2656 416 2695 siae
438 2671 528 2695 suae
549 2655 743 2695 utilitate
766 2653 1019 2694 constituta.

361 2729 375 2741 ⁶
402 2728 511 2769 Fuit
545 2727 592 2767 id
625 2741 802 2782 quoque
833 2724 1283 2773 animadvertendum,
1306 2725 1416 2766 hanc
1439 2724 1724 2781 quaestionem
1747 2723 1801 2764 de

344 2798 577 2853 Episcopis
608 2804 653 2838 et
688 2797 963 2851 Presbyteris
999 2796 1129 2837 fuisse
1167 2796 1265 2837 olim
1304 2796 1359 2836 ab
1382 2796 1517 2837 Aerio
1552 2796 1799 2842 excitatam,
