1905 3254
350 308 431 345 594
962 319 1069 350 SESS.
1096 319 1190 348 wli.

355 428 411 469 ad
455 428 507 468 10
548 433 625 469 aut
666 428 717 467 12
748 426 839 467 dies
879 426 1095 467 dilaturos
1128 426 1261 467 donec
1290 440 1316 466 a
1347 424 1522 466 Caesare
1554 439 1806 480 responsum

355 501 610 555 acceperint,
693 500 877 541 Interim
918 514 1020 540 vero
1067 499 1397 546 deliberaturos,
1450 513 1504 539 an
1547 498 1631 538 sibi
1680 498 1807 539 etiam
1837 504 1845 514 '

356 589 381 614 a
402 574 569 614 caeteris
591 574 647 614 sit
668 572 1051 628 supersedendum.
1107 572 1313 613 Scribunt
1329 570 1485 612 deinde
1504 570 1558 611 ad
1577 569 1808 619 Caesarem,

354 652 568 700 quantum
601 646 699 686 hinc
729 644 1047 686 incommodum
1085 644 1186 685 oriri
1218 645 1366 699 possit,
1399 650 1443 684 et
1468 658 1523 683 ne
1558 643 1806 684 libertatem

355 719 537 759 Cone-ilii
562 718 822 774 perturbare
853 719 982 759 velit:
1016 719 1100 759 sibi
1133 718 1262 765 enim,
1300 719 1416 758 salv-21
1457 716 1671 772 dignitate
1712 730 1805 764 sua,

354 805 436 831 non
458 791 586 831 licere
601 791 733 846 justis
754 791 1043 831 Praelatorum
1066 791 1356 846 petitionibus
1373 804 1634 845 repugnare.

411 864 583 904 Diebus
617 864 905 919 sequentibus
945 878 1110 918 magna
1144 863 1255 903 inter
1285 863 1499 902 Praelatos
1535 861 1808 916 perturbatio

354 943 450 977 orta
472 943 550 985 est,
575 952 671 977 cum
693 936 994 992 intelligerent
1022 935 1131 975 nihil
1161 935 1204 975 in
1233 935 1439 990 praesenti
1470 934 1523 974 de
1544 934 1621 974 illo
1644 934 1809 989 ²ultimo

355 1008 528 1064 Capite,
567 1008 694 1064 quod'
726 1008 782 1050 ad
822 1009 1137 1063 impedimenta
1178 1008 1463 1049 Saecularium
1504 1013 1684 1062 spectat,
1718 1022 1808 1048 esse

352 1082 588 1137 agendum,
611 1082 828 1137 multique
861 1097 915 1122 ex
948 1081 1014 1121 his
1046 1096 1187 1122 coram
1220 1080 1402 1136 Legatis
1438 1086 1589 1135 aperte
1625 1069 1809 1135 professi

350 1161 466 1203 sunt,
491 1157 548 1195 se¹
571 1155 614 1195 in
639 1154 1072 1210 Congregationibus
1093 1154 1269 1194 minime
1297 1167 1431 1208 super
1464 1153 1557 1193 aliis
1591 1152 1810 1208 capitibus

348 1243 643 1284 responsuros,
674 1228 756 1269 nisi
786 1227 865 1268 hoc
896 1228 1041 1282 ipsum
1074 1241 1173 1268 cum
1205 1226 1302 1266 aliis
1342 1228 1645 1282 conjungatur.
1706 1226 1808 1267 Non

350 1301 514 1342 omittit
536 1302 710 1356 aliquis,
734 1302 865 1341 etiam
890 1299 997 1340 adeo
1018 1314 1257 1355 propensos
1279 1299 1412 1339 fuisse
1434 1298 1489 1339 ad
1510 1299 1651 1339 omnia
1671 1314 1808 1354 prave

349 1374 679 1430 interpretanda
700 1381 849 1414 contra
867 1374 978 1413 Smum
1003 1373 1162 1421 Nrum,
1193 1387 1240 1412 ac
1274 1372 1453 1412 Curiam
1482 1373 1734 1421 Romanam,
1757 1379 1809 1413 ut

349 1447 542 1489 dicerent
573 1448 627 1489 de
654 1446 868 1489 industria
899 1461 923 1486 a
954 1445 1136 1500 Legatis
1167 1446 1331 1486 factum
1363 1460 1467 1491 esse,
1500 1452 1551 1486 ut
1583 1460 1681 1487 cum
1713 1446 1810 1486 aliis

350 1521 543 1561 articulis
574 1519 890 1561 reformationis
920 1517 965 1558 id
997 1517 1050 1558 de
1082 1517 1367 1558 saecularibus
1398 1517 1635 1567 adderent;
1668 1532 1809 1573 eoque

349 1593 476 1633 facile
518 1599 782 1633 eventurum
825 1590 1123 1647 conjiciebant,
1168 1596 1218 1630 ut
1257 1589 1482 1644 Principes
1531 1589 1809 1644 reclamaturi

349 1671 505 1712 essent,
539 1671 671 1720 atque
702 1665 764 1705 ita
795 1670 888 1704 tota
919 1662 1172 1703 reformatio
1204 1661 1474 1709 turbaretur,
1504 1676 1584 1702 nec
1618 1662 1808 1717 amplius

349 1739 585 1793 quicquam
608 1743 943 1793 proponeretur.
1007 1735 1099 1775 Alii
1122 1734 1347 1789 aequiores,
1381 1733 1481 1774 hinc
1510 1741 1663 1790 aperte
1686 1735 1807 1775 Prin-

348 1811 496 1866 cipum
540 1810 828 1851 Saecularium
862 1809 1053 1850 animum
1086 1807 1367 1863 detegebant,
1393 1808 1470 1862 qui
1504 1823 1601 1848 cum
1634 1808 1806 1849 assidue

345 1883 692 1924 reformationem
738 1882 988 1930 clamarent,
1035 1896 1130 1921 eam
1177 1887 1325 1920 tamen
1374 1879 1429 1921 ad
1477 1880 1807 1922 Ecclesiasticos

344 1963 531 2003 tantum,
561 1970 644 1996 non
676 1954 731 1995 ad
766 1954 942 2010 seipSOS,
969 1953 1130 1994 referre
1167 1952 1418 2007 cupiebant.
1480 1952 1599 1994 Hinc
1630 1967 1806 2008 quoque

347 2028 693 2069 criminabantur
738 2027 1012 2082 Legatorum
1053 2024 1282 2065 consilium
1328 2024 1372 2064 in
1416 2023 1689 2065 concedenda
1727 2023 1807 2065 hac

346 2100 582 2147 dilationc3
613 2113 691 2139 nec
723 2098 916 2153 amplius
947 2096 1256 2144 dubitandum,
1283 2111 1337 2137 an
1370 2096 1614 2137 Concilium
1650 2096 1705 2137 sit
1738 2111 1806 2137 su-

346 2187 430 2227 pra
462 2173 644 2228 Papam,
683 2170 1036 2226 quandoquidem
1068 2169 1230 2210 nedum
1253 2169 1389 2224 Papae
1422 2169 1496 2210 sed
1528 2169 1808 2224 Imperatori'

348 2244 502 2292 subsit,
543 2243 599 2284 ad
630 2258 816 2298 quorum
859 2243 1067 2283 mandata
1097 2257 1165 2283 res
1206 2242 1474 2297 gravissimae
1516 2257 1563 2282 ac
1593 2242 1804 2283 Ecclesiae

348 2317 592 2357 utilissimae
632 2315 922 2355 retardentur.
985 2315 1148 2370 Legati
1181 2321 1327 2354 tamen
1360 2315 1457 2369 ipsi,
1489 2330 1576 2355 non
1607 2316 1699 2356 sine
1738 2330 1804 2356 ra-

346 2390 463 2431 tione
485 2388 712 2430 consilium
735 2387 849 2427 illud
871 2387 1098 2442 elegerant
1111 2403 1122 2436 3
1151 2401 1263 2435 nam,
1286 2393 1467 2441 petente
1488 2386 1679 2436 Caesare,
1698 2387 1804 2429 dila-

346 2463 511 2504 tionem
543 2468 714 2502 tantum
748 2459 804 2500 ad
825 2475 853 2500 x
876 2459 983 2508 dies,
1006 2459 1138 2515 idque
1169 2474 1223 2500 ne
1247 2460 1498 2501 Germaniae
1532 2476 1598 2502 res
1629 2468 1802 2517 pertur-

344 2535 567 2580 barentur,
591 2534 627 2574 si
649 2533 757 2588 quid
779 2533 888 2573 forte
908 2532 953 2572 in
975 2546 1025 2572 eo
1047 2532 1188 2586 capite
1211 2531 1418 2573 adversus
1440 2537 1536 2589 ejus
1557 2533 1802 2575 confedera-

345 2609 485 2648 tiones
517 2621 613 2648 cum
646 2605 926 2660 Principibus
956 2604 1138 2660 Imperii
1169 2605 1476 2646 contineretur.
1541 2607 1655 2647 Satis
1681 2610 1804 2661 Justa

391 2725 400 2743 ¹
428 2729 484 2766 Ne,
504 2727 574 2757 MS.

387 2787 400 2804 ²
424 2789 455 2817 It
477 2786 591 2817 should
606 2797 720 2827 appear
734 2790 764 2817 to
780 2787 818 2817 be
835 2786 1080 2827 Imperatoribus
1105 2786 1184 2815 from
1210 2785 1261 2814 the
1284 2796 1420 2826 quorum
1438 2785 1542 2816 which
1559 2785 1690 2816 follows.
1738 2783 1803 2813 The

346 2841 537 2871 contraction
554 2839 578 2870 is
595 2840 716 2880 Impris‚
763 2841 792 2870 lt.
807 2850 865 2871 can
881 2840 996 2878 hardly
1013 2840 1050 2869 be
1066 2839 1117 2869 the
1133 2838 1278 2878 genitive.

1873 1738 1882 1794 J}

1872 1938 1879 2070 ἶ

1872 2071 1878 2146 ἒ

1872 2145 1878 2219 ³

1872 2320 1879 2414 i,

1872 2417 1878 2545 l

1871 2547 1879 2725 ἒ
