1905 3254
377 323 459 364 334
999 339 1112 370 snss.
1141 340 1215 369 ΠΙ.

435 446 909 503 Campanensis-olim
932 448 1115 502 majores
1138 444 1391 486 Sacerdotes
1413 450 1457 484 et
1478 444 1663 484 minores
1684 442 1832 484 eodem

374 521 545 562 nomine
580 521 862 576 Presbyteros
898 520 1169 575 appellatos:
1202 525 1368 574 postea,
1415 522 1629 558 crescente
1667 515 1835 565 haeresi,

376 592 579 634 distincta
609 593 742 634 fuisse
779 592 1005 640 vocabula,
1039 599 1084 633 et
1122 591 1333 647 Episcopi
1368 590 1618 631 dicerentur
1650 590 1837 645 majores

378 666 647 714 Sacerdotes,
681 672 724 707 et
746 666 1000 722 Presbyteri
1020 666 1219 706 minores.
1283 663 1392 705 Inde
1414 663 1564 711 multa,
1595 662 1836 718 theologice

378 746 422 780 et
442 739 706 787 scholastice,
730 738 945 786 disseruit,
968 738 1184 794 quomodo
1212 737 1242 778 J
1247 752 1298 777 us
1319 736 1515 777 divinum
1538 734 1836 791 accipiendum

378 827 432 853 ex
455 812 637 853 termino
661 826 686 851 a
708 826 794 866 quo
815 817 858 851 et
880 813 1065 851 termino
1084 809 1138 851 ad
1160 825 1317 865 quem3
1340 815 1385 850 et
1400 808 1577 850 tandem
1599 806 1834 854 concludit,

381 885 603 926 Canonem
626 884 862 939 septimum
884 884 1159 939 propositum
1179 898 1264 923 non
1284 883 1471 938 placere.

437 956 1003 999 Montisfalisci—-distinxit
1038 955 1275 996 doctrinam
1310 955 1354 995 in
1395 954 1586 1010 quinque
1609 960 1773 1010 partes,
1796 959 1841 993 et

379 1030 572 1086 singulas
592 1029 799 1085 probavit
820 1028 1066 1068 rationibus
1088 1034 1132 1068 et
1155 1027 1514 1068 authoritatibus,

435 1100 875 1143 Auriensis—Verba
914 1100 1004 1148 illa,
1057 1099 1110 1140 In
1160 1106 1332 1156 partem
1379 1098 1678 1145 solicitudinis,
1715 1112 1841 1153 posse

378 1177 569 1232 intelligi
595 1175 840 1230 dupliciter,
875 1174 946 1215 vel
968 1173 1085 1230 quod
1115 1173 1326 1229 Episcopi
1357 1173 1443 1213 sint
1479 1172 1634 1220 vocati,
1665 1186 1750 1212 non
1786 1169 1842 1212 ad

379 1250 672 1292 universalem
695 1263 845 1290 curam
881 1248 957 1289 sed
989 1247 1328 1304 particularem3
1361 1246 1436 1287 sed
1456 1245 1572 1302 quod
1593 1245 1679 1286 sint
1699 1243 1840 1286 vocati

381 1324 437 1365 ab
458 1324 555 1379 ipso
588 1322 723 1377 Papa,
753 1321 817 1362 ita
848 1328 900 1362 ut
927 1336 1010 1361 non
1042 1321 1128 1361 sint
1148 1321 1287 1361 vocati
1309 1335 1334 1360 a
1356 1318 1532 1359 Christo
1553 1334 1607 1360 ex
1628 1317 1842 1360 sententia

381 1396 672 1443 Turrecrem.,
709 1400 753 1435 et
783 1393 895 1435 hanc
930 1408 1022 1434 esse
1055 1392 1247 1434 ordinem
1281 1391 1592 1447 disputationis
1618 1392 1729 1432 inter
1749 1406 1839 1439 nos,

382 1485 436 1510 ex
458 1483 544 1524 quo
571 1466 684 1507 illud
705 1473 867 1515 manat,
891 1481 945 1507 an
973 1466 1100 1521 Papa
1121 1465 1256 1520 possit
1277 1465 1368 1505 sine
1391 1468 1534 1505 causa¹
1560 1464 1764 1512 adimere,
1798 1470 1843 1504 et

382 1548 555 1582 mutare
594 1540 892 1595 Episcopatus
906 1556 916 1588 3
962 1544 1202 1593 utrumque
1242 1537 1345 1577 oriri
1386 1552 1439 1578 ex
1479 1537 1842 1592 interpretatione

381 1615 555 1655 illorum
579 1614 827 1663 verborum,
856 1612 962 1652 Tibi
994 1611 1108 1651 dabo
1141 1611 1296 1657 claves,
1321 1612 1415 1658 δία,
1440 1625 1508 1658 an,
1530 1611 1705 1658 scilicet,
1729 1610 1844 1652 dicta

382 1686 515 1726 Petro
532 1690 582 1724 ut
606 1683 757 1739 Capiti
778 1683 1030 1730 universali,
1054 1697 1106 1722 an
1129 1688 1179 1723 ut
1199 1682 1451 1723 Protectori.
1513 1682 1656 1738 Atqui
1676 1688 1845 1723 senten-

383 1760 489 1800 tiam
511 1759 855 1800 Turrecrematae
878 1756 1048 1812 pridem
1071 1756 1295 1811 explosam
1317 1771 1407 1797 esse
1441 1771 1466 1797 a
1486 1755 1738 1812 Theologis,
1770 1759 1846 1811 qui

384 1832 601 1874 affirmant
621 1831 864 1887 Episcopos
891 1829 1067 1886 quidem
1088 1829 1259 1870 institui
1282 1845 1307 1870 a
1328 1829 1467 1885 Papa,
1500 1828 1576 1869 sed
1598 1835 1648 1870 ut
1669 1844 1695 1870 a
1715 1844 1844 1870 causa

384 1906 671 1954 ministeriali,
707 1920 791 1946 non
824 1911 874 1946 ut
910 1919 1041 1945 causa
1072 1903 1287 1947 efficienti,
1317 1918 1415 1943 cum
1439 1917 1569 1943 causa
1589 1902 1844 1958 principalis

385 1980 441 2020 sit
464 1979 690 2027 Christus3
723 1978 910 2033 ideoque
945 1992 997 2018 ea
1016 1976 1163 2021 verba,
1202 1975 1308 2015 Tibi
1340 1974 1455 2015 dabo
1487 1975 1643 2022 claves,
1669 1976 1761 2023 &c.,
1791 1974 1846 2015 ad

387 2053 493 2094 alios
524 2053 655 2093 etiam
686 2050 918 2107 pertinere,
942 2055 993 2090 ut
1012 2049 1057 2089 in
1078 2064 1171 2104 cap.
1195 2056 1243 2103 p0
1265 2047 1318 2088 de
1340 2062 1494 2088 summ.
1514 2047 1687 2096 Trinit„
1724 2054 1767 2089 et
1793 2062 1847 2089 ex

386 2126 500 2167 dicto
521 2124 665 2171 Pauli,
689 2124 797 2164 alios
815 2121 1063 2177 Apostolos,
1086 2121 1192 2162 alios
1214 2119 1468 2176 Prophetas,
1492 2121 1598 2162 alios
1620 2121 1822 2162 Pastores
1835 2136 1845 2169 3

387 2205 431 2240 et
455 2199 497 2239 S.
527 2197 660 2238 Basil.
683 2196 736 2236 de
757 2195 846 2237 Vit.
883 2195 1062 2243 solitar„
1086 2200 1130 2235 et
1152 2194 1242 2235 Leo
1266 2194 1310 2234 in
1335 2209 1475 2242 serm„
1498 2193 1653 2234 Ambr.
1676 2194 1719 2234 in
1742 2194 1845 2235 Pas-

387 2272 527 2321 toral„
553 2277 597 2312 et
620 2270 661 2310 S.
689 2270 844 2325 Greg.,
869 2269 947 2323 qui
966 2267 1171 2322 prohibet
1199 2282 1242 2307 se
1265 2267 1408 2307 vocari
1438 2266 1742 2308 Universalem
1756 2284 1767 2317 3
1802 2268 1844 2308 S.

389 2345 542 2386 Thom.
571 2349 719 2384 contra
741 2341 906 2381 Gentil.
941 2340 1016 2380 lib.
1039 2341 1066 2379 4
1095 2354 1186 2394 cap.
1222 2339 1290 2387 54,
1318 2338 1384 2386 74,
1417 2338 1496 2388 76;
1529 2345 1573 2379 et
1602 2339 1645 2379 in
1679 2338 1845 2395 Opust:.

390 2417 518 2458 Dixit
549 2416 678 2457 etiam
709 2413 826 2470 quod
860 2418 959 2453 ante
992 2412 1350 2452 consecrationem
1385 2411 1634 2467 Episcopus
1668 2427 1754 2452 non
1784 2418 1848 2453 est

390 2504 576 2545 sponsus
596 2487 815 2534 Ecclesiae,
850 2500 928 2526 nec
949 2490 1126 2526 tenetur
1154 2499 1315 2539 ponere
1340 2484 1527 2524 animam
1561 2499 1641 2540 pro
1674 2485 1844 2533 ovibus,

391 2569 436 2604 et
468 2561 638 2609 similia,
670 2559 746 2600 sed
767 2564 937 2600 tantum
960 2564 1058 2614 post
1079 2557 1454 2604 consecrationem,
1488 2563 1532 2597 et
1554 2557 1674 2613 quod
1695 2557 1738 2597 in
1762 2556 1845 2598 Ca-

391 2650 502 2676 none
535 2634 738 2681 addatur,
781 2632 897 2688 quod
936 2630 1149 2686 Episcopi
1189 2636 1290 2670 sunt
1330 2630 1518 2685 subjecti
1551 2631 1580 2672 J
1585 2645 1663 2672 ure
1697 2630 1846 2672 divino

392 2709 540 2763 Papae,
564 2707 608 2747 in
631 2721 716 2762 quo
739 2711 802 2746 est
822 2703 1047 2760 plenitudo
1068 2702 1313 2758 potestatis.

523 2821 529 2839 ²
559 2823 599 2852 So
616 2822 629 2850 I
646 2820 728 2859 read,
744 2830 776 2850 as
790 2819 814 2850 it
829 2830 957 2860 appears
973 2824 1003 2849 to
1018 2819 1055 2849 be
1072 2829 1171 2849 cci-a
1187 2829 1333 2849 common
1348 2817 1537 2849 contractior]
1554 2818 1600 2848 for
1615 2827 1718 2849 causa.
