1905 3254
339 276 392 314 :20
987 292 1098 320 sess.
1125 290 1152 319 1.

340 412 391 437 ea
430 412 476 437 re
512 397 784 438 habiturum.
860 396 946 436 His
977 397 1116 437 literis
1153 394 1352 449 acceptis,
1386 393 1548 448 Legati
1586 391 1800 448 Hispanis

339 470 483 509 omnia
511 468 758 524 indulgent.
822 469 1095 509 Nunciatum
1132 474 1285 522 postea
1318 465 1406 506 fuit
1442 465 1485 504 in
1521 464 1799 512 Consistorio,

342 541 600 582 Cardinales
631 542 721 582 fere
753 556 900 582 omnes
936 541 1202 587 dissensisse,
1233 545 1277 579 et
1317 538 1542 593 praecipue
1575 536 1800 576 Bartholo-

340 630 487 656 meum
512 614 790 655 Cardinalem
815 614 1015 654 Cuevam
1048 613 1316 667 Hispanum,
1341 611 1418 665 qui
1453 611 1608 650 acriter
1631 623 1702 649 eos
1725 608 1803 649 1100

341 688 514 728 1101111110
547 688 880 742 perstrinxerat.
945 686 1095 735 Quum
1132 691 1276 724 tamen
1311 683 1560 738 legatorum
1593 681 1802 721 facilitate

341 761 419 800 hoc
452 761 514 800 eis
545 764 636 814 jam
669 759 814 799 suerat
847 772 1106 805 concessum,
1139 770 1224 796 11011
1257 755 1407 796 (1001111
1441 754 1630 809 amplius
1652 752 1803 794 condo-

341 840 488 873 natam
512 832 699 886 gratiam
722 845 937 871 revocare.

402 905 525 944 Dum
556 902 648 943 haec
681 909 910 958 geruntur,
945 901 1152 940 Summus
1174 899 1378 940 Pontifex
1406 898 1630 944 Praelatos,
1652 896 1730 952 qui
1760 897 1805 936 in

346 978 456 1017 urbe
492 977 790 1023 morabantur,
817 975 978 1029 sepius
1014 973 1068 1013 ad
1103 972 1415 1028 profectionem
1448 978 1590 1026 urget.
1654 969 1805 1009 Cardi-

344 1049 486 1089 nalem
509 1048 639 1088 etiam
659 1048 959 1093 Simonettam,
983 1046 1061 1100 qui
1084 1044 1225 1084 adhuc
1246 1045 1396 1084 Romae
1420 1057 1443 1082 a
1466 1043 1707 1083 Sanctitate
1729 1056 1809 1082 sua

347 1120 478 1160 variis
499 1119 716 1161 obeundis
737 1118 997 1159 muneribus
1019 1117 1316 1163 detinebatur,
1341 1130 1393 1155 ex
1415 1115 1524 1154 urbe
1547 1113 1740 1162 dimittit,
1760 1120 1810 1153 ut

348 1208 479 1248 quam
514 1193 732 1234 celerrime
770 1207 814 1231 se
847 1190 1052 1231 Tridenti
1089 1205 1185 1230 cum
1228 1189 1322 1229 aliis
1361 1188 1520 1244 legatis
1558 1189 1807 1243 conjungat.

347 1267 548 1308 Fuerunt
588 1266 664 1320 qui
695 1264 903 1311 dicerent,
938 1261 1214 1318 ingrediente
1252 1261 1495 1301 Simonetta
1531 1260 1808 1307 Tridentum,

347 1339 523 1394 igneam
558 1338 777 1378 flammam
818 1342 1091 1390 conspectam
1128 1334 1262 1374 fuisse
1304 1333 1422 1373 illius
1457 1333 1591 1388 capiti
1628 1347 1682 1373 ex
1724 1332 1811 1372 alto

348 1412 661 1452 imminentem.
740 1409 827 1450 Sed
862 1408 973 1448 illud
1014 1423 1066 1448 ex
1105 1407 1362 1462 vulgarium
1404 1407 1554 1461 potius
1594 1405 1810 1461 opinione,

347 1500 479 1540 quam
502 1485 565 1524 rei
589 1483 773 1524 veritate
802 1482 945 1529 fiuxit,
969 1495 1066 1520 011111
1097 1479 1253 1520 01110111
1277 1479 1339 1518 illi
1363 1479 1489 1534 ignes
1511 1485 1655 1519 essent
1678 1493 1811 1533 vapo-

345 1558 470 1598 ribus
491 1556 674 1596 incensis
697 1554 890 1601 excitati,
915 1559 1049 1608 atque
1085 1553 1201 1592 intra
1232 1552 1447 1592 montium
1480 1566 1676 1591 recessus
1709 1558 1812 1591 111110

349 1631 413 1670 ita
433 1630 662 1669 micantes:
696 1626 816 1682 quod
836 1625 952 1666 idem
976 1625 1219 1665 Simonctta
1239 1624 1552 1679 comprobavit.

407 1701 545 1741 Paulo
591 1707 690 1740 ante
727 1698 891 1754 Legati
932 1698 962 1738 J
968 1697 1166 1737 ubileum
1200 1712 1223 1736 a
1257 1697 1535 1736 Sanctissimo
1570 1696 1630 1737 N.
1664 1695 1815 1736 Romae

352 1774 565 1814 indictuni
587 1787 666 1827 pro
690 1771 802 1812 felici
833 1784 1068 1825 progressu
1093 1768 1278 1808 Concilii
1310 1768 1379 1808 hic
1399 1769 1483 1808 rite
1506 1767 1813 1808 celebrandum

355 1847 532 1902 publice
560 1845 888 1890 mandaverant,
911 1842 1121 1883 solemnes
1141 1842 1484 1897 supplicationes
1518 1842 1814 1890 decreverant,

355 1920 609 1960 triduanum
646 1917 864 1974 jejunium
905 1922 1167 1963 statuerant,
1207 1915 1449 1963 Orationes,
1492 1915 1815 1970 Eleemosynas,

354 1998 667 2037 sacrosanetam
705 1988 1041 2035 Confessionem,
1079 1993 1213 2041 atque
1249 1986 1607 2027 Cominunionem
1650 1987 1817 2028 cunctis

356 2064 620 2105 indixerant.
671 2062 782 2112 Quae
802 2076 898 2102 cum
916 2075 1062 2100 omnes
1079 2059 1152 2115 pie
1170 2059 1506 2113 solemniterque
1526 2059 1746 2107 obiissent,
1770 2074 1818 2100 ae

349 2138 440 2192 jam
463 2150 560 2176 cum
582 2135 730 2190 plures
750 2133 931 2174 Praelati
953 2131 1213 2173 Tridentum
1237 2146 1280 2171 se
1303 2132 1579 2186 recepissent,
1603 2138 1646 2172 et
1667 2132 1815 2172 statim

358 2209 601 2249 Simonetta
620 2206 879 2254 advenisset,
897 2205 995 2245 hinc
1014 2205 1058 2244 in
1076 2211 1235 2244 certam
1251 2210 1352 2244 sunt
1369 2219 1516 2244 omnes
1532 2219 1653 2259 spem
1671 2205 1816 2253 erecti,

358 2280 542 2321 Concilii
574 2294 641 2320 res
673 2294 757 2319 non
782 2279 967 2334 amplius
988 2276 1284 2318 retardandaS.
1346 2277 1510 2332 Legati
1542 2277 1628 2331 ipsi
1665 2277 1817 2332 primae

358 2353 533 2395 sessioni
568 2352 683 2392 diem
707 2352 749 2391 in
773 2351 873 2392 Kal.
898 2351 927 2391 J
933 2351 1101 2391 anuarii
1125 2350 1382 2390 MDLXII.
1407 2350 1604 2405 cogitant
1624 2350 1819 2404 praescri-

359 2428 491 2468 bere:
525 2431 776 2480 comparant
813 2440 863 2465 ea
896 2439 994 2479 quae
1031 2423 1207 2463 solemni
1240 2422 1342 2462 111110
1374 2422 1462 2462 (1101
1499 2422 1681 2478 agendae
1715 2429 1818 2463 sunt

359 2500 611 2542 necessaria.
660 2498 825 2539 Verum
849 2498 1017 2537 Summi
1040 2496 1261 2537 Pontificis
1292 2496 1496 2536 Nuncius
1528 2495 1649 2551 apud
1670 2496 1708 2536 F
1711 2495 1818 2536 01111-

359 2573 554 2614 nandum
577 2572 904 2625 Imperatorem,
939 2569 1015 2624 qui
1051 2576 1153 2609 tunc
1190 2574 1283 2608 erat
1315 2567 1550 2608 Zac-charia
1570 2567 1820 2623 Delphinus

360 2645 572 2691 Venetus,
606 2642 810 2696 idemque
844 2641 1092 2694 Episcopus
1127 2639 1332 2687 Pharen.,
1371 2640 1520 2679 statim
1553 2654 1633 2694 per
1672 2639 1820 2679 literas

363 2718 547 2772 Legatis
576 2715 768 2762 nunciat,
808 2713 1014 2754 Oratores
1047 2712 1294 2768 Majestatis
1326 2726 1428 2760 suae,
1464 2719 1507 2752 et
1542 2712 1678 2767 Regis
1714 2712 1818 2752 His-

364 2790 518 2844 paniae,
560 2788 677 2828 illinc
718 2784 974 2840 propediem
1022 2784 1294 2832 discessuros,
1335 2799 1412 2825 nec
1456 2784 1511 2824 ob
1553 2784 1821 2825 incommoda
