1905 3254
688 303 802 333 sess.
830 303 907 332 v11.
1440 286 1525 326 485

63 411 253 452 Dicebat
282 411 413 451 etiam
445 425 503 458 se,
525 410 666 465 spatio
697 409 982 466 septuaginta
1013 424 1224 450 annorum
1248 423 1356 464 quos
1376 409 1421 448 in
1442 408 1522 448 hac

64 484 158 524 vita
189 489 352 539 egerat,
381 497 427 523 ac
461 483 584 523 bonis
616 482 755 522 literis
787 497 966 537 operam
1001 481 1196 530 dederat,
1219 496 1376 537 parum
1410 479 1521 520 didi-

63 556 170 597 cisse
193 555 331 596 videri
352 570 490 611 posse,
506 555 590 595 nisi
607 555 726 602 sciat,
745 569 835 610 qua
851 554 1017 594 ratione
1039 561 1259 595 extremus
1278 553 1348 594 hic
1370 566 1521 593 cursus

65 627 120 667 sit
141 625 445 682 peragendus3
479 625 680 680 adeoque
713 626 883 681 placato
916 625 1057 665 animo
1080 624 1167 664 haec
1188 625 1382 679 proferre
1407 623 1521 664 vide-

66 699 210 747 batur,
233 706 283 740 ut
313 699 521 740 subderet
552 698 816 754 quandoque
845 697 939 738 haec
971 698 1133 737 verba:
1167 696 1441 737 Medicorum
1463 711 1525 736 so-

63 770 246 812 licitudo
278 778 343 812 est
375 771 728 827 reprehensibilis
745 788 755 821 ;
789 771 913 811 alunt
945 771 1159 817 morbum,
1194 775 1522 825 prorogantque

66 842 268 884 humanis
310 843 634 885 medicamentis
674 843 902 884 mortalem
943 843 1079 884 vitam
1114 842 1169 883 ad
1201 857 1364 898 paucos
1405 841 1525 890 dics3

66 930 165 956 nam
194 931 298 957 vera
322 917 412 957 vita
444 916 644 957 Christus
675 922 753 963 est,
778 930 907 970 quem
939 915 1024 970 ipsi
1057 914 1304 955 retardant:
1338 928 1525 968 cumque

69 987 155 1028 alia
178 989 320 1030 multa
351 988 431 1030 hoc
465 1004 625 1045 genere
656 990 828 1029 locutus
862 989 1026 1036 fuisset,
1049 988 1282 1043 subjunxit
1315 1003 1359 1028 se
1395 987 1526 1028 ctiam

68 1060 273 1101 nonnulla
307 1062 447 1102 animo
479 1062 738 1117 concepisse,
762 1077 860 1116 quae
891 1060 1053 1101 diceret
1073 1060 1126 1102 de
1152 1060 1348 1101 Concilio
1369 1066 1412 1101 et
1432 1064 1527 1115 ejus

68 1148 318 1190 progressu,
342 1134 417 1176 sed
437 1135 552 1176 nolle
574 1135 723 1175 Deum
746 1141 795 1175 ut
816 1149 867 1174 ea
886 1133 1096 1189 loquatur
1108 1150 1119 1183 3
1148 1133 1271 1174 illum
1294 1133 1530 1188 aliquando

70 1206 164 1246 haec
186 1206 422 1254 dicturum,
446 1213 490 1248 et
506 1205 986 1262 judicaturum—quod
1007 1205 1219 1246 creditum
1241 1212 1306 1246 est
1327 1206 1383 1246 ab
1405 1221 1454 1246 eo
1475 1206 1531 1246 ob

73 1284 241 1320 veteres
275 1278 328 1320 de
364 1278 395 1319 J
403 1294 477 1320 ure
509 1279 658 1320 divino
693 1278 1028 1333 disceptationes
1061 1277 1225 1318 dictum
1259 1277 1406 1326 fuisse,
1431 1293 1530 1333 quae

74 1353 216 1394 adhuc
240 1354 467 1409 vigebant.

128 1426 198 1467 Eo
219 1433 402 1475 mortuo,
423 1432 732 1468 testamentum
754 1427 859 1481 ejus
884 1424 1001 1481 quod
1033 1425 1088 1465 ab
1112 1440 1161 1466 eo
1185 1426 1324 1466 veteri
1347 1440 1464 1466 more
1487 1426 1529 1465 in

79 1500 251 1554 scriptis
286 1499 511 1540 conditum
552 1499 708 1546 fuerat,
750 1498 908 1539 lectum
950 1504 1015 1538 est
1047 1498 1200 1539 multis
1232 1499 1532 1554 praesentibus,

75 1573 187 1613 inter
219 1587 328 1628 quos
359 1587 442 1628 ego
472 1587 646 1627 quoque
681 1570 870 1611 aderam.
936 1570 988 1611 In
1022 1572 1117 1626 ejus
1143 1571 1355 1627 principio
1383 1585 1535 1611 causas

77 1659 177 1700 quae
199 1659 299 1685 eum
323 1645 601 1699 impulerant,
625 1651 675 1684 ut
697 1643 888 1684 testandi
918 1643 1171 1684 facultatem
1202 1644 1417 1684 obtineret
1437 1658 1535 1684 nar-

78 1718 230 1768 rabat,
273 1718 480 1773 primum,
523 1723 574 1757 ut
608 1723 852 1758 occurreret
893 1717 1244 1756 contentionibus
1287 1724 1330 1757 et
1366 1717 1534 1765 litibus,

79 1806 178 1846 quae
209 1791 323 1832 inter
356 1792 450 1846 ejus
483 1790 826 1845 consanguineos
856 1788 957 1828 oriri
990 1789 1257 1843 potuissent:
1292 1788 1464 1837 deinde,
1489 1796 1538 1830 ut

81 1878 126 1905 se
147 1864 371 1905 nonnullis
392 1879 445 1904 ex
469 1863 756 1904 familiaribus
783 1862 873 1901 suis
895 1862 1004 1902 benc
1026 1861 1079 1902 de
1102 1877 1152 1902 eo
1174 1862 1339 1903 meritis
1361 1868 1537 1918 gratum

81 1937 353 1987 ostenderet3
393 1944 438 1978 et
471 1936 645 1977 tandem
688 1950 732 1975 sc
770 1935 938 1989 aliquot
979 1935 1212 1989 insignium
1247 1935 1439 1975 virorum
1473 1935 1540 1975 sui

82 2008 258 2059 ordinis,
291 2009 367 2064 qui
401 2009 550 2049 testati
583 2007 884 2053 discesserunt,
919 2006 1121 2061 exempla
1152 2005 1282 2046 fuisse
1319 2006 1538 2047 imitatum

83 2081 244 2131 aiebat,
274 2081 413 2122 veluti
447 2079 728 2121 Cardinalem
761 2077 991 2133 Egidium,
1028 2078 1302 2126 Caietanum,
1331 2085 1375 2118 ct
1399 2079 1538 2134 Quig-

83 2169 216 2196 nones
235 2154 366 2195 titulo
388 2155 557 2194 Sanctae
582 2153 748 2192 Crucis.
803 2151 1152 2191 Commendabat
1174 2150 1330 2191 deinde
1352 2152 1538 2193 animam

85 2242 208 2268 suam
237 2226 396 2267 divinae
423 2226 679 2274 clementiae,
703 2231 746 2265 ct
767 2225 1096 2280 protestabatur
1118 2223 1246 2264 fidem
1270 2223 1541 2266 Catholicam

86 2300 236 2341 multis
257 2300 415 2341 verbis.
477 2298 710 2340 Mandavit
744 2312 901 2352 corpus
934 2312 1059 2338 suum
1092 2297 1269 2353 sepeliri
1291 2297 1413 2352 apud
1433 2298 1541 2338 Ere-

88 2374 286 2421 mitanos,
309 2388 396 2428 quo
418 2373 510 2413 loco
538 2372 622 2427 ipsi
644 2371 848 2420 mallent3
880 2385 963 2410 non
985 2376 1129 2411 tamen
1152 2370 1266 2410 intra
1287 2370 1544 2418 Ecclesiam,

88 2445 164 2487 sed
190 2446 233 2486 in
265 2445 472 2486 Claustro
503 2451 578 2485 aut
610 2443 888 2490 Coemcterio,
923 2442 1014 2482 sine
1047 2456 1209 2496 pompa
1240 2440 1343 2486 ulla,
1378 2441 1545 2497 absque

89 2517 264 2574 lapideo
298 2517 484 2564 tumulo,
518 2524 562 2557 ct
590 2517 746 2571 inject-51
777 2515 911 2555 humo
945 2521 1134 2561 tantum,
1166 2520 1300 2568 atque
1331 2512 1545 2554 lateribus

91 2591 373 2647 superstratis
393 2591 577 2645 contegi,
601 2589 716 2630 unde
740 2590 783 2629 in
806 2588 942 2629 alium
969 2587 1110 2627 locum
1140 2600 1225 2626 non
1247 2585 1546 2634 transferatur,

93 2661 225 2704 donce
247 2662 302 2703 ad
323 2677 576 2717 supremum
600 2662 687 2703 Dei
713 2661 927 2717 judicium
950 2674 1094 2699 omnes
1115 2656 1321 2699 evocandi
1343 2665 1386 2698 et
1410 2673 1549 2700 resur-

94 2735 255 2776 recturi
276 2736 451 2776 erimus.
514 2735 717 2790 Reliquit
744 2733 900 2775 deinde
935 2733 1054 2772 varia
1085 2732 1231 2786 legata
1261 2730 1551 2773 familiaribus

96 2807 185 2848 suis
206 2808 420 2849 omnibus.
484 2807 719 2849 Haeredem
753 2822 855 2848 vcro
886 2805 1073 2846 instituit
1098 2804 1413 2845 Monasterium
1444 2804 1551 2847 Ere-
