1905 3254
725 319 833 350 snss.
861 320 919 350 vs.
1471 304 1554 346 263

97 425 231 466 nario.
294 425 488 466 Cautum
505 425 619 466 enim
637 425 680 466 in
704 427 954 468 universum
977 441 1069 468 esse
1090 426 1338 476 voluerunt,
1360 426 1554 468 omnium

94 498 267 554 piorum
288 499 480 540 locorum
502 499 693 540 rationes
714 500 770 540 ab
791 500 1018 541 ordinariis
1039 500 1361 557 expendendas.

154 569 207 610 In
232 571 302 611 ll0
333 571 463 612 multi
490 572 715 627 petebant,
752 579 801 613 ut
834 573 1152 627 exprimeretur
1181 574 1368 628 vulgare
1397 587 1553 613 nomen

97 641 400 693 Confidentiae,
434 651 676 700 aperteque
709 659 855 685 omnes
892 644 960 685 hae
1001 646 1223 700 pactiones
1263 646 1556 686 abolerentur.

94 714 187 755 Alii
211 715 317 756 satis
348 715 427 756 hoc
456 716 508 756 iis
544 717 691 757 verbis
721 717 900 758 aiebant
934 717 1157 765 contineri,
1186 718 1350 773 quibus
1380 717 1554 765 dicitur,

94 801 171 827 seu
193 802 273 842 per
293 788 544 844 suppositas
574 804 795 844 personas,
818 791 892 831 Sec.
914 806 922 830 :
956 790 1033 832 scd
1054 806 1160 831 vera
1189 791 1300 831 ratio
1321 790 1418 839 fuit,
1451 805 1553 846 quo-

92 860 210 901 niam
233 861 514 911 confidentiae,
532 863 696 918 quibus
717 863 846 905 hodie
860 864 1059 906 Romana
1077 865 1221 921 palam
1244 866 1383 907 utitur
1402 865 1553 913 Curia,

93 932 149 974 ad
170 935 399 989 pensiones
421 942 590 977 tantum
613 952 690 977 seu
713 937 930 978 Beneficia
947 938 1091 993 Regni
1115 938 1432 993 Hispaniarum
1456 953 1553 994 per-

91 1003 245 1051 tinent,
263 1018 364 1059 quae
382 1003 438 1044 ob
455 1005 749 1060 pragmaticas
763 1005 925 1061 Regias
945 1006 1204 1063 alienigenis
1219 1007 1413 1048 obtinere
1430 1022 1554 1062 posse

93 1076 382 1126 interdicitur,
425 1078 542 1132 quod
581 1078 730 1119 multis
771 1079 973 1134 iniquum
1011 1080 1259 1121 videbatur.
1324 1080 1430 1121 Ideo
1470 1080 1554 1121 nisi

94 1151 219 1206 prius
247 1149 315 1191 hae
337 1151 623 1206 pragmaticae
645 1151 913 1207 abrogentur
937 1167 1021 1193 non
1053 1153 1259 1209 expedire
1282 1152 1436 1194 Patres
1458 1168 1554 1194 cen-

94 1230 291 1272 suerunt,
325 1230 375 1264 ut
406 1222 473 1264 hae
504 1223 774 1265 confidentiae
807 1225 1032 1272 tollantur,
1067 1241 1177 1282 quas
1208 1226 1333 1281 Papa
1354 1225 1488 1274 novit,
1512 1231 1556 1266 ct

86 1297 208 1352 justa
229 1295 282 1336 de
304 1311 435 1336 causa
454 1297 649 1338 sustinet.

153 1371 363 1426 Superest
390 1377 439 1412 ut
471 1371 525 1412 dc
557 1372 622 1419 iis,
660 1387 760 1427 quae
793 1373 837 1413 in
866 1372 1006 1414 missae
1039 1373 1332 1414 celebratione
1363 1371 1553 1413 animad-

94 1458 219 1485 versa
239 1444 416 1486 fuerunt
437 1459 670 1500 perperam
693 1445 929 1493 observari,
953 1445 1172 1487 dicamus:
1206 1461 1308 1501 quae
1334 1460 1402 1486 rcs
1424 1445 1554 1486 simul

95 1531 193 1557 cum
229 1515 415 1558 decretis
447 1517 500 1558 dc
532 1533 700 1558 morum
736 1519 1041 1560 reformatione
1075 1534 1100 1560 a
1131 1519 1341 1560 Patribus
1370 1525 1556 1560 tractata

95 1589 194 1637 fuit,
229 1604 276 1629 ac
309 1596 437 1631 antea
466 1590 659 1646 quidem,
696 1592 914 1633 nonnullis
942 1591 995 1633 de
1029 1608 1146 1633 more
1182 1592 1358 1633 delectis
1393 1593 1556 1633 Pribus

96 1660 350 1702 mandatum
378 1662 534 1710 fuerat,
569 1669 618 1703 ut
643 1663 922 1718 multiplices,
958 1679 1067 1719 quos
1095 1665 1416 1720 comperissent,
1439 1680 1490 1705 ea
1511 1665 1555 1705 in

95 1749 141 1776 re
163 1734 326 1775 abusus
348 1735 667 1791 [corrigerent],
682 1736 726 1775 in
743 1736 1025 1792 ordinemque
1041 1737 1301 1793 redigerent.
1363 1737 1494 1787 Quod
1510 1744 1555 1778 et

98 1807 154 1847 ab
176 1808 227 1848 iis
245 1812 363 1863 justo
385 1808 473 1849 fere
496 1808 646 1849 libello
667 1808 831 1849 factum
853 1810 1010 1851 fuerat.

392 1919 584 1966 Abusus
609 1918 785 1966 Missae.
1184 1921 1265 1968 fol.

154 2025 319 2068 Verum
361 2042 458 2067 cum
498 2033 776 2082 prospectum
820 2026 976 2068 deinde
1016 2027 1184 2076 fuisset,
1219 2042 1290 2069 eos
1327 2029 1458 2070 etiam
1499 2029 1555 2070 ad

95 2099 318 2141 levissima
351 2114 540 2155 quaeque
580 2100 863 2148 descendisse,
897 2107 1103 2155 excerpta
1142 2115 1196 2141 cx
1235 2116 1382 2142 eorum
1423 2117 1554 2158 opere

95 2180 247 2228 postea
267 2174 470 2229 graviora
488 2172 691 2229 quaedam
715 2174 861 2229 capita
882 2173 1073 2222 fuerunt,
1098 2180 1230 2229 atquc
1253 2173 1308 2215 ad
1329 2175 1551 2231 Synodum

96 2245 256 2287 relata:
290 2261 390 2302 quae
414 2252 539 2287 erant
558 2245 823 2302 hujusmodi.

444 2363 651 2410 Decreta
676 2364 733 2410 de
758 2364 1004 2411 Abusibus
1029 2365 1206 2411 Missae.

158 2470 211 2511 1⁰.
265 2470 520 2513 Sacerdotes
555 2473 600 2513 in
636 2479 794 2514 sortem
831 2473 922 2514 Dni
964 2474 1115 2521 vocati,
1149 2481 1199 2515 ut
1229 2474 1391 2516 munda
1421 2476 1475 2525 ei,
1508 2482 1552 2517 et

96 2543 378 2585 immaculata
397 2545 603 2586 sacrificia
629 2545 828 2594 offerant,
860 2547 980 2588 nulla
1013 2562 1088 2603 spe
1119 2547 1288 2602 profani
1319 2547 1441 2597 lucri,
1473 2557 1552 2590 aut

98 2616 270 2658 sordida
308 2618 550 2673 cupiditate
591 2619 646 2660 ad
694 2627 783 2661 tam
824 2620 1069 2661 veneranda
1109 2620 1314 2676 mysteria
1354 2621 1553 2664 accedere

99 2687 272 2730 debent.
334 2689 440 2731 Ideo
472 2691 632 2732 nemini
669 2692 809 2739 liceat,
853 2693 909 2733 ob
948 2693 1111 2740 missas,
1151 2707 1250 2748 quae
1283 2693 1323 2733 ci
1358 2693 1401 2733 in
1438 2702 1554 2736 certa

99 2761 314 2803 occasione
347 2777 400 2803 ex
436 2771 630 2819 tempore
667 2764 936 2805 celebranda}
964 2765 1219 2811 offeruntur,
1257 2765 1466 2822 quicquid
1498 2783 1552 2808 ex

100 2842 324 2885 convento,
351 2851 427 2878 ncc
459 2838 665 2879 mercedis
694 2845 771 2880 aut
792 2837 976 2879 subsidii
1007 2837 1177 2878 nominc
1208 2838 1444 2892 postulare.
1506 2841 1549 2881 Si
