1905 3254
379 270 434 310 46
1047 282 1154 313 sess.
1179 283 1221 312 11.

1895 259 1897 266 -
1894 199 1898 204 -
1894 162 1898 190 ΑΜ
1892 0 1902 143 -ο-ττπ-ι-σι

381 407 527 434 secum
558 391 779 438 adhibitis,
816 396 860 430 et
880 389 932 429 iis
953 389 1212 444 praesertim,
1247 388 1323 444 qui
1343 386 1540 428 Romano
1562 385 1700 427 Indici
1724 400 1836 426 com·
1896 394 1899 420 ἑ

382 467 582 523 ponendo
603 464 913 511 interfuerunt,
942 477 1033 504 rem
1059 462 1392 519 aggrediantur,
1426 460 1614 501 rationes
1644 474 1835 500 censurae

379 541 499 580 illius
521 539 769 595 exquirant,
807 536 910 577 alios
945 535 1116 576 Indices
1146 535 1191 575 in
1227 534 1409 575 diversis
1439 533 1540 574 locis
1576 532 1837 588 conscriptos
1897 543 1900 575 ζ

379 614 607 661 rimentur,
630 619 674 653 et
710 609 886 652 tandem
915 608 969 650 ad
992 609 1196 650 Sanctam
1221 606 1445 663 Synodum
1466 605 1610 646 omnia
1630 605 1835 646 referant.

382 685 542 742 Operis
562 684 695 741 hujus
715 683 1020 725 necessitatem
1045 681 1256 723 Cavensis
1290 679 1477 729 Casella,
1501 679 1530 721 J
1535 678 1837 734 ustinopolita-
1897 695 1900 700 ·

380 762 489 807 nus,¹
511 757 764 805 Lirinensis,
786 755 1098 804 Gerundensis,
1117 753 1416 802 Dertusensis,
1428 752 1564 794 latius
1584 752 1715 794 etiam
1732 759 1837 793 sunt

381 832 657 889 prosequuti,
675 844 814 885 usque
832 829 953 876 adeo,
977 835 1028 869 ut
1049 827 1227 883 quidam
1244 842 1298 868 ex
1312 826 1380 868 his
1398 825 1605 874 dicerent,
1630 825 1835 866 Sanctam

382 905 622 961 Synodum,
645 904 746 945 licet
770 903 853 942 alia
873 917 919 943 re
940 901 1074 949 nulla,
1097 901 1176 941 hoc
1198 907 1347 941 tamen
1369 914 1457 941 uno
1489 900 1595 941 satis
1616 900 1836 956 profectu-

380 994 487 1027 ram,
513 978 547 1018 si
567 977 661 1018 haec
683 976 990 1016 haereticorum
1028 974 1117 1014 tela
1137 972 1422 1021 contundant,
1446 972 1609 1027 quibus
1642 979 1836 1013 sanctam

380 1051 621 1093 Ecclesiam
645 1049 841 1105 quotidie
864 1054 1039 1089 tentant
1061 1060 1333 1103 expugnare.
1393 1045 1580 1086 Addidit
1604 1045 1838 1086 Sutrianus

381 1130 426 1165 et
441 1122 720 1170 Veronensis,
742 1136 827 1161 non
851 1120 924 1177 agi
944 1119 1013 1160 hic
1035 1119 1089 1160 de
1111 1118 1365 1160 Authorum
1385 1117 1509 1158 libris
1527 1117 1837 1174 approbandis,

381 1195 459 1236 sed
479 1202 654 1236 tantum
678 1194 731 1234 de
754 1193 1001 1248 aliquorum
1024 1206 1107 1232 usu
1129 1189 1427 1231 interdicendo
1439 1205 1451 1240 ;
1481 1205 1573 1231 rem
1593 1190 1732 1246 igitur
1754 1204 1838 1231 non

382 1268 503 1317 adeo,
527 1274 578 1308 ut
602 1266 823 1322 aliquibus
848 1265 1033 1312 videtur,
1052 1264 1337 1321 periculosam
1360 1278 1465 1312 esse,
1483 1277 1598 1311 cum,
1619 1262 1840 1318 aliquibus

381 1342 569 1398 rejectis,
587 1355 672 1382 non
692 1339 790 1380 ideo
813 1338 979 1379 caeteris
1001 1337 1101 1394 plus
1120 1335 1400 1378 authoritatis
1421 1351 1475 1377 ex
1491 1335 1664 1377 decreto
1678 1335 1839 1391 Synodi
1877 1356 1881 1359 ¹

380 1416 436 1457 sit
459 1428 746 1456 accessurum.
811 1412 1043 1453 Generalis
1063 1411 1394 1459 Dominicanus,
1419 1410 1570 1466 magni
1587 1410 1654 1451 vir
1668 1409 1836 1466 judicii,

380 1489 570 1545 optabat
589 1502 644 1528 ne
666 1486 766 1527 huic
787 1485 909 1541 operi
942 1484 1203 1541 religionum
1226 1483 1452 1540 generales
1473 1482 1836 1538 adjungerentur.

382 1562 548 1603 Aiebat
570 1561 819 1602 Romanum
843 1558 1037 1600 Indicem
1072 1557 1326 1598 odiosiorem
1362 1555 1580 1597 nonnullis
1610 1555 1708 1596 ideo
1741 1554 1837 1596 red-

381 1635 521 1676 ditum
564 1635 711 1681 fuisse,
755 1632 874 1689 quod
912 1631 1103 1687 religiosi
1142 1630 1339 1671 nonnulli
1380 1629 1435 1670 ad
1475 1644 1571 1670 eam
1613 1644 1836 1670 censuram

381 1715 525 1750 essent
562 1706 772 1748 accersiti.
835 1704 1087 1746 Verebatur
1132 1710 1368 1760 propterea
1400 1717 1454 1743 ne
1494 1705 1605 1743 nova
1643 1703 1837 1758 ipsorum

380 1780 677 1822 nominatione
697 1779 743 1820 hi
774 1779 818 1819 in
840 1779 1050 1834 majorem
1086 1777 1298 1818 invidiam
1320 1782 1579 1817 vocarentur
1594 1791 1605 1826 ;
1638 1790 1838 1832 opusque

379 1857 525 1912 ipsum
542 1856 635 1911 jam
658 1853 793 1910 vulgo
817 1852 1007 1909 gratiam
1030 1851 1138 1891 inire
1160 1851 1386 1906 inciperet.

440 1928 563 1969 Inter
578 1940 723 1967 omnes
740 1932 901 1972 autem,
920 1923 998 1979 qui
1013 1922 1206 1964 Indicem
1224 1921 1338 1962 hunc
1353 1920 1652 1962 emendatione
1670 1921 1840 1963 omnino

379 2000 578 2056 indigere
610 2003 930 2045 consenserunt,
953 2011 1069 2037 unus
1101 1995 1353 2051 Paphensis,
1374 1997 1546 2036 matura
1579 2001 1708 2036 aetate
1737 1996 1839 2038 olim

381 2074 523 2114 Paulo
545 2073 611 2114 IV
632 2071 821 2113 nondum
850 2071 981 2112 etiam
1014 2069 1319 2110 Pontificatum
1354 2067 1513 2124 adepto
1534 2068 1840 2111 familiaritatis

381 2162 463 2188 usu
486 2145 873 2202 conjunctissimus,
895 2143 1063 2184 monuit
1094 2147 1254 2198 patreS,
1278 2147 1330 2181 ut
1360 2155 1452 2181 rem
1474 2147 1640 2182 tantam
1662 2156 1839 2183 accura-

382 2222 470 2263 tius
492 2219 814 2276 expenderent3
846 2216 1022 2258 sedente
1037 2216 1157 2256 enim
1179 2214 1320 2255 Paulo
1332 2214 1444 2255 nihil
1459 2213 1704 2271 diligentiae
1726 2230 1838 2270 prae-

381 2293 627 2335 termissum
649 2292 796 2337 fuisse,
820 2289 1028 2331 adhibitis
1057 2287 1159 2329 viris
1188 2284 1304 2328 omni
1335 2286 1527 2327 scientiae
1549 2302 1708 2343 genere
1728 2302 1838 2343 prae—

381 2366 669 2413 stantissimis,
692 2370 742 2405 ut
777 2362 917 2404 Index
948 2361 1030 2408 hic,
1073 2374 1246 2400 summa
1280 2359 1551 2407 assiduitate,
1592 2359 1839 2400 incredibili

381 2440 513 2481 etiam
548 2438 711 2484 labore,
745 2442 789 2477 et
822 2433 1049 2481 industria,
1082 2432 1347 2481 elaboratus,
1370 2432 1414 2472 in
1448 2432 1590 2474 lucem
1628 2433 1836 2488 prodiret.

381 2516 529 2561 Porro,
551 2527 641 2553 rem
675 2510 782 2552 adeo
803 2515 975 2550 mature
1009 2506 1289 2562 compositam
1315 2521 1397 2547 non
1419 2513 1582 2547 temere
1607 2521 1699 2548 esse
1721 2521 1839 2548 ever-

382 2586 585 2635 tendam3
620 2584 936 2626 vetustioribus
966 2581 1098 2622 rebus
1131 2595 1246 2621 nova
1281 2595 1452 2636 semper
1472 2580 1652 2636 ingenia
1671 2581 1838 2621 infensa

382 2674 488 2707 esse,
504 2659 559 2700 ab
574 2658 641 2698 his
663 2656 916 2712 scrupulose
937 2654 1117 2695 nimium
1142 2653 1429 2694 minutissima
1441 2668 1631 2709 quaeque
1654 2654 1836 2694 aliorum

382 2732 616 2779 observari,
641 2738 702 2777 ut,
726 2744 826 2785 quae
854 2729 936 2786 ipsi
963 2742 1046 2769 non
1069 2728 1280 2776 fecerunt,
1314 2726 1563 2782 indigniora
1594 2725 1837 2776 videantur,

382 2822 429 2848 ac
463 2807 552 2846 suis
585 2812 756 2845 tantum
790 2803 997 2859 plausum
1033 2801 1271 2856 acquirant.
1335 2799 1448 2848 Hoc,
1479 2814 1611 2854 quam
1637 2799 1837 2855 exemplo

1044 2901 1051 2919 ¹
1077 2901 1186 2931 Stella.
