1905 3254
369 282 412 290 ἰν

366 282 446 321 ουΟ
986 293 1096 323 SESS.
1123 293 1197 322 vu.

422 401 516 441 Nec
538 399 620 440 dici
653 405 797 454 potest
819 398 1090 441 Clementem
1114 399 1168 440 ad
1188 398 1351 439 nullam
1372 397 1609 439 Ecclesiam
1632 397 1675 436 in
1695 396 1813 452 prin-

365 472 476 527 cipio
509 471 755 511 ordinatum
790 471 937 519 fuisse,
959 486 1058 512 nam
1081 470 1291 526 quicquid
1321 469 1454 510 fuerit
1477 468 1692 516 Clemens,
1715 468 1816 508 vivo

364 545 509 593 Petro,
532 545 623 585 sive
655 544 902 601 Episcopus
932 544 1025 585 sive
1057 545 1206 599 potius
1237 543 1462 599 coadjutor
1493 546 1600 598 ejus,
1622 542 1711 582 sivo
1743 540 1814 581 de—

364 617 567 672 signatus
588 632 816 665 successor,
840 624 1007 658 constat
1029 632 1082 657 ex
1114 621 1211 673 ejus
1241 615 1366 656 libris
1396 621 1440 655 et
1471 613 1676 669 capitulis
1714 627 1813 652 eum

363 697 476 731 certe
497 691 663 746 populo
686 691 954 746 applicatum
976 691 1121 731 fuisse.

423 764 728 805 Ordinationes
761 770 921 809 autem,
947 779 1045 819 quae
1081 779 1106 804 a
1140 763 1421 804 Pontificibus
1451 760 1658 802 Romanis
1690 759 1816 799 factae

362 836 587 892 leguntur,
602 851 685 876 non
707 843 771 877 est
791 835 1129 877 existimandum
1154 850 1290 891 vagas
1312 843 1356 876 et
1375 835 1559 875 incertas
1580 833 1726 880 fuisse,
1740 831 1816 872 sed

363 909 551 964 propriis
587 909 842 949 civitatibus
873 923 950 963 per
983 911 1077 949 eas¹
1113 907 1354 963 Episcopos
1385 907 1521 953 datos,
1552 919 1696 960 neque
1728 918 1814 944 cre-

361 981 553 1022 dendum
586 997 656 1022 eos
691 982 800 1022 solos
821 982 1065 1036 Episcopos
1097 980 1342 1029 ordinat0s3
1375 980 1448 1020 alii
1482 979 1595 1020 enim
1634 978 1689 1018 ab
1722 977 1817 1018 aliis

361 1055 684 1096 ordinatoribus
715 1055 758 1095 in
790 1055 880 1095 suis
913 1054 1154 1095 Provinciis
1185 1053 1554 1103 instituebantur3
1586 1051 1629 1100 ii,
1659 1051 1735 1108 qui
1764 1065 1814 1092 eo

360 1135 559 1184 tempore
599 1128 897 1178 occurrebant,
928 1143 1025 1168 cum
1065 1127 1218 1168 Romae
1259 1133 1413 1173 essent,
1456 1126 1525 1167 vel
1563 1140 1648 1166 non
1688 1125 1815 1180 longe

361 1203 562 1244 abessent
583 1218 607 1244 a
627 1203 837 1244 Pontifice
858 1201 1183 1245 ordinabantur.

418 1277 491 1316 An
514 1276 722 1332 expediat
742 1275 984 1316 omittenda
1006 1275 1093 1315 alia
1111 1273 1393 1321 incommoda,
1416 1288 1514 1329 quae
1532 1288 1585 1314 ex
1607 1271 1814 1314 Titulari-

360 1348 445 1389 bus
478 1348 675 1389 Ecclesia
710 1349 908 1404 patitur?
960 1346 1052 1387 dico
1095 1347 1157 1387 ita
1193 1346 1425 1402 expedire:
1467 1346 1691 1386 Titulares
1729 1360 1813 1385 non

359 1421 468 1468 fieri,
484 1421 595 1462 sicut
614 1421 853 1476 expedivit,
869 1426 917 1460 ut
936 1434 960 1459 a
975 1419 1169 1459 Damaso
1185 1417 1499 1474 Chorepiscopi
1520 1417 1813 1465 abolerentur,

360 1495 501 1535 solum
523 1494 579 1535 ob
601 1508 697 1534 eam
721 1508 906 1541 causam,
930 1492 1049 1548 quod
1070 1493 1242 1532 illorum
1270 1491 1550 1532 commoditas
1570 1491 1812 1547 Episcopos

358 1567 590 1615 invitabat,
616 1573 665 1607 ut
686 1574 730 1607 et
752 1582 867 1622 saepe
890 1567 1104 1613 abessent,
1127 1572 1170 1606 et
1200 1565 1244 1605 in
1276 1564 1510 1620 fungendis
1524 1567 1536 1585 ²
1558 1564 1814 1605 muneribus

360 1645 502 1679 essent
522 1638 879 1694 negligentiores

417 1712 482 1752 At
504 1718 607 1751 sunt
626 1711 856 1751 necessarii
877 1711 920 1751 in
944 1711 1164 1766 aliquibus
1200 1711 1459 1752 Provinciis:
1492 1717 1616 1756 certe,
1641 1710 1676 1751 si
1697 1711 1811 1751 Prae-

358 1786 437 1826 lati
467 1785 532 1825 illi
568 1785 737 1825 malunt
768 1800 859 1825 esse
895 1785 1121 1840 Principes
1155 1799 1285 1840 quam
1320 1785 1533 1840 Episcopi
1545 1801 1556 1834 3
1603 1785 1639 1824 si
1671 1799 1811 1826 conse-

359 1857 506 1899 crandi
526 1872 610 1898 non
632 1864 759 1907 sunt3
793 1858 828 1897 si
851 1857 1040 1898 residere
1071 1858 1226 1898 nolunt
1242 1875 1252 1907 3
1290 1858 1326 1898 si
1348 1864 1450 1898 sunt
1471 1858 1680 1899 Ecclesiae
1702 1872 1810 1898 com-

359 1929 640 1979 mendandae3
682 1930 906 1971 Titulares
938 1937 1041 1971 sunt
1072 1930 1313 1971 necessarii.
1378 1929 1465 1970 Sed
1493 1930 1699 1985 quoniam
1732 1929 1813 1970 ista

359 2004 503 2044 omnia
536 2003 649 2044 inter
689 2003 896 2059 pessimos
929 2004 1093 2044 abusus
1132 2010 1432 2051 numerantur,
1466 2004 1614 2059 potius
1651 2003 1813 2044 abusus

358 2076 539 2118 tollendi
578 2083 694 2127 sunt,
736 2092 869 2133 quam
912 2076 1147 2124 Titulares,
1191 2084 1242 2117 ut
1291 2077 1377 2118 illis
1417 2077 1668 2126 inserviant,
1710 2077 1811 2118 reti·

357 2151 501 2192 nendi.

417 2223 567 2272 Quint.
606 2223 724 2277 Sept.
759 2222 910 2263 Octav.
934 2221 1113 2263 Nonum
1155 2223 1294 2278 probo
1330 2238 1427 2263 cum
1461 2223 1811 2264 annotationibus

359 2296 460 2336 Illnni
484 2295 731 2336 cardinalis
751 2294 1040 2352 Lotharingii.
1105 2295 1250 2344 Addo,
1280 2310 1365 2336 non
1389 2295 1549 2337 debere
1586 2297 1630 2336 in
1661 2303 1810 2337 octavo

360 2369 467 2409 Can.
492 2367 588 2416 dici,
613 2367 1007 2410 Commendatitias
1027 2383 1080 2410 ex
1105 2368 1215 2409 Can.
1240 2369 1296 2409 xi.
1323 2368 1545 2415 Chalced„
1568 2368 1643 2410 sed
1670 2368 1810 2424 pacifi-

358 2457 426 2483 cas
447 2442 538 2483 sive
560 2441 835 2483 dimissorias.

415 2515 626 2556 Decimus
658 2530 743 2555 non
776 2515 932 2570 placet,
967 2515 1050 2556 nisi
1080 2521 1330 2563 renovetur,
1353 2521 1396 2556 et
1427 2515 1472 2555 in
1505 2530 1589 2556 usu
1622 2520 1809 2570 ponatur

360 2589 468 2630 Can.
493 2590 549 2629 vi.
577 2588 838 2630 Chalcedon.
901 2588 971 2630 De
996 2603 1083 2644 quo
1106 2595 1170 2630 est
1194 2596 1293 2630 ante
1317 2605 1341 2630 a
1362 2604 1430 2630 me
1451 2588 1631 2630 dictum.

415 2663 467 2703 In
491 2663 535 2703 xi
570 2662 648 2703 illa
669 2663 865 2718 exceptio
887 2662 940 2704 de
971 2663 1198 2704 ordinibus
1219 2678 1297 2718 per
1325 2662 1487 2719 gradus
1517 2660 1806 2708 conferendos,

355 2736 433 2776 nisi
467 2735 588 2776 aliud
608 2736 832 2791 Episcopo
865 2737 1004 2793 magis
1035 2736 1241 2792 expedire
1272 2736 1511 2785 videbitur,
1534 2751 1616 2777 non
1651 2736 1805 2791 placet.

569 2824 577 2841 ¹
605 2825 675 2862 Eos,
691 2825 762 2855 MS.
1287 2824 1299 2841 ²
1324 2825 1504 2864 Fugiendis,
1523 2825 1594 2854 MS.
