1905 3254
712 277 823 309 SESS.
849 278 906 311 vi.
1456 274 1501 314 21
1519 275 1531 314 l

140 368 315 419 Verum,
340 382 470 429 prout
488 391 576 417 non
602 387 737 422 cessat
772 382 906 424 Satan
939 383 1250 430 discordiarum
1273 390 1439 447 ubique
1470 407 1533 433 se-

82 440 200 483 mina
227 459 446 502 spargere,
485 464 531 490 ac
565 466 664 506 quae
702 454 811 495 bene
844 459 1081 513 composita
1115 468 1218 503 sunt
1253 477 1332 518 pro
1365 465 1534 506 viribus

79 512 326 565 dissolvere,
352 520 490 561 visum
515 522 598 563 fuit
630 524 832 568 Praelatis
865 537 1053 584 quatuor
1086 533 1301 590 Hispanis
1335 540 1534 594 sequenti

77 586 146 627 die
169 590 374 644 privatim
406 593 575 649 legatos
608 600 850 641 convenire.
915 601 979 643 Hi
1015 605 1197 648 fuerunt
1231 609 1530 662 Granatensis,

77 657 369 710 Bracarensis,
403 665 697 721 Segobiensis,
733 678 776 711 et
802 672 1094 717 Almeriensis.
1160 679 1355 722 Narrant
1374 683 1531 738 legatis

75 745 118 771 se
141 735 291 789 urgeri
324 751 504 780 munere
525 755 604 781 suo
635 749 678 783 et
711 745 981 788 conscientiae
1018 750 1208 800 stimulo,
1233 762 1281 795 ut
1313 757 1431 811 quod
1462 759 1527 799 iis¹

75 818 128 844 ex
165 820 210 845 re
250 806 427 849 videtur
459 810 618 868 legatis
651 817 862 871 aperiant.
929 821 1072 863 Aiunt
1107 839 1150 865 se
1188 828 1366 869 tertium
1401 829 1527 871 illum

76 875 297 919 Canonem
333 881 387 922 de
424 886 627 927 sacrificio
658 889 799 930 missae
832 891 953 933 nulla
986 895 1152 937 ratione
1180 899 1366 953 probare
1388 916 1527 957 posse,

72 949 149 1004 qui
171 949 213 991 in
236 956 441 1008 praesenti
463 958 647 1001 sessione
687 963 1021 1019 promulgetur;
1056 968 1217 1020 Primo,
1251 973 1356 1027 quia
1392 974 1445 1016 de
1477 991 1527 1016 eo

72 1020 181 1063 nihil
205 1039 229 1064 a
252 1025 491 1084 Theologis
512 1032 753 1075 minoribus
786 1044 911 1078 antea
944 1039 1220 1096 disputatum
1257 1045 1354 1093 fuit,
1392 1056 1525 1102 prout

68 1093 110 1134 in
134 1110 250 1138 more
285 1100 473 1154 positum
508 1119 600 1146 esse
632 1108 769 1158 solet;
803 1111 1015 1160 Secundo,
1047 1117 1153 1170 quia
1188 1124 1230 1158 et
1253 1119 1406 1160 Patres
1438 1122 1521 1176 ipsi

68 1181 166 1209 eum
189 1185 274 1211 non
296 1173 439 1228 plane,
465 1192 511 1218 ac
545 1186 728 1229 mature,
764 1191 811 1223 ut
835 1190 1000 1226 tantam
1036 1202 1123 1228 rem
1159 1189 1294 1239 decet,
1329 1207 1525 1236 excusse-

67 1249 174 1284 rant.
239 1245 540 1303 Inspiciendas
558 1254 672 1294 enim
696 1255 736 1295 in
761 1257 999 1299 multorum
1027 1276 1119 1302 esse
1142 1262 1354 1306 librorum
1371 1268 1522 1309 autho-

65 1315 225 1365 ritates,
246 1321 470 1377 oculisque
499 1332 662 1368 attente
685 1332 1033 1383 perscrutandas,
1073 1349 1126 1375 an
1159 1352 1255 1377 cum
1286 1340 1432 1380 verbis
1453 1356 1522 1382 eo-

65 1404 158 1431 rum
199 1393 394 1441 patrum,
437 1399 514 1452 qui
561 1414 632 1441 eos
672 1404 958 1457 protulerant,
1012 1411 1298 1462 conveniant;
1352 1414 1519 1465 Tertio,

63 1466 265 1518 quoniam
288 1482 384 1509 cum
407 1471 559 1512 Patres
580 1474 764 1530 aliquot²
803 1485 847 1518 et
869 1494 1041 1536 magn-w
1064 1483 1345 1528 authoritatis
1369 1489 1520 1532 adver-

61 1544 224 1586 sentur,
260 1555 344 1581 non
377 1545 583 1599 expedire
610 1546 718 1589 hanc
753 1549 1059 1595 dissentionem
1095 1557 1137 1597 in
1175 1561 1362 1602 sessione
1398 1572 1518 1618 pate-

60 1609 168 1658 fieri,
192 1613 295 1666 quin
319 1612 474 1656 satius³
515 1634 620 1667 esse,
653 1636 742 1661 rem
775 1622 885 1665 hanc
919 1626 962 1666 in
997 1638 1251 1683 sequentem
1287 1633 1517 1677 sessionem

58 1696 293 1732 reservare,
335 1689 425 1735 ubi,
462 1705 559 1731 cum
593 1692 646 1733 de
679 1704 948 1738 sacramento
986 1700 1148 1742 ordinis
1184 1704 1240 1744 sit
1280 1707 1514 1761 agendum,

60 1755 202 1798 locum
224 1758 325 1800 huic
352 1762 435 1816 ipsi
465 1766 661 1806 matcriae
694 1769 882 1823 praeberi
919 1775 1302 1827 accommodatum,
1341 1796 1513 1824 accura-

59 1829 237 1885 tiusque
270 1834 472 1876 omnibus
511 1839 779 1889 examinatis,
817 1842 988 1897 plenius
1020 1849 1211 1890 omnium
1245 1853 1357 1894 votis
1388 1857 1512 1897 satis-

56 1902 218 1944 factum
242 1906 306 1946 iri.
371 1907 613 1951 Cardinalis
636 1912 914 1963 Varmiensis,
952 1919 1029 1972 qui
1065 1922 1309 1976 opinionem
1343 1942 1436 1969 eam
1470 1931 1512 1972 in

56 1975 182 2016 tertio
203 1992 364 2020 canone
386 1982 739 2037 comprehensam
765 1994 893 2029 antea
914 1989 956 2029 in
976 1997 1292 2038 commentariis
1307 2000 1396 2041 suis
1416 2018 1511 2058 pro-

56 2047 249 2097 baverat,
292 2051 472 2095 istorum
512 2062 615 2097 tunc
655 2060 860 2113 petitioni
901 2078 1003 2105 sane
1036 2067 1290 2121 resistebat3
1329 2089 1413 2115 non
1448 2077 1511 2119 ita

56 2127 198 2164 tamen
221 2131 270 2166 ut
293 2127 516 2181 privatum
550 2131 593 2172 in
629 2147 678 2173 eo
711 2135 901 2177 studium
936 2140 1196 2184 ostenderet.
1220 2146 1295 2187 sed
1315 2149 1508 2193 modeste

54 2193 161 2237 hanc
175 2201 437 2242 sententiam
462 2204 729 2259 amplectens
743 2222 890 2250 eorum
906 2214 1126 2266 postulata
1142 2218 1381 2272 rejiciebat.
1423 2223 1506 2265 Re-

52 2266 161 2324 liqui
183 2270 362 2329 Legati,
386 2275 502 2330 quod
525 2278 582 2317 ab
609 2277 676 2319 his
709 2280 923 2336 Hispanis
956 2289 1217 2342 proponitur
1249 2307 1332 2333 non
1366 2296 1505 2354 indig-

52 2355 154 2383 num
191 2344 571 2405 incongruumque
608 2359 778 2406 putant,
815 2358 1054 2414 potiusque
1089 2361 1141 2401 iis
1182 2367 1503 2411 assentiendum

51 2411 228 2464 ducunt,
251 2417 489 2462 dummodo
512 2422 556 2463 id
577 2424 692 2479 [per]
712 2427 872 2482 Synodi
893 2431 1159 2475 voluntatem
1185 2436 1335 2480 liceat:
1368 2457 1503 2497 quan-

50 2500 178 2542 quam
216 2496 359 2533 tamen
383 2509 407 2535 a
436 2495 643 2539 Patribus
673 2501 762 2555 jam
803 2502 975 2545 fuerant
1012 2509 1155 2549 omnia
1185 2512 1384 2566 probata,
1420 2531 1503 2558 non

51 2561 200 2605 vident
221 2567 329 2621 quid
351 2568 394 2609 in
417 2569 470 2611 iis
490 2572 655 2626 possint
678 2575 883 2630 polliceri.

104 2635 266 2679 Verum
290 2642 459 2692 accidit,
493 2651 543 2686 ut
575 2647 716 2702 pridie
748 2656 849 2690 ante
889 2651 1143 2705 Sessioncm,
1179 2659 1255 2713 qui
1290 2661 1377 2702 fuit
1409 2662 1501 2704 dies

133 2722 138 2739 ¹
164 2727 203 2758 Vi
222 2729 251 2759 in
270 2730 319 2760 the
337 2732 404 2763 MS.
651 2737 664 2755 ²
689 2739 842 2780 Aliquod,
860 2742 929 2772 MS.
1168 2746 1180 2763 ³
1203 2749 1326 2787 sancis,
1345 2751 1413 2783 MS.

1190 2820 1212 2846 P
1245 2809 1270 2848 2
