1905 3254
334 268 414 308 100
973 283 1080 314 SESS.
1107 284 1151 313 11.

422 389 474 430 V.
510 388 721 430 Habeant
739 390 812 445 jus
834 388 1038 431 visitandi
1061 388 1392 444 amplissimum.

392 464 472 505 VI.
509 463 813 504 Sanctissimus
844 468 989 503 noster
1010 475 1174 502 memor
1207 461 1262 502 sit
1295 461 1542 501 absentium
1574 460 1618 501 in
1652 458 1793 500 distri-

537 536 722 578 buendis
743 535 980 576 honoribus
1002 542 1045 576 et
1067 533 1312 576 commodis.

365 611 471 652 VII.
509 611 657 666 Spolia
684 609 985 651 decedentium
1019 609 1192 664 integra
1220 607 1524 662 relinquantur
1545 604 1792 647 successori-

538 684 622 724 bus
646 684 691 723 in
713 683 931 723 Ecclesiis.

338 754 471 796 VIII.
506 755 570 797 Ut
589 770 717 796 nemo
739 754 964 796 ordinetur
995 754 1078 794 nisi
1107 769 1131 795 a
1164 769 1241 794 suo
1262 754 1495 809 Episcopo,
1527 759 1603 792 aut
1625 750 1678 792 de
1701 751 1795 806 ejus

540 827 725 868 licentia.

392 901 477 942 IX.
512 901 656 942 Nemo
677 901 815 956 possit
835 900 1088 956 praedicarc,
1122 906 1199 940 aut
1221 898 1371 940 audire
1394 897 1692 944 confessiones,
1713 895 1797 935 nisi

541 973 594 1015 de
616 988 822 1029 expresso
844 988 1052 1014 consensu
1073 973 1296 1028 Episcopi.

415 1046 474 1089 X.
509 1047 610 1088 Non
645 1054 736 1087 tam
770 1046 896 1087 facile
934 1052 1171 1093 accusetur,
1203 1045 1377 1093 citetur,
1412 1050 1487 1084 aut
1507 1042 1796 1083 excommuni-

541 1127 662 1162 cetur
695 1120 955 1176 EpiscopuS,
989 1118 1064 1159 sed
1093 1133 1335 1174 congruens
1371 1117 1530 1172 aliquis
1564 1115 1718 1156 modus
1752 1115 1796 1155 in

540 1193 607 1233 his
631 1199 865 1240 statuatur,
890 1193 1031 1233 veluti
1053 1192 1136 1233 sub
1159 1192 1280 1232 ι111110
1304 1191 1391 1232 ΙΙΙ.

399 1267 485 1308 XI.
523 1267 617 1308 Sint
637 1267 853 1307 immunes
875 1281 899 1306 a
919 1265 1125 1313 Decimis,
1150 1280 1174 1305 a
1194 1264 1480 1320 pensionibus
1514 1270 1590 1304 aut
1623 1263 1678 1303 ab
1701 1262 1798 1302 aliis

545 1339 750 1380 oneribus
771 1353 903 1394 super
924 1339 1128 1380 Ecclesiis
1149 1339 1248 1379 suis.

368 1412 482 1454 XII.
518 1412 723 1453 Tollatur
746 1411 932 1452 officium
962 1410 1306 1452 commissionum
1338 1410 1526 1457 fabricae,
1561 1418 1604 1451 et
1629 1416 1796 1450 exacto-

543 1500 640 1525 rum
663 1484 914 1540 spoliorum.

342 1557 483 1599 XIII.
518 1556 698 1597 Habeat
720 1556 968 1611 Episcopus
1000 1556 1041 1596 in
1063 1555 1299 1596 residentia
1330 1556 1582 1597 facultatem
1605 1557 1797 1597 omnium

543 1645 707 1677 eorum,
732 1644 830 1685 quae
849 1635 950 1669 sunt
971 1629 1210 1669 necessaria
1232 1628 1286 1669 ad
1306 1629 1491 1669 salutem
1514 1629 1755 1670 hominum.

343 1701 473 1744 XIV.
514 1701 615 1742 Non
648 1700 852 1742 admittat
888 1702 1095 1742 Summus
1128 1701 1331 1742 Pontifex
1361 1702 1678 1757 resignationes
1710 1702 1799 1743 sine

543 1788 753 1814 consensu
775 1773 992 1814 ordinarii.

378 1848 479 1890 XV.
513 1847 814 1889 Praeficiantur
827 1847 1052 1902 Episcopi,
1069 1854 1280 1902 quantum
1299 1847 1518 1888 commode
1536 1848 1628 1889 fieri
1641 1855 1798 1903 potest,

543 1921 586 1960 in
615 1920 761 1975 patria
798 1934 888 1963 sua,
928 1926 1004 1960 aut
1039 1920 1083 1960 in
1119 1920 1222 1960 locis
1257 1920 1550 1969 vicinioribus,
1583 1927 1799 1977 quantum

543 1994 630 2033 rari
678 1992 915 2033 admodum
963 2001 1144 2048 possunt
1194 1994 1384 2034 animum
1425 1994 1642 2043 inducere,
1686 2002 1737 2036 ut
1776 2010 1801 2035 a

544 2068 679 2109 natali
703 2068 808 2116 solo,
832 2075 875 2109 et
897 2068 1005 2109 caris
1028 2068 1229 2108 affinibus
1249 2075 1464 2123 perpetuo
1486 2069 1638 2118 absint,¹

403 2144 577 2195 Quinto,
611 2143 779 2184 multus
809 2143 894 2183 fuit
924 2142 1162 2197 variusque
1198 2157 1353 2193 sermo,
1388 2158 1476 2198 qua
1509 2144 1675 2185 ratione
1709 2143 1800 2185 haee

341 2217 610 2275 peragenda,
634 2224 765 2272 atque
787 2231 869 2256 usu
891 2215 1064 2256 tandem
1086 2215 1399 2256 introducenda
1420 2223 1587 2266 essent;
1609 2218 1799 2258 omnium

342 2293 455 2333 enim
478 2291 615 2332 oratio
635 2290 705 2330 hic
733 2289 907 2330 tandem
938 2289 1177 2335 desinebat,
1200 2289 1364 2330 frustra
1395 2291 1622 2346 superiora
1656 2293 1801 2333 omnia

341 2365 567 2421 proposita
603 2378 707 2411 esse,
743 2362 826 2402 nisi
862 2369 1027 2403 certum
1065 2361 1243 2417 aliquod
1278 2363 1502 2404 consilium
1538 2364 1799 2413 inveniatur,

342 2438 459 2494 quod
481 2437 693 2478 Praelatos
714 2450 799 2476 non
821 2442 979 2492 urgeat
1002 2436 1157 2485 solum,
1179 2435 1256 2476 sed
1278 2442 1328 2476 ut
1345 2436 1591 2491 compellat,
1614 2443 1658 2478 et
1675 2438 1801 2493 quasi

340 2512 464 2553 nodis
495 2509 723 2551 adstrictos
754 2509 797 2548 in
829 2509 1018 2564 propriis
1039 2508 1336 2549 Ecclesiarum
1359 2508 1535 2549 sedibus
1557 2509 1799 2552 devinciat:

340 2586 455 2626 hunc
478 2584 589 2625 enim
613 2582 747 2623 totius
767 2582 935 2637 negotii
957 2581 1170 2623 cardinem
1203 2597 1307 2623 esse.
1371 2583 1472 2633 Qua
1501 2584 1544 2623 in
1576 2598 1622 2624 re
1655 2599 1801 2626 omnes

340 2665 491 2713 aperte
506 2656 771 2702 fatebantur,
784 2654 957 2695 unicum
975 2669 1066 2695 esse
1082 2654 1214 2710 hujus
1227 2656 1291 2696 rei
1307 2656 1574 2712 excquendae
1588 2657 1798 2712 opificem,

341 2738 384 2771 et
405 2730 665 2777 ministrum,
689 2728 892 2769 videlicet
913 2742 1131 2768 summum
1156 2728 1424 2777 Pontificem,
1447 2731 1570 2786 cujus
1602 2729 1670 2771 hae
1701 2745 1798 2786 pro-

340 2802 447 2856 priae
483 2808 629 2856 partes
666 2807 819 2841 essent.
885 2800 981 2841 Imo
1017 2800 1052 2840 si
1087 2800 1159 2840 ille
1196 2800 1239 2840 in
1274 2816 1402 2856 opere
1439 2802 1517 2843 hoc
1554 2803 1797 2849 conniveat,
