1905 3254
678 304 786 335 sass.
816 307 891 336 vu.
1449 304 1531 343 559

61 395 306 461 Episcopis¹
330 409 620 464 pauperibUS,
643 419 694 453 ut
720 413 773 453 iis
800 415 1091 459 subveniatur
1117 434 1205 476 quo
1227 424 1394 478 possint
1414 426 1517 465 resi-

61 477 176 525 dere,
200 485 244 519 et
264 494 438 535 pascere
459 481 502 521 in
526 484 660 524 verbo
684 492 728 526 et
750 486 957 530 doctrina.

115 548 546 594 Cremonensis—De
572 556 858 600 electionibus
891 577 987 602 cum
1017 565 1290 621 Augustensi
1314 576 1357 609 et
1383 569 1517 619 Quin-

60 622 405 676 queecclesiensi,
429 624 784 670 Massalubrensi.
850 632 901 672 In
923 635 968 673 40
990 635 1250 679 aboleantur
1271 640 1512 684 Titulares.

114 693 602 755 Parmensis—Semper
631 704 794 757 optavi,
825 719 878 745 ne
915 708 1106 761 primum
1139 710 1219 752 hoc
1255 721 1386 768 eaput
1419 729 1516 769 pro-

53 778 302 826 poneretur,
325 779 368 814 et
400 775 553 830 rogavi
584 778 845 819 confectores
878 780 956 822 hac
987 783 1041 823 (10
1069 799 1130 836 re,
1154 788 1260 842 quia
1282 788 1517 832 videbatur

52 842 157 883 nihil
174 844 488 899 profecturum,
507 855 550 889 et
567 850 761 904 prolixos
778 867 993 896 sermones
1010 858 1312 902 excitaturum.
1360 862 1514 914 Miror,

52 913 217 963 Patres,
253 917 423 972 aliquos
458 919 502 959 in
536 932 614 975 pm0
651 924 792 978 capite
829 925 1000 974 dixisse,
1039 930 1158 984 quod
1189 932 1374 974 sublatis
1406 935 1513 977 elec-

53 987 247 1029 tionibus
268 998 428 1033 exortae
449 1000 551 1034 sunt
572 994 773 1037 haereses.
828 999 945 1040 Nam
968 1001 1008 1040 in
1031 1001 1281 1052 Germania,
1301 1007 1380 1047 ubi
1400 1008 1512 1064 Epi-

49 1062 169 1118 scopi
190 1071 393 1106 creantur
414 1066 469 1107 ad
491 1067 742 1110 electionem
764 1070 1094 1123 Canonicorum,
1112 1076 1174 1117 ibi
1195 1078 1335 1119 sciunt
1351 1095 1511 1130 omnes,

48 1141 156 1190 quot
177 1136 261 1176 sint
282 1135 483 1180 haereses.
548 1140 597 1180 In
634 1141 765 1183 Italia
801 1150 949 1185 autem
985 1154 1030 1187 et
1066 1147 1297 1204 Hispania,
1322 1153 1400 1193 ubi
1426 1168 1511 1195 non

48 1215 151 1248 sunt
172 1208 390 1259 electores,
413 1212 524 1253 nulli
558 1221 662 1255 sunt
694 1215 902 1265 haeretici,
926 1219 1081 1260 saltem
1116 1223 1297 1277 publici.
1359 1226 1510 1268 Provi-

46 1279 238 1321 <lendum
272 1283 422 1336 potius
457 1291 523 1326 est
556 1289 917 1343 usurpationibus
939 1292 1192 1349 Principum
1219 1297 1507 1347 saecularium,

45 1352 159 1394 unde
175 1355 317 1396 omnia
330 1356 418 1398 fere
435 1359 563 1406 mala,
583 1375 681 1400 cum
698 1362 862 1404 violent
878 1364 1127 1408 libertatem
1144 1367 1508 1420 Ecclesiastieam,

43 1433 87 1467 et
114 1427 201 1469 alia
231 1438 488 1484 pervertant
509 1433 552 1472 in
576 1433 783 1475 damnum
809 1436 1091 1480 Clericorum.
1155 1440 1205 1482 In
1227 1443 1283 1491 4⁰,
1307 1458 1389 1484 non
1412 1460 1507 1500 pos-

41 1505 144 1540 sunt
164 1500 259 1540 tolli
283 1501 522 1552 Titulares,
547 1521 643 1546 cum
666 1508 751 1549 sint
774 1510 865 1550 veri
893 1511 1118 1567 Episcopi,
1141 1514 1215 1554 sed
1244 1522 1389 1570 potest
1411 1534 1507 1560 con-

42 1571 178 1620 stitui,
196 1581 246 1614 ut
268 1574 571 1619 adscribantur
588 1580 717 1621 alicui
738 1581 1011 1632 Cathedrali,
1028 1601 1052 1626 a
1069 1601 1157 1641 qua
1172 1602 1257 1628 non
1276 1597 1504 1645 vagentur,

42 1660 138 1686 cum
155 1645 337 1689 honesta
354 1650 553 1705 portione
569 1669 578 1701 ;
612 1653 784 1695 interim
806 1657 1011 1712 proprius
1028 1658 1278 1716 Episcopus
1296 1662 1506 1720 fungatur

40 1731 221 1760 munere
254 1736 345 1770 suo,
367 1722 429 1763 ita
450 1731 500 1765 ut
523 1724 746 1767 Titulares
768 1727 829 1767 ibi
859 1743 943 1769 non
970 1739 1199 1773 exerceant
1220 1735 1503 1785 pontificalia,

39 1792 120 1833 nisi
155 1802 399 1850 aegrotante
436 1798 673 1855 Episcopo,
713 1808 790 1842 aut
827 1803 1006 1845 absente
1043 1821 1096 1846 ex
1130 1809 1385 1850 necessitate
1417 1811 1502 1851 Ec-

38 1865 193 1916 clesiae,
217 1875 294 1910 aut
326 1878 479 1912 vocato
503 1887 527 1912 a
551 1873 641 1914 ΞΜ.
705 1874 775 1915 De
808 1877 1090 1931 regularibus
1125 1879 1235 1921 dixit
1267 1882 1504 1939 privilegia

39 1940 183 1981 omnia
214 1942 276 1983 eis
307 1944 608 2000 relinquenda,
641 1956 936 2004 praeterquam
973 1966 1026 1992 ne
1067 1954 1383 2003 concionentur,
1425 1965 1502 1998 aut

37 2012 220 2055 audiant
239 2016 524 2058 confessiones
546 2019 637 2060 sine
659 2020 833 2062 licentia
854 2023 1081 2079 Episcopi.
1144 2025 1340 2082 Ideoque
1367 2029 1500 2070 etiam

37 2087 380 2141 permittendum
414 2090 467 2131 de
503 2092 747 2148 privilegiis
778 2094 821 2135 in
852 2096 1057 2138 societate
1079 2097 1191 2139 Jesu
1213 2099 1325 2141 bene
1347 2103 1500 2146 merita

35 2158 88 2200 de
121 2159 369 2216 Republica
405 2162 670 2214 Christiana,
693 2181 793 2222 quae
829 2167 961 2209 debet
995 2171 1231 2226 approbari
1268 2176 1442 2217 omnino
1474 2193 1500 2219 a

37 2231 97 2273 Sta
120 2233 306 2289 Synodo,
329 2251 425 2277 cum
449 2239 542 2293 ejus
563 2240 718 2280 merita
737 2241 941 2282 omnibus
963 2243 1049 2283 sint
1070 2245 1304 2287 notissima.

92 2310 535 2354 Barcinonensis—In
557 2314 602 2354 40
624 2314 852 2357 Titulares
873 2317 1093 2365 tollantur,
1116 2334 1199 2359 11011
1222 2322 1326 2376 quia
1346 2322 1390 2363 hi
1412 2326 1496 2366 sint

33 2384 133 2424 novi
155 2385 196 2425 in
219 2385 430 2435 Ecclesia,
453 2388 523 2429 vel
545 2389 651 2444 quia
671 2389 715 2430 hi
736 2405 820 2430 non
843 2391 927 2432 sint
950 2393 1041 2432 veri
1062 2393 1285 2450 Episcopi,
1319 2412 1416 2438 nam
1450 2399 1495 2440 id
1548 2452 1551 2456 Ι

32 2469 117 2496 non
142 2472 292 2499 verum
313 2475 321 2507 ;
359 2459 435 2500 sed
468 2461 575 2516 quia
597 2476 702 2502 usus
722 2462 870 2504 docuit
900 2464 1016 2505 mala
1047 2466 1186 2506 multa
1208 2482 1261 2508 ex
1282 2467 1348 2509 his
1378 2471 1492 2512 oriri.

32 2528 233 2573 Placeret
273 2533 420 2582 etiam,
446 2542 496 2576 ut
533 2543 741 2590 ageretur
775 2536 829 2577 de
864 2537 1072 2579 electione
1107 2539 1406 2583 Cardinalium
1448 2551 1493 2586 et

33 2600 360 2654 canonicorum,
384 2614 434 2648 ut
455 2608 647 2663 perfecta
670 2609 935 2650 Hierarchia
956 2611 1215 2653 traderetur.

86 2677 729 2723 Abricensis—Restituendam
741 2697 833 2723 esse
848 2682 1102 2725 electionem
1119 2686 1350 2744 Episcopis
1362 2689 1489 2731 Com-

28 2750 370 2803 provincialibus
396 2754 526 2809 juxta
562 2755 762 2809 antiquos
800 2755 1026 2806 Canones3
1060 2758 1279 2813 agendum
1313 2776 1404 2803 esse
1435 2763 1489 2804 dc

595 2844 600 2860 ¹
630 2844 893 2884 Episcopatibus’.
