1905 3254
657 286 765 318 snss.
792 287 868 317 vn.
1418 273 1501 313 395

36 386 149 428 illud
169 402 373 444 magnam
395 389 598 430 omnibus
619 388 948 431 admirationem
966 390 1135 440 afferre,
1150 398 1240 433 tam
1258 392 1389 448 longe
1411 407 1497 440 eos,

39 475 147 516 quos
179 461 397 502 Sanctitas
418 477 498 502 sua
517 463 562 502 in
585 463 807 503 consilium
830 463 1107 513 adhibuerat,
1143 480 1167 505 a
1188 480 1234 506 re
1259 466 1497 516 aberrasse,

37 541 171 589 prout
200 549 253 575 ex
285 549 434 575 eorum
468 534 822 576 adnotationibus
849 542 1127 591 perspectum
1151 538 1247 586 fuit,
1269 539 1313 578 in
1336 539 1500 594 quibus

38 606 338 648 difficultatem
360 608 642 663 propositam,
662 607 716 648 de
740 623 829 663 qua
850 608 1011 649 scilicet
1033 608 1367 651 deliberandum
1389 620 1497 661 erat,

37 677 146 719 nihil
182 678 457 734 attigebant3
494 694 608 725 nam,
643 694 740 720 cum
778 687 1054 734 quaereretur
1094 695 1148 721 an
1188 681 1265 721 illa
1305 681 1500 724 doctrina

37 751 345 807 praejudicium
378 751 558 808 aliquod
591 759 669 793 aut
705 753 885 794 veritati
919 760 995 794 aut
1035 755 1287 796 auctoritati
1317 755 1387 795 Smi
1420 757 1491 796 Nri

36 831 182 880 posset
204 825 373 874 afferre,
395 826 462 866 illi
482 824 816 881 respondebant,
846 840 971 881 posse
1004 826 1118 875 addi,
1142 828 1259 883 quod
1289 829 1499 886 Episcopi

37 903 138 937 sunt
170 897 312 938 vocati
343 898 385 937 in
419 904 544 953 parte
580 897 864 939 solicitudinis
899 899 992 947 &c.,
1036 906 1081 940 et
1114 900 1233 955 quod
1274 902 1399 957 Papa
1435 909 1501 951 est

37 969 199 1011 Rector
238 970 496 1012 universalis
536 971 745 1012 Ecclesiae
787 972 888 1020 &og
930 979 974 1012 et
1017 972 1104 1013 alia
1138 972 1407 1028 hujusmodi,
1445 975 1500 1016 de

37 1042 201 1097 quibus
221 1057 306 1083 non
328 1042 631 1091 dubitabatur,
665 1044 868 1099 quoniam
891 1044 994 1084 satis
1015 1045 1186 1099 experti
1209 1053 1335 1086 erant
1356 1062 1500 1088 omncs

35 1114 128 1155 haec
150 1115 337 1156 obtineri
359 1130 442 1156 non
464 1131 590 1171 posse
620 1116 787 1171 absque
816 1116 946 1171 longa
978 1115 1302 1171 disputatione:
1332 1134 1497 1174 quaere-

37 1188 172 1228 batur
200 1194 346 1229 autem
380 1203 446 1235 an,
479 1189 531 1228 iis
563 1189 882 1244 praetermissis,
918 1188 1059 1229 adhuc.
1090 1190 1260 1230 salvum
1288 1199 1401 1232 esset
1425 1193 1500 1247 jus

41 1262 110 1302 sm
156 1261 248 1311 N¹⁵;
282 1260 337 1301 ad
369 1260 487 1316 quod
522 1261 607 1316 ipsi
643 1261 817 1301 nullum
851 1261 1037 1302 verbum
1074 1262 1413 1317 responderunt:
1457 1271 1501 1305 et

39 1342 155 1377 certe
175 1341 328 1390 postea
349 1334 481 1374 etiam
504 1348 528 1374 a
551 1334 654 1374 viris
675 1333 933 1374 doctissimis
957 1334 1119 1383 audivi,
1143 1335 1346 1377 debuisse
1378 1337 1500 1378 illam

39 1408 295 1449 Doctrinam
329 1422 354 1448 a
387 1407 546 1448 nostris
576 1407 805 1462 acceptari,
839 1421 1004 1462 nosque
1036 1408 1293 1463 praeclaram
1317 1410 1499 1450 occasio-

39 1495 136 1522 nem
170 1479 499 1521 corroborandae
535 1481 578 1520 in
614 1487 877 1536 perpetuum
911 1480 1122 1521 adversus
1156 1481 1401 1523 Haereticos
1425 1498 1500 1524 au-

38 1552 257 1594 thoritatis
293 1553 547 1593 Sanctitatis
582 1567 673 1592 suae
709 1552 924 1602 amisisse3
959 1552 1035 1593 sed
1071 1553 1178 1608 quid
1215 1554 1501 1609 profecisset?

38 1632 272 1681 postquam
294 1625 373 1672 illi,
403 1626 479 1680 qui
500 1639 544 1665 se
567 1639 591 1665 a
611 1625 737 1665 nobis
758 1632 1064 1681 segregarunt,
1096 1641 1172 1667 nec
1196 1627 1500 1668 OEcumenico-

39 1714 137 1740 rum
161 1698 458 1739 conciliorum
480 1698 793 1745 sanctionibus,
826 1713 903 1738 nec
927 1699 1184 1740 Sanctorum
1208 1701 1391 1741 Patrum
1416 1707 1501 1742 tra-

40 1771 292 1818 ditionibus,
335 1785 411 1811 nec
452 1770 697 1811 rationibus
737 1769 928 1825 denique
966 1771 1084 1826 ipsis,
1127 1772 1288 1813 nedum
1333 1773 1503 1815 Summi

42 1846 273 1892 Pontificis,
296 1844 562 1891 auctoritati,
587 1844 740 1884 volunt
763 1843 1010 1885 concedere.

100 1917 205 1958 Post
226 1916 316 1957 haec
339 1916 480 1971 igitur
504 1916 803 1971 Congregatio
832 1916 1048 1971 generalis
1081 1916 1301 1966 indicitur,
1336 1926 1387 1960 ut
1408 1925 1502 1960 tum

43 1989 196 2035 dehac
216 1990 401 2030 materia
421 1989 679 2029 sacramenti
703 1988 894 2037 Ordinis,
918 1996 1010 2029 tum
1029 1988 1082 2028 de
1107 1988 1202 2029 aliis
1224 1991 1502 2044 quibusdam,

44 2078 144 2119 quae
180 2063 341 2118 saepius
363 2063 405 2103 in
429 2062 705 2103 contentione
730 2062 1028 2109 versabantur,
1055 2077 1153 2117 quae
1181 2063 1272 2104 loco
1300 2079 1378 2105 suo
1407 2080 1506 2106 nar-

43 2137 248 2185 rabimus,
282 2135 582 2183 concordibus,
621 2136 656 2175 si
690 2136 782 2175 ficri
818 2141 976 2191 potest,
1011 2136 1165 2175 animis
1196 2143 1434 2188 statuatur,
1458 2153 1505 2179 ae

44 2210 209 2266 saepius
245 2216 482 2265 prorogata
518 2209 660 2250 Sessio
696 2208 871 2250 tandem
909 2209 1168 2249 celebretur.
1233 2210 1333 2259 Qua
1368 2210 1422 2252 de
1457 2226 1505 2252 re

47 2279 294 2322 Cardinalis
325 2280 547 2329 Moronus,
570 2281 694 2336 gravi
726 2280 918 2321 oratione
952 2280 1180 2335 praefatuS,
1213 2295 1308 2321 cum
1331 2296 1384 2322 ea
1405 2297 1505 2337 quae

45 2354 272 2394 novissime
294 2354 336 2393 in
358 2354 544 2408 privatis
565 2352 1001 2409 Congregationibus
1034 2367 1059 2392 a
1078 2352 1261 2407 Legatis
1282 2368 1379 2393 cum
1401 2368 1505 2395 non-

46 2425 422 2467 nullis‘Patribus
454 2431 640 2467 tractata
674 2425 867 2473 fuerunt,
905 2431 948 2466 et
984 2439 1070 2479 quo
1101 2424 1279 2465 demum
1313 2439 1380 2465 res
1408 2440 1506 2481 pro-

48 2498 182 2540 ducta
215 2507 340 2548 esset,
375 2501 663 2556 exposuisset,
701 2500 824 2540 enixe
857 2513 928 2539 cos
958 2513 1037 2553 pro
1067 2499 1284 2539 communi
1311 2499 1505 2540 omnium

50 2571 384 2620 existimatione,
418 2587 465 2613 ae
497 2587 576 2627 pro
610 2571 851 2613 Catholicae
886 2571 1096 2611 Ecclesiae
1130 2570 1413 2612 aedificatione
1441 2586 1506 2613 co-

49 2641 248 2686 hortatus
269 2651 344 2691 est,
380 2652 429 2686 ut
451 2646 495 2686 in
517 2645 583 2686 his
605 2643 902 2686 deliberandis
923 2644 1189 2684 conscientiae
1212 2643 1391 2699 quidem
1413 2659 1506 2686 suae

51 2719 349 2774 unusquisque
382 2719 590 2767 consulat,
622 2734 676 2759 ne
709 2726 854 2759 tamen
876 2724 1034 2773 coeptae
1056 2716 1389 2773 disputationes,
1413 2719 1506 2774 qui-

51 2790 133 2832 bus
165 2791 439 2834 Christianus
470 2794 587 2834 orbis
619 2793 865 2838 offenditur,
900 2792 1085 2833 ulterius
1115 2793 1307 2847 protrahi
1334 2795 1508 2849 permit-
