1905 3254
675 354 784 385 snss.
810 354 874 383 vn
1428 340 1511 379 465

47 457 235 498 Dioeeesi
258 456 548 503 residentiam,
574 459 650 498 ubi
682 459 876 513 injuncto
909 459 993 498 sibi
1026 458 1236 499 divinitus
1268 460 1406 500 officio
1432 460 1504 500 de-

46 530 171 585 fungi
203 537 450 578 teneantur,
473 531 566 571 sine
601 531 751 572 abesse
787 546 926 586 posse,
948 532 1031 572 nisi
1063 547 1116 573 ex
1144 533 1282 574 causis
1303 540 1346 574 et
1367 534 1506 574 modis

43 602 340 658 infrascriptis.

101 675 218 716 Tum
252 676 408 717 coactis
444 677 493 716 iis
535 677 705 723 Pribus,
745 677 909 731 quibus
946 677 990 716 id
1021 678 1212 717 muneris
1252 679 1505 734 impositum

43 745 200 793 fuerat,
231 764 329 789 cum
360 749 678 805 Lotharingius
708 764 858 790 eorum
891 748 1057 804 Judieia
1089 749 1144 790 de
1180 750 1259 791 hoc
1292 754 1507 806 prooemio

43 823 225 864 scrutari
255 822 473 878 coepisset,
510 837 683 878 magnae
723 823 779 863 ob
820 823 865 862 id
905 824 1207 864 controversiae
1248 832 1503 880 eruperunt.

44 895 160 936 Nam
193 911 290 937 eum
328 896 643 951 Hydruntinus
676 896 754 936 hoc
794 896 922 951 longe
962 896 1184 937 diversum
1215 898 1270 938 ab
1303 913 1354 939 eo
1389 898 1507 953 quod

44 969 182 1024 major
219 983 320 1024 pars
355 969 459 1009 olim
497 970 539 1009 in
576 976 794 1010 conventu
831 970 1067 1010 censuisset
1109 984 1215 1017 esse,
1260 970 1505 1018 affirmaret,

43 1047 190 1084 eontra
220 1042 548 1097 Lotharingius,
585 1058 610 1083 a
642 1043 848 1097 pluribus
878 1044 922 1083 in
955 1042 1069 1083 hunc
1101 1043 1191 1084 fere
1225 1059 1397 1084 sensum
1434 1045 1503 1085 de-

43 1130 218 1156 cursum
251 1131 341 1156 esse
379 1116 674 1171 responderat,
700 1131 753 1156 ex
789 1116 953 1171 quibus
976 1117 1030 1156 lis
1052 1117 1184 1157 etiam
1207 1118 1384 1172 gravior
1411 1132 1505 1158 con-

43 1188 274 1238 citabatur,
296 1190 379 1230 nisi
413 1190 597 1230 Patrum
633 1190 803 1245 aliquot
832 1190 1088 1230 dexteritas¹
1112 1190 1308 1231 exhibita
1337 1191 1504 1232 fuisset.

46 1260 329 1302 Granatensis
347 1275 449 1301 vero
465 1275 676 1317 magnum
699 1277 743 1302 se
766 1262 859 1316 pati
882 1260 1137 1302 scandalum
1161 1262 1216 1302 ab
1238 1262 1302 1309 iis,
1321 1261 1506 1306 dicebat.

44 1334 121 1390 qui
141 1339 221 1374 aut
242 1340 417 1389 negant,
435 1341 514 1374 aut
531 1333 750 1382 dubitant,
769 1337 830 1375 se²
851 1334 987 1375 teneri
1009 1334 1039 1375 J
1044 1348 1121 1374 ure
1137 1333 1298 1381 divino,
1318 1349 1505 1389 pascere,

30 1407 208 1462 regere,
227 1413 270 1448 et
286 1413 442 1448 caetera
459 1422 538 1463 per
554 1408 717 1462 seipsos
732 1407 973 1462 pastoralia
989 1407 1141 1448 munia
1157 1407 1293 1448 obire.
1333 1408 1507 1457 Quibus

44 1480 189 1522 verbis
224 1481 312 1529 alii,
347 1481 423 1536 qui
456 1488 607 1522 contra
642 1481 904 1529 sentiebant,
939 1496 1024 1522 non
1061 1482 1220 1522 leviter
1254 1483 1431 1529 accensi,
1455 1498 1505 1523 eo

44 1554 184 1595 aerius
206 1568 326 1595 sacra
347 1554 475 1602 tueri,
496 1561 628 1609 atque
650 1553 729 1594 hoc
751 1554 925 1595 aculeos
947 1561 1200 1609 retorquere
1224 1556 1504 1595 conabantur.

45 1627 193 1678 Quare
229 1627 297 1667 his
333 1627 734 1683 disceptationibus,
759 1642 857 1668 cum
888 1627 1087 1668 triduum
1114 1630 1205 1683 jam
1241 1628 1402 1668 frustra
1429 1628 1506 1668 im-

45 1714 228 1755 pensum
262 1700 430 1748 fuisset,
469 1715 536 1740 res
568 1715 618 1740 eo
654 1699 867 1755 pervenit,
910 1706 959 1739 ut
999 1699 1203 1755 plerique
1243 1700 1505 1754 prooemium

45 1772 222 1829 quidem
255 1773 649 1829 amplecterentur:
693 1780 781 1814 tres
816 1780 961 1814 tamen
1003 1779 1152 1828 aperte
1194 1780 1505 1829 repugnarent,

46 1845 369 1903 Hydruntinus,
400 1846 695 1894 Rossanensis,
718 1854 762 1887 et
784 1846 1016 1887 Vestanus.
1081 1844 1271 1895 Quidam
1305 1845 1391 1892 alii,
1426 1845 1508 1886 etsi

47 1935 73 1962 a
110 1920 285 1963 decreto
324 1937 409 1963 non
457 1921 766 1968 abhorrebant,
806 1926 1030 1976 optassent
1076 1926 1221 1960 tamen
1267 1919 1506 1974 aequiorem

48 1993 191 2043 aliam,
227 1995 520 2051 omnibusque
563 1995 848 2050 acceptiorem
890 1993 1122 2034 formulam
1155 1992 1380 2032 conscribi.
1442 1991 1507 2033 Re

0 2071 1 2118 ζ
46 2065 214 2114 infecta,
238 2081 335 2107 cum
358 2081 506 2107 omnes
528 2066 816 2114 discesserint,
840 2064 1158 2121 Letharingius
1180 2064 1385 2105 universa
1407 2079 1505 2120 quae

49 2141 351 2196 contingerant
371 2141 556 2196 Legatis
577 2141 743 2187 retulit,
763 2139 895 2195 idque
918 2139 1158 2195 praecipue,
1179 2137 1307 2193 quod.
1327 2137 1508 2193 reliquis

48 2214 429 2262 consentientibus,
462 2221 550 2254 tres
587 2214 715 2254 valde
749 2213 1030 2269 pertinaciter
1066 2213 1381 2268 Episcoporum
1417 2226 1507 2251 mu-

47 2299 151 2327 nera
184 2286 227 2327 in
260 2288 475 2342 prooemio
505 2295 706 2328 enarrata
728 2287 876 2328 divino
904 2293 1123 2342 praecepto
1146 2285 1364 2331 contineri,
1387 2298 1506 2325 reeu-

50 2366 238 2409 sassent;
271 2375 459 2415 cumque
494 2375 760 2416 magnopere
796 2360 979 2400 miretur
1023 2365 1086 2399 tot
1126 2358 1376 2414 impietates
1409 2372 1506 2412 pro-

49 2429 163 2480 ferri,
191 2446 236 2473 se
267 2440 489 2488 paratum,
513 2448 595 2473 non
630 2434 767 2474 solum
800 2436 876 2470 8¹⁶⁰
901 2434 1008 2479 Nm,
1041 2432 1117 2472 sed
1146 2432 1275 2472 etiam
1307 2431 1507 2471 omnibus

50 2502 326 2561 Principibus
359 2507 489 2546 etiam
526 2506 884 2552 non-Catholicis,
912 2505 1025 2545 unde
1057 2511 1121 2545 tot
1153 2503 1434 2544 dissentiones
1465 2509 1508 2543 et

50 2578 322 2619 contumeliae
346 2579 388 2619 in
403 2578 549 2620 Deum
566 2581 782 2627 oriuntur,
807 2580 1018 2620 rationem
1042 2576 1390 2633 quandocunque
1415 2577 1507 2618 red-

51 2646 165 2690 dere.
226 2650 426 2692 Vicissim
450 2652 623 2694 Praelati
644 2652 711 2692 illi
734 2652 809 2707 qui
833 2652 872 2692 ei
895 2651 1169 2697 obstiterant,
1193 2665 1290 2690 cum
1313 2664 1356 2690 se
1378 2650 1507 2705 eulpa

52 2733 224 2775 prorsus
256 2739 401 2765 carere
432 2725 742 2779 intelligerent,
779 2724 961 2779 Legatis
991 2723 1302 2778 significarunt,
1325 2737 1369 2764 se
1397 2737 1506 2763 com-

51 2807 225 2836 munem
257 2797 421 2853 Synodi
453 2813 628 2839 causam
658 2798 910 2853 suscepisse,
934 2803 984 2837 ut
1006 2796 1169 2837 scilicet
1200 2795 1422 2837 decretum
1452 2796 1507 2836 ad

225 2882 233 2900 ¹
262 2885 463 2922 Dexteritate,
481 2886 552 2916 MS.
878 2884 890 2901 '²
914 2885 988 2914 Non
1005 2884 1137 2914 inserted
1152 2883 1183 2912 in
1199 2883 1249 2913 the
1267 2884 1337 2914 MS.

1201 2944 1277 2982 '211
