1905 3254
382 280 467 320 490
1012 291 1117 321 sess.
1144 291 1220 321 vn.

381 414 577 440 mearum
610 397 951 440 imbecillitatem
982 395 1280 437 reformidans.
1343 393 1429 435 Sed
1462 393 1600 450 quid?
1640 393 1754 435 hunc
1786 395 1837 436 ti-

380 486 541 512 morem
571 471 674 511 vicit
705 469 965 510 obedientiae
998 468 1250 517 necessitas3
1283 465 1527 523 parendum
1559 466 1644 506 fuit
1665 466 1840 507 Vicario

383 540 562 589 Christi,
585 541 663 596 qui
695 541 840 589 Petro,
864 546 907 581 et
939 543 1034 595 ejus
1056 539 1374 581 successoribus
1407 553 1510 579 oves
1544 553 1643 578 suas
1663 553 1838 593 pascen-

380 614 458 655 das
478 613 783 670 regendasque
806 613 1133 655 commendavit.
1196 611 1301 653 Huc
1321 612 1461 667 igitur
1477 615 1626 666 jussus
1648 611 1762 659 veni,
1786 610 1841 652 ad

383 686 633 728 Caesaream
666 686 843 742 quidem
873 686 1147 741 majestatem
1179 699 1293 724 nunc
1326 683 1614 739 profecturus
1633 681 1707 723 sed
1728 697 1839 730 mox,

381 759 478 801 Deo
500 759 643 807 dante,
664 758 764 799 inde
786 773 1056 805 reversuruS,
1080 764 1130 798 ut
1164 772 1260 797 cum
1284 756 1401 798 Illmis
1425 756 1620 812 Collegis
1653 771 1700 796 ac
1727 755 1840 796 Dfiis

381 832 500 878 meis,
535 831 731 886 Legatis,
765 845 816 871 ea
852 845 954 884 quae
996 829 1051 869 ad
1097 829 1287 869 salutem
1321 830 1601 884 populorum,
1637 827 1692 868 ad
1727 827 1840 868 Eceae

381 903 672 959 splendorem,
695 902 751 943 ad
774 902 938 943 Christi
960 902 1144 956 gloriam
1167 901 1473 942 illustrandam
1496 901 1731 956 pertinent,
1755 913 1840 940 una

381 974 603 1015 vobiscum
627 988 770 1029 agam.
835 973 913 1022 Ac,
935 979 986 1013 ut
1015 979 1172 1013 caetera
1193 972 1348 1019 desint,
1371 972 1458 1013 duo
1480 979 1594 1013 certe
1615 972 1841 1026 praecipue

382 1062 550 1087 mecum
575 1046 734 1087 affero:
768 1046 967 1093 alterum,
991 1046 1205 1101 optimam
1240 1045 1510 1085 voluntatem
1539 1045 1698 1085 summi
1731 1044 1841 1084 Pon-

382 1120 509 1160 tificis
526 1126 685 1160 certam
703 1126 747 1160 et
763 1119 1046 1174 exploratam,
1062 1119 1137 1174 qui
1153 1117 1262 1158 nihil
1280 1118 1420 1173 magis
1437 1123 1575 1172 optat,
1592 1116 1701 1157 nihil
1716 1130 1842 1170 aeque

383 1198 520 1239 curat,
558 1206 690 1246 quam
732 1198 782 1231 ut
823 1191 1020 1232 doctrina
1054 1190 1156 1231 fidei
1192 1191 1248 1231 ab
1284 1189 1527 1231 haeresibus
1562 1196 1842 1245 repurgetur,

384 1279 523 1304 mores
544 1264 736 1318 corrupti
758 1263 1055 1311 emendentur,
1080 1263 1246 1303 abusus
1274 1262 1499 1310 tollantur,
1532 1261 1765 1302 commodis
1797 1275 1844 1301 ae

383 1336 715 1377 necessitatibus
749 1336 1087 1384 Provinciarum,
1111 1350 1210 1390 qua:
1247 1334 1348 1375 olim
1381 1335 1425 1374 in
1456 1334 1647 1375 maxima
1679 1335 1844 1390 pietate

385 1410 640 1455 floruerunt,
656 1409 917 1456 consulatur,
937 1424 1025 1464 pax
1041 1407 1228 1463 denique
1248 1414 1291 1447 et
1312 1407 1416 1447 unio
1433 1407 1562 1448 etiam
1580 1421 1674 1447 cum
1693 1406 1844 1448 adver-

386 1482 511 1522 sariis
546 1481 758 1530 omnibus,
787 1487 1000 1536 quantum
1033 1481 1126 1520 ficri
1160 1485 1319 1535 potest,
1353 1479 1477 1520 salva
1511 1479 1677 1534 pietate
1713 1485 1847 1534 atque

386 1554 654 1609 Apostolicae
699 1554 825 1594 Sedis
859 1553 1089 1608 dignitate,
1118 1552 1424 1593 constituatur.
1487 1552 1692 1592 Alterum
1730 1549 1849 1606 quod

386 1627 520 1668 affero
541 1634 617 1675 est,
638 1626 739 1666 huic
770 1640 854 1666 non
880 1625 1104 1672 dissimile,
1126 1639 1387 1680 propensam
1410 1624 1684 1665 voluntatem
1707 1638 1846 1665 meam

387 1698 441 1739 ad
462 1714 513 1739 ea
534 1697 788 1754 peragenda
819 1697 936 1751 (Deo
959 1697 1220 1752 adjuvante)
1253 1711 1352 1752 quae
1375 1696 1593 1737 Sanctitas
1615 1710 1694 1736 sua
1711 1695 1846 1736 verbo

386 1772 613 1828 praecepit.
676 1770 730 1811 In
763 1770 843 1811 hoc
873 1771 985 1811 enim
1022 1784 1146 1810 omne
1182 1770 1409 1825 ingenium
1447 1784 1607 1817 meum,
1645 1769 1846 1824 quamvis

386 1845 693 1901 perexiguum,
711 1859 882 1885 omnem
904 1858 1081 1898 operam
1105 1848 1148 1883 et
1166 1842 1439 1889 industriam,
1463 1842 1683 1883 collocabo
1702 1858 1710 1882 :
1745 1856 1845 1897 quae

385 1932 466 1966 rest,
491 1924 705 1973 quantum
728 1917 919 1958 fructum
942 1916 1028 1955 sint
1051 1915 1262 1962 allaturae,
1282 1916 1436 1956 Patres
1457 1914 1778 1970 sapientissimi,
1800 1914 1845 1954 in

387 2005 518 2031 manu
552 1997 697 2031 vestra
727 1990 860 2030 situm
895 1995 973 2029 est.
1035 1989 1166 2036 Nam,
1196 1987 1429 2043 prudenti-21
1464 1994 1619 2035 vestra,
1651 1986 1846 2027 doctrina

387 2072 546 2114 vestra,
566 2065 835 2107 authoritate
857 2064 987 2105 etiam
1008 2069 1153 2104 vestra
1174 2062 1253 2104 hoc
1276 2063 1514 2104 Concilium
1539 2062 1594 2103 ad
1615 2063 1781 2103 bonum
1803 2067 1847 2103 et

386 2145 585 2195 optatum
618 2139 747 2178 finem
780 2137 962 2192 perduci
994 2137 1168 2192 poterit.
1233 2136 1531 2186 Quamobrem
1554 2151 1643 2183 vos,
1678 2135 1845 2183 Patres,

386 2211 503 2252 omni
523 2210 685 2251 honore
719 2209 856 2264 digni,
887 2209 1049 2257 hortor,
1083 2215 1128 2249 et
1161 2223 1241 2263 per
1272 2208 1421 2249 Deum
1455 2208 1743 2249 immortalem
1771 2208 1846 2248 ob-

387 2291 535 2331 testor,
550 2290 616 2331 ut,
633 2282 810 2323 remotis
832 2281 1180 2322 contentionibus
1197 2287 1330 2336 atque
1348 2280 1584 2328 discordiis,
1604 2295 1706 2336 quae
1723 2295 1845 2336 mag-

386 2374 491 2400 num
513 2357 608 2398 orbi
637 2355 885 2396 Christiano
917 2353 1228 2395 offendiculum
1256 2354 1471 2409 praebent,
1495 2353 1671 2394 remotis
1706 2367 1846 2408 quaes-

388 2432 582 2474 tionibus
621 2429 866 2477 inutilibus,
904 2443 1006 2484 quae
1038 2442 1123 2468 non
1160 2426 1216 2467 ad
1258 2426 1588 2468 aedificationem
1623 2425 1737 2473 fidei,
1770 2424 1846 2466 sed

386 2505 537 2561 potius
559 2502 616 2543 ad
637 2501 964 2544 subversionem
988 2499 1277 2547 audientium,
1294 2498 1350 2539 ad
1371 2505 1548 2554 tempus
1570 2498 1736 2540 frustra
1751 2512 1845 2539 con-

389 2575 619 2618 terendum
653 2575 829 2622 faciunt,
853 2589 904 2615 ea
935 2574 1046 2614 serio
1081 2587 1128 2614 ac
1161 2572 1312 2613 sedulo
1345 2572 1501 2628 agatis,
1525 2586 1625 2627 quae
1657 2571 1845 2612 maxime

389 2648 628 2690 necessaria
667 2653 794 2688 sunt:
833 2645 948 2686 illud
982 2646 1216 2701 diligenter
1256 2644 1529 2686 attendentes
1566 2658 1620 2684 ne
1656 2643 1844 2684 scientiae

390 2728 531 2769 vento,
555 2736 652 2762 eum
683 2722 796 2762 inter
818 2735 894 2761 vos
915 2720 1002 2760 sint
1022 2725 1087 2760 tot
1113 2718 1348 2760 doctissimi
1370 2718 1467 2766 viri,
1492 2718 1548 2759 ab
1580 2716 1843 2758 humilitatis

391 2801 519 2848 portu
544 2794 784 2850 ejiciamini.
849 2793 903 2834 In
933 2792 1014 2833 hoe
1046 2792 1159 2834 enim
1182 2791 1359 2848 negotio
1380 2790 1467 2833 Dei
1488 2790 1629 2832 multa
1650 2804 1760 2845 opus
1781 2794 1846 2830 est
