1905 3254
702 354 812 384 sEss.
839 354 916 383 vn.
1453 338 1532 379 471

79 462 238 503 Orator
261 461 522 510 Sabaudiae,¹
542 463 618 517 qui
640 464 772 518 paulo
795 471 894 504 ante
922 462 1171 510 advenerat,
1190 477 1286 503 cum
1310 463 1532 503 decretum

78 534 374 590 approbasset,
397 534 608 581 subdidit,
633 536 834 590 quamvis
856 551 909 576 ex
930 551 980 576 eo
1003 535 1145 576 adhuc
1168 535 1364 576 dubitari
1386 535 1535 590 possit,

77 608 186 649 sitne
218 607 473 648 Rcsidentia
500 608 612 663 juris
644 608 780 648 divini
803 615 888 649 »aut
909 608 1103 656 humani,
1127 609 1301 648 nullum
1325 616 1471 649 tamen
1493 609 1536 648 in

76 696 126 722 eo
158 681 412 736 ambigendi
447 681 590 722 locum
625 681 826 736 relinqui,
856 682 1058 722 Pastorcs
1091 681 1266 728 debere,
1289 681 1371 721 sub
1402 696 1538 736 poena

75 753 241 808 peccati
262 754 457 794 mortalis
479 753 680 800 residere,
705 760 748 794 et
782 753 899 808 quod
929 753 1122 809 alioquin
1146 754 1312 794 fructus
1333 768 1432 794 suos
1453 769 1537 794 non

75 825 264 874 faciunt3
304 840 492 881 cumque
525 825 618 867 haec
652 826 890 867 clarissima
925 826 1022 874 sint,
1046 832 1179 881 atquc
1213 824 1279 865 his
1314 824 1537 881 praecipuc

74 896 241 938 nitatur
274 897 445 953 pondus
473 898 648 943 decreti,
672 899 768 939 idco
801 898 867 938 his
898 898 1002 938 satis
1037 896 1198 953 Synodi
1232 897 1412 937 utilitati
1444 911 1537 936 con-

76 968 238 1008 sultum
274 984 379 1010 esse.
445 970 677 1011 Generalis
711 972 844 1012 etiam
879 971 1056 1018 Lainez,
1086 970 1277 1019 Jcsuita,
1299 967 1560 1024 1·csp0ndit,'

33 1069 43 1075 -
75 1040 183 1082 hanc
229 1043 512 1097 quaestioncm
551 1044 606 1085 de
643 1044 895 1085 Rcsidentia
934 1044 1046 1084 inter
1078 1041 1326 1083 Catholicos
1368 1047 1539 1082 tantum

76 1129 166 1155 esse
200 1122 534 1164 controversam,
571 1119 804 1172 potiusque
837 1117 1008 1157 silentio
1046 1131 1222 1172 prorsus
1258 1113 1539 1155 omittendam

76 1188 219 1229 fuisse.
283 1189 470 1239 Quando
504 1197 652 1230 autem
690 1190 734 1230 id
770 1205 851 1230 non
890 1190 1028 1237 licuit,
1062 1196 1176 1230 recte
1213 1187 1428 1228 censuisse
1464 1187 1540 1242 Sy-

75 1260 252 1308 nodum,
275 1275 474 1304 non·esse
496 1278 589 1304 cam
613 1263 655 1303 in
679 1264 882 1318 praesenti
905 1261 1208 1307 definiendam,
1231 1276 1284 1301 ne
1306 1261 1420 1300 bona
1440 1273 1543 1314 pars

77 1333 400 1376 Catholicorum
416 1342 642 1391 arguatur.
682 1335 876 1390 Ideoque
893 1335 1115 1376 decretum
1131 1349 1175 1374 se
1190 1333 1369 1373 laudare
1384 1333 1443 1372 ita
1458 1331 1540 1371 dis-

77 1408 282 1463 positum,
303 1415 351 1448 ut
373 1410 467 1464 ejus
489 1409 623 1449 verba
646 1409 717 1464 pie
741 1409 844 1449 satis
865 1408 906 1448 in
930 1415 1166 1462 utramque
1187 1412 1357 1461 partem
1376 1405 1542 1459 possint

77 1481 247 1536 exponi.
310 1480 512 1522 Fuerunt
534 1488 576 1522 ct
598 1482 653 1522 ab
675 1481 771 1522 aliis
793 1479 1007 1521 nonnulla
1029 1479 1115 1519 alia
1138 1479 1294 1519 cursim
1320 1483 1540 1518 annotata.

80 1552 222 1609 quue
243 1555 412 1610 pariter
433 1554 735 1600 deliberatum,
760 1560 809 1594 ut
843 1552 920 1593 illa
941 1551 1102 1593 decreti
1126 1566 1240 1606 parS,
1265 1565 1365 1605 quae
1388 1564 1542 1604 poenas

79 1642 126 1667 ac
155 1629 338 1682 praemia
369 1627 632 1674 continebat,
656 1641 848 1667 scorsum
871 1626 915 1665 in
938 1625 1024 1665 alia
1046 1624 1098 1664 de
1120 1623 1445 1664 Reformatione
1479 1637 1543 1662 ca·

80 1700 186 1756 pita,
205 1701 247 1741 in
271 1701 471 1756 sequenti
490 1700 675 1741 sessione
694 1698 985 1755 proponenda,
1006 1698 1312 1752 conjiceretur;
1344 1695 1422 1736 hoc
1443 1710 1545 1736 vero

81 1773 226 1828 ipsum
248 1772 486 1819 decretum,
510 1788 594 1813 non
628 1773 741 1812 inter
765 1770 865 1811 fidei
887 1770 1109 1826 dogmata,
1134 1768 1210 1810 sed
1233 1769 1347 1808 inter
1369 1782 1422 1808 ea
1444 1781 1542 1821 quae

81 1845 138 1886 ad
157 1861 326 1887 morum
353 1845 628 1901 disciplinam
653 1845 884 1900 pertinent,
909 1857 1020 1883 nunc
1042 1841 1350 1882 collocaretur:
1383 1846 1429 1880 ut
1445 1838 1544 1879 hinc

81 1919 212 1959 etiam
234 1918 435 1959 omnibus
452 1918 729 1958 manifestum
754 1916 1090 1976 relinqueretur,
1108 1913 1217 1954 nihil
1240 1913 1282 1953 in
1306 1913 1385 1954 hac
1404 1927 1543 1968 quars-

82 1992 197 2033 tione
231 1991 347 2047 quod
376 1996 449 2047 jus
482 1990 680 2031 divinum
715 1990 916 2044 attingat,
942 2004 966 2029 a
994 1987 1167 2042 Synodo
1197 1985 1349 2027 sanciri
1372 1993 1449 2026 aut
1469 1984 1540 2026 de-

82 2066 193 2106 finiri
214 2065 413 2106 voluisse.

142 2139 228 2180 His
259 2140 447 2186 coactis?
481 2154 578 2179 cuni
609 2139 762 2179 Patres
785 2137 873 2178 fcrc
896 2151 1044 2177 omncs
1070 2136 1113 2175 in
1135 2135 1350 2191 prooemio
1372 2140 1541 2174 tantum

82 2212 242 2253 decreti
264 2211 550 2252 examinando
573 2212 753 2252 fuissent
768 2216 780 2230 ³
804 2210 1020 2264 occupati,
1052 2209 1093 2249 in
1123 2207 1304 2262 reliquis
1329 2208 1422 2262 ejus
1445 2221 1542 2261 par-

83 2283 203 2324 tibus
234 2298 317 2324 non
351 2284 456 2324 satis
488 2284 771 2331 laborassent,
808 2288 1001 2336 coeptum
1039 2287 1104 2320 est
1139 2279 1194 2319 ab
1231 2278 1466 2332 aliquibus,
1500 2283 1543 2317 et

83 2358 324 2413 praescrtim
347 2357 404 2397 ab
426 2356 650 2411 Episcopo
666 2355 873 2395 Civitatis
891 2352 1088 2399 Castelli,
1107 2350 1412 2397 animadverti,
1435 2349 1542 2389 dure

86 2501 199 2543 diem
230 2518 255 2543 a
282 2503 485 2543 Paroecia
517 2503 607 2542 sine
641 2500 813 2541 licentia
846 2500 888 2538 in
923 2497 1094 2552 scriptis
1127 2495 1359 2535 abscedere
1392 2494 1540 2544 liceat3

88 2589 184 2615 cum
219 2582 365 2616 tamen
396 2574 628 2630 Episcopis
656 2574 861 2613 bimestre
885 2571 1067 2611 liberum
1091 2568 1384 2624 permittatur.
1448 2568 1540 2608 Au-

87 2646 199 2688 ditor
234 2647 277 2687 id
310 2648 495 2703 Legatis
525 2647 689 2693 retulit,
712 2661 809 2685 cum
831 2651 876 2685 ct
898 2645 989 2698 ipsc
1011 2648 1204 2683 ccnscrct
1231 2641 1340 2681 hanc
1368 2647 1539 2695 partem

87 2734 178 2761 esse
202 2720 542 2776 temperandam.
607 2719 768 2774 Legati
802 2722 1025 2764 annuunt3
1062 2714 1174 2755 idem
1210 2713 1541 2768 Lotharingius,

310 2809 316 2826 ¹
346 2809 473 2839 Murcus
493 2810 648 2838 Antonius
668 2809 782 2838 Bobba.
1086 2805 1098 2820 ²
1122 2802 1285 2834 Peractis?

580 2867 592 2883 ³
616 2865 691 2895 This
705 2865 788 2895 word
806 2865 830 2894 is
849 2865 941 2894 better
958 2874 1056 2901 away.
