1905 3254
363 328 444 368 324
983 340 1092 370 sEss.
1117 340 1194 369 vn.

378 454 508 488 vante
543 445 720 487 Christo
753 445 854 486 fidei
882 445 1037 502 regula
1063 451 1235 486 utentes
1266 444 1307 484 in
1330 449 1392 484 tot
1413 457 1607 484 errorum
1630 441 1823 483 tenebris

376 519 645 560 catholicam
667 518 897 559 veritatem
919 518 1089 559 facilius
1111 532 1342 574 agnoscere
1366 522 1408 557 et
1429 522 1575 556 tenere
1596 514 1774 570 possint.

983 668 1216 718 Canones.

435 801 481 841 Si
502 800 599 856 quis
621 799 791 847 dixerit,
814 814 897 840 non
921 814 1011 840 esse
1033 799 1077 838 in
1099 812 1212 838 novo
1233 797 1517 838 Testamento
1538 794 1824 835 sacerdotium

378 873 550 913 visibile
572 880 615 914 et
637 878 880 913 externum.
915 871 986 912 vel
1016 885 1100 911 non
1122 885 1212 910 esse
1234 875 1491 925 potestatem
1517 868 1707 922 aliquam
1731 880 1825 906 con-

378 944 586 992 secrandi,
609 944 679 984 vel
700 943 910 984 offerendi
933 958 1089 998 corpus
1112 950 1155 983 et
1178 943 1432 997 sanguinem
1456 941 1551 987 Dm,
1575 946 1620 980 et
1651 945 1829 994 peccata

377 1033 517 1059 eoram
538 1017 635 1058 Deo
656 1016 903 1057 dimittendi
925 1022 968 1056 et
988 1015 1206 1055 retinendi
1222 1032 1232 1065 3
1270 1014 1345 1055 sed
1375 1014 1559 1054 officium
1592 1020 1763 1053 tantum
1786 1018 1829 1052 et

377 1090 545 1131 nudum
582 1089 872 1130 ministerium
909 1086 1177 1143 praedicandi
1208 1085 1521 1142 Evangelium,
1553 1084 1622 1124 vel
1643 1098 1727 1132 eos,
1751 1083 1831 1139 qui

374 1179 459 1204 non
481 1163 737 1218 przedicant,
761 1177 938 1217 prorsus
959 1175 1044 1201 non
1067 1175 1157 1201 esse
1183 1159 1436 1200 Sacerdotes
1453 1176 1464 1208 3
1496 1156 1661 1198 Anath.
1685 1158 1753 1198 sit.

438 1237 484 1277 Si
505 1237 603 1291 quis
625 1235 799 1283 dixerit,
822 1241 986 1290 praeter
1007 1233 1296 1274 sacerdotium
1319 1248 1404 1273 non
1437 1248 1528 1273 esse
1558 1232 1603 1272 in
1637 1232 1831 1272 Ecclesia

379 1310 609 1350 Catholica
652 1309 756 1349 alios
797 1308 967 1348 ordines
1002 1314 1044 1347 et
1087 1307 1254 1346 infimos
1290 1312 1333 1346 ct
1370 1305 1544 1352 medios,
1587 1305 1664 1360 qui
1705 1305 1831 1346 velut

379 1382 541 1440 gradus
562 1380 739 1437 quidam
762 1380 805 1420 in
827 1379 1055 1420 sacerdotii
1084 1379 1276 1419 ordinem
1309 1378 1504 1426 tendant,
1538 1378 1606 1419 vel
1639 1378 1830 1418 ordinem

380 1471 470 1497 esse
511 1457 771 1512 figmentum
804 1453 1024 1509 quoddam
1061 1452 1301 1493 humanum
1339 1453 1635 1508 excogitatum
1670 1467 1694 1492 a
1730 1452 1833 1492 viris

379 1547 523 1573 rerum
547 1530 930 1572 ecclesiasticarum
952 1528 1195 1582 iniperitis3
1228 1527 1395 1568 Anath.
1420 1527 1486 1567 sit.

438 1607 483 1646 Si
516 1606 613 1661 quis
644 1605 816 1650 dixerit,
855 1602 1066 1649 ordinem,
1101 1602 1192 1642 sive
1215 1617 1380 1642 sacram
1403 1602 1726 1649 ordinationem,
1748 1617 1834 1642 non

379 1696 470 1722 esse
503 1696 603 1721 vere
637 1686 680 1720 et
716 1678 892 1734 proprie
927 1683 1260 1721 sacramentum,
1297 1682 1373 1716 aut
1405 1690 1495 1716 esse
1529 1690 1666 1715 unum
1698 1676 1833 1716 ritum

380 1753 596 1810 quendam
648 1750 842 1808 eligendi
897 1749 1115 1790 ministros
1167 1748 1289 1788 verbi
1341 1755 1385 1788 et
1428 1749 1806 1789 Sacramentorum
1824 1764 1833 1797 ;

381 1825 544 1867 Anath.
569 1824 635 1864 sit.

439 1900 483 1940 Si
505 1900 603 1953 quis
630 1897 801 1943 dixerit,
825 1911 902 1951 per
923 1894 1234 1935 ordinationem
1255 1909 1339 1934 non
1362 1894 1543 1935 conferri
1564 1892 1835 1949 spiritualem

381 1979 425 2013 et
445 1972 714 2012 indelibilem
737 1976 1011 2026 potestatem.
1035 1975 1112 2009 aut
1135 1983 1235 2008 eum
1259 1968 1336 2023 qui
1359 1967 1557 2008 sacerdos
1581 1966 1714 2006 semel
1736 1966 1834 2014 fuit,

381 2060 529 2086 rursus
563 2045 721 2085 laicum
757 2043 850 2084 fieri
887 2057 1025 2098 posse,
1064 2048 1143 2082 aut
1174 2056 1258 2081 non
1280 2041 1375 2082 dari
1396 2056 1474 2096 per
1496 2055 1594 2080 eum
1619 2039 1834 2095 Spiritum

385 2120 606 2167 Sanctum,
642 2133 689 2158 ac
723 2116 906 2173 proinde
938 2116 1100 2156 frustra
1130 2115 1391 2170 Episcopos,
1413 2128 1511 2153 cum
1535 2111 1750 2158 ordinant,
1772 2111 1835 2152 di-

382 2210 491 2243 cere,
515 2194 717 2249 Accipite
741 2192 956 2248 Spiritum
981 2191 1213 2239 Sanctum3
1252 2188 1414 2230 Anath.
1438 2189 1506 2230 sit.

444 2268 490 2308 Si
513 2267 611 2323 quis
632 2265 805 2310 dixerit,
839 2279 1003 2304 sacram
1040 2264 1302 2311 unctionem,
1336 2277 1424 2317 qua
1455 2260 1651 2301 Ecclesia
1680 2260 1836 2308 utitur,

382 2355 465 2382 non
487 2340 625 2380 solum
649 2353 732 2378 non
754 2337 918 2392 requiri
939 2337 983 2376 in
1004 2335 1205 2376 ordinum
1234 2334 1478 2380 traditione,
1509 2333 1585 2373 sed
1619 2348 1710 2374 esse
1741 2348 1837 2388 per-

381 2413 585 2455 niciosam
609 2418 652 2452 et
674 2408 1047 2457 contemnendam,
1071 2409 1267 2449 similiter
1289 2414 1333 2448 et
1353 2422 1500 2447 omnes
1531 2407 1637 2447 alias
1669 2406 1831 2447 ordinis

384 2486 700 2533 Caeremonias3
736 2481 898 2523 Anath.
923 2482 990 2522 sit.

440 2560 485 2600 Si
505 2559 602 2614 quis
624 2556 796 2604 dixerit,
828 2556 873 2595 in
895 2554 1093 2595 Ecclesia
1116 2552 1344 2594 catholica
1365 2559 1409 2593 et
1431 2552 1591 2608 Aplica
1613 2567 1706 2593 esse
1729 2551 1837 2594 Hie-

383 2632 610 2679 rarchiam,
644 2630 719 2671 sed
751 2643 897 2670 omnes
932 2627 1201 2669 Christianos
1230 2642 1282 2668 ex
1306 2641 1433 2683 aequo
1456 2641 1547 2666 esse
1573 2625 1838 2672 Sacerdotes,

386 2713 462 2746 aut
486 2704 670 2760 aequalis
690 2702 920 2759 potestatis
934 2718 944 2751 ;
978 2701 1141 2742 Anath.
1165 2701 1234 2741 sit.

442 2778 489 2818 Si
509 2778 606 2833 quis
628 2776 800 2824 dixerit,
833 2790 917 2816 non
940 2774 1072 2815 fuisse
1094 2774 1138 2814 in
1160 2773 1332 2814 Christo
1366 2773 1466 2813 Dno
1499 2772 1765 2820 institutum,
1789 2778 1839 2812 ut

383 2858 523 2891 essent
545 2850 587 2889 in
620 2850 724 2890 Ecc.a
762 2847 992 2889 Catholica
1024 2846 1250 2902 Episcopi,
1286 2861 1332 2887 ac
1363 2861 1448 2894 eos,
1482 2845 1644 2886 cumin
1667 2852 1838 2900 partem
