1905 3254
327 306 411 346 628
938 321 1048 351 sess.
1074 320 1170 350 vm,

332 428 608 470 acciderunt:
644 428 711 475 ΡΟ,
737 426 856 483 quod
887 427 1017 468 sessio
1051 432 1117 467 tot
1147 424 1370 467 continuas
1389 423 1529 472 horas,
1563 424 1663 472 viz„
1685 424 1790 464 inte«

331 516 459 558 grum
482 500 610 549 diem,
628 507 672 541 et
691 506 861 556 partem
883 499 1020 540 noctis
1042 497 1331 555 occupaverit.

387 575 444 622 2⁰,
469 573 586 629 quod
617 573 781 630 Legati
820 587 966 613 omnes
1000 578 1043 612 et
1072 571 1345 619 Cardinales,
1369 570 1445 626 qui
1479 569 1715 610 adfuerunt
1748 568 1793 608 in

332 646 503 687 decreto
526 646 579 687 de
602 644 882 687 clandestinis
906 644 1192 685 matrimoniis
1224 644 1337 684 inter
1359 658 1403 684 se
1426 641 1794 699 disceptaverint3

331 735 432 761 nam
456 719 701 760 Cardinalis
725 719 935 759 Moronus
962 717 1085 764 dixit,
1119 732 1162 757 se
1191 717 1378 772 probare
1411 715 1646 764 decretum,
1670 715 1792 755 dum-

332 793 459 834 modo
484 794 561 834 Sm⁰
576 793 674 833 Nfo
697 793 882 848 placeat,
907 797 950 831 et
970 789 1164 830 nonnihil
1185 790 1316 830 etiam
1340 788 1461 830 aliud
1481 789 1525 828 in
1547 803 1597 828 eo
1619 794 1795 828 annota-

331 867 408 907 vit.
475 865 608 906 Card.
633 865 915 912 Varmiensis,
940 864 1015 919 qui
1040 862 1307 918 aegritudine
1329 861 1566 916 impeditus
1589 869 1691 901 tunc
1711 874 1796 901 non

331 938 497 986 aderat,
520 946 674 994 postea
704 938 748 977 in
784 936 956 992 scriptis
977 935 1234 976 sententiam
1257 949 1379 974 suam
1413 933 1636 974 declarans
1666 932 1794 981 dixit,

331 1027 374 1052 se
397 1027 479 1052 non
503 1027 628 1068 posse
651 1011 706 1052 ab
729 1026 778 1051 eo
801 1010 1034 1058 discedere,
1068 1008 1186 1064 quod
1215 1007 1427 1048 hactenus
1452 1005 1680 1047 Catholica
1709 1005 1794 1047 Ec-

333 1084 463 1124 clesia
490 1083 712 1139 probavit,
750 1097 883 1138 seque
925 1082 969 1122 in
1012 1097 1062 1122 eo
1104 1086 1506 1137 perseveraturum,
1549 1078 1682 1119 donec
1718 1085 1796 1120 aut

332 1157 588 1198 melioribus
624 1156 873 1197 rationibus
905 1155 1198 1201 convincatur,
1241 1160 1319 1194 aut
1361 1154 1456 1193 Sm¹¹³
1489 1153 1546 1193 D.
1583 1152 1642 1193 N.
1675 1167 1796 1193 secus

333 1229 544 1271 definiret.
603 1228 852 1269 Cardinalis
877 1228 1131 1277 Simonetta,
1154 1242 1197 1268 se
1232 1226 1333 1268 huic
1364 1225 1537 1267 decreto
1567 1224 1669 1266 tuta
1701 1239 1795 1265 con-

331 1304 511 1344 scientia
543 1303 813 1343 subscribere
850 1317 936 1342 non
970 1317 1108 1357 posse,
1146 1301 1229 1341 nisi
1261 1300 1385 1341 aliter
1423 1299 1501 1339 Sm⁰
1526 1299 1621 1339 Nro
1655 1298 1796 1339 visum

331 1377 477 1418 fuerit.
542 1376 672 1417 Card.
697 1377 738 1417 N
747 1377 977 1432 avagerius
999 1376 1255 1431 simpliciter
1271 1374 1494 1415 decretum
1517 1374 1794 1429 approbavit.

333 1449 463 1491 Card.
488 1449 802 1505 Lotharingius
822 1449 915 1504 ipse
932 1463 1107 1504 quoque
1130 1447 1304 1489 decreto
1327 1447 1599 1503 subscripsit.
1663 1447 1792 1489 Card.

330 1523 612 1564 Madruccius
633 1522 697 1562 illi
714 1526 866 1577 aperte
880 1521 1157 1562 contradixit.

389 1595 593 1636 Tertium
616 1594 716 1643 fuit,
742 1593 860 1649 quod
889 1593 1063 1634 decreta
1086 1593 1313 1649 proposita
1344 1592 1389 1633 in
1422 1593 1566 1633 tribus
1601 1593 1797 1634 articulis

332 1685 357 1711 a
393 1669 546 1725 majori
577 1674 704 1724 parte
734 1666 869 1708 Pium
902 1669 1073 1724 rejecta,
1099 1667 1313 1722 aliterque
1335 1665 1568 1707 immutata
1602 1666 1795 1716 fuerunt,

334 1742 436 1790 viz.,
458 1743 503 1782 in
526 1741 569 1781 3⁰
590 1741 667 1781 ubi
700 1741 850 1796 agitur
882 1740 935 1780 de
968 1739 1232 1781 Visitatione
1263 1738 1720 1795 Archiepiscoporum,
1754 1745 1798 1780 et

332 1817 376 1858 in
399 1817 473 1857 ivo*
499 1816 542 1856 in
563 1816 660 1863 fine,
684 1814 737 1855 de
760 1814 898 1855 causis
919 1813 1162 1854 minoribus
1191 1812 1528 1868 Episcoporum,
1555 1819 1599 1853 et
1620 1813 1664 1853 in
1686 1822 1732 1854 νο
1753 1813 1797 1853 in

332 1892 430 1937 fine,
446 1890 500 1930 de
513 1888 831 1946 approbatione
842 1888 886 1928 in
897 1903 996 1928 casu
1005 1887 1182 1927 haeresis
1196 1886 1251 1927 ab
1261 1886 1496 1942 Episcopis
1513 1886 1796 1927 concedenda.

334 1963 421 2004 His
443 1977 618 2003 causam
647 1960 770 2002 dedit
798 1961 914 2016 prior
946 1961 1021 2001 illa
1054 1959 1260 2000 dissentio
1290 1960 1405 1999 inter
1434 1958 1798 2016 Archicpiscopos

334 2044 379 2078 et
400 2037 643 2092 Episcopos
657 2052 667 2085 3
690 2050 805 2084 nam,
829 2049 927 2075 cum
950 2034 1160 2090 Episcopi
1188 2032 1319 2074 simul
1341 2047 1439 2073 cum
1467 2032 1497 2073 J
1502 2031 1674 2073 adrensi
1705 2048 1798 2074 con-

335 2110 586 2166 spirassent,
603 2109 633 2150 J
637 2108 829 2150 adrensis
850 2109 945 2164 ipse
974 2113 1076 2148 voto
1099 2122 1177 2147 suo
1200 2112 1287 2147 tres
1308 2104 1386 2146 hos
1424 2104 1627 2145 articulos
1654 2120 1797 2146 emen-

335 2183 429 2224 dari
453 2184 593 2240 petiit,
618 2184 741 2240 cujus
763 2181 984 2224 sententiae
1007 2183 1198 2222 centum2
1218 2179 1306 2220 fere
1328 2184 1371 2220 et
1399 2178 1453 2218 30
1476 2175 1583 2219 Pfes
1606 2177 1797 2220 adhaese-

339 2265 459 2300 runt.

395 2332 614 2382 Quartum
640 2330 736 2380 fuit,
759 2328 876 2384 quod
897 2328 1109 2384 Episcopi
1131 2326 1261 2367 multi
1284 2325 1314 2366 J
1319 2324 1512 2366 adrensis
1536 2325 1796 2366 sententiam

337 2411 437 2446 sunt
469 2404 658 2459 sequuti,
693 2417 790 2443 cum
829 2401 903 2441 vix
934 2399 1252 2441 intellexissent
1292 2397 1411 2454 quod
1443 2396 1669 2438 Jadrensis
1702 2397 1797 2453 ipse

335 2478 613 2536 protulisset:
645 2476 790 2523 immo,
813 2475 927 2515 inter
953 2474 1050 2530 ipsa
1084 2473 1312 2513 Sacrorum
1347 2471 1566 2512 solemnia
1586 2470 1799 2526 Episcopi

337 2551 466 2593 multi
487 2550 705 2605 conspecti
726 2554 829 2588 sunt
861 2547 965 2588 alios
991 2546 1244 2593 ambientes,
1269 2550 1312 2585 et
1339 2544 1534 2600 privatas
1570 2542 1798 2584 schedulas

336 2625 698 2671 transmittentes,
733 2623 893 2677 magna
929 2635 1032 2661 sane
1061 2618 1336 2675 indignitate,
1367 2625 1410 2659 et
1437 2618 1675 2659 multorum
1698 2633 1796 2673 pro-

337 2701 493 2741 borum
517 2697 748 2739 offensione
768 2712 778 2745 3
812 2694 930 2750 quod
947 2700 1074 2735 antea
1093 2707 1317 2748 nunquam
1341 2691 1506 2732 factum
1528 2691 1621 2732 fuit.

394 2772 466 2814 Vm
486 2771 584 2820 fuit,
607 2768 727 2826 quod
747 2784 842 2809 cum
864 2766 1110 2808 Cardinalis
1144 2765 1367 2813 MoronuS,
1389 2765 1560 2820 primus
1581 2764 1795 2821 Legatus,

340 2846 427 2886 alta
448 2859 551 2886 voce
573 2841 880 2899 pronunciaret
903 2847 1005 2881 vota
1028 2840 1174 2888 Pium,
1189 2844 1238 2880 ut
1260 2838 1391 2880 moris
1413 2843 1489 2885 est,
1508 2837 1653 2894 palam
1670 2836 1794 2884 dixit,

553 2932 561 2950 ¹
590 2932 648 2971 vo,
664 2932 734 2961 MS.
1268 2927 1280 2944 ²
1306 2926 1450 2963 Certum,
1466 2927 1539 2957 MS.
