1905 3254
290 303 373 345 616
904 323 1017 355 sess.
1035 324 1139 366 ²v111.

297 428 647 482 prorogationem
670 430 897 470 anterioris
919 430 1130 477 sessionis,
1156 445 1202 470 ac
1224 429 1377 485 populi
1407 443 1553 471 omnes
1576 429 1753 472 videant

297 513 377 553 per
404 514 481 539 nos
510 514 594 540 non
627 506 764 541 stare:
797 501 852 547 3⁰,
878 501 980 556 quia
1011 502 1172 557 justior
1200 503 1282 542 erit
1309 516 1438 542 causa
1458 501 1584 541 nobis
1610 502 1754 542 omnia

298 573 549 628 peragendi,
572 580 616 614 et
638 574 753 615 illud
776 574 928 629 Caput
942 575 997 615 35
1018 574 1345 630 complectendi,
1362 590 1459 616 cum
1477 575 1755 630 Principibus

297 643 451 684 datum
473 645 608 686 fuerit
636 650 808 701 justum
833 647 1054 703 spatium3
1086 648 1172 688 imo
1206 647 1305 688 hinc
1338 647 1627 703 promptiores
1658 648 1752 688 red-

298 716 471 765 dentur,
486 725 536 759 ut
558 719 597 759 ei
620 721 908 775 acquiescant,
933 736 981 761 ac
1002 720 1191 762 libenter
1212 720 1385 761 decreta
1402 727 1549 762 vestra
1565 720 1752 776 amplec-

298 796 473 832 tantur:
494 792 555 840 40,
578 807 662 833 non
685 793 970 833 omittendum
993 800 1073 841 est,
1092 793 1222 834 etiam
1246 794 1388 835 multa
1405 793 1595 835 accidere
1612 809 1751 849 posse,

299 870 348 904 ut
370 865 553 905 Concilii
574 880 845 921 progressus,
869 865 987 921 quod
1015 866 1141 913 absit,
1174 866 1456 921 impediatur.
1520 866 1697 912 Idcirco,
1719 867 1755 907 si

297 937 503 993 dogmata
531 939 674 980 omnia
703 943 795 994 jam
825 945 953 979 erunt
986 939 1188 979 absoluta
1220 939 1391 980 facilius
1421 954 1498 980 nos
1531 939 1754 980 exsolvere

296 1009 394 1051 hinc
416 1011 666 1066 poterimus.
730 1011 859 1051 Hanc
881 1018 1026 1052 tamen
1055 1012 1314 1052 sententiam
1338 1019 1528 1053 nostram
1551 1013 1755 1054 volumus

296 1083 650 1137 responsionibus
683 1085 837 1124 vestris
875 1085 1162 1139 acquiescere,
1190 1091 1232 1125 et
1267 1084 1480 1140 quicquid
1509 1085 1564 1125 ab
1598 1086 1658 1126 eis
1690 1100 1754 1126 re-

296 1169 501 1210 sponsum
524 1156 668 1205 fuerit,
692 1156 737 1196 id
756 1172 832 1197 nos
851 1157 1038 1197 libenter
1061 1156 1348 1197 admittimus.

356 1227 510 1268 Patres
527 1227 701 1269 diversa
716 1228 1044 1283 responderunt.
1108 1228 1224 1268 Nam
1241 1228 1553 1284 Hydruntinus
1567 1228 1752 1277 dicebat,

296 1306 347 1339 ut
367 1299 421 1340 de
443 1300 530 1339 illis
552 1301 684 1340 rebus
707 1301 850 1340 Sessio
866 1302 953 1345 fiat,
966 1301 1009 1340 in
1027 1300 1191 1355 quibus
1212 1300 1364 1341 Patres
1381 1302 1716 1342 contraveniunt
1731 1308 1753 1342 :¹

296 1372 382 1412 alia
403 1372 676 1414 differantur.
726 1373 945 1419 Verallus
964 1373 1082 1428 quod
1099 1373 1251 1414 dilatio
1265 1374 1308 1413 in
1323 1374 1427 1414 actis
1442 1375 1751 1420 conscribatur,

296 1453 338 1486 et
371 1448 420 1486 ea
452 1447 616 1502 elapsa,
651 1447 821 1502 reliqua
855 1447 1025 1502 integre
1066 1447 1109 1486 in
1148 1447 1233 1486 alia
1266 1447 1451 1488 sessione
1484 1454 1749 1489 statuantur.

295 1519 591 1567 Rossanensis,
610 1520 727 1575 quod
743 1520 811 1560 hie
828 1534 913 1559 non
933 1521 1082 1575 agitur
1100 1519 1153 1561 de
1167 1520 1471 1562 reformatione
1485 1521 1751 1577 Principum,

294 1607 369 1632 nec
401 1592 454 1633 de
487 1592 694 1649 regendis
730 1607 879 1633 eorum
913 1591 1114 1638 subditis,
1151 1592 1226 1632 sed
1258 1599 1428 1633 tantum
1457 1593 1510 1634 de
1542 1594 1752 1636 libertate

294 1664 421 1704 Eecae.
487 1664 592 1706 Ideo
624 1665 659 1705 si
694 1665 772 1706 hoc
809 1665 1036 1706 differatur
1063 1666 1107 1706 in
1145 1672 1239 1706 acta
1274 1666 1404 1706 etiam
1440 1667 1667 1715 referatur,
1710 1675 1753 1708 et

293 1744 448 1792 postea
461 1737 706 1779 definiatur.
768 1738 1028 1794 Reginensis
1051 1738 1094 1777 in
1116 1737 1292 1778 laudem
1311 1738 1564 1794 Principum
1588 1739 1751 1795 digres-

293 1823 365 1849 sus
387 1816 464 1850 est.
529 1810 882 1859 Britonoriensis,
913 1810 1029 1867 quod
1060 1811 1136 1851 ubi
1171 1811 1322 1866 agitur
1357 1810 1410 1851 de
1439 1811 1753 1853 Jurisdictione

295 1881 364 1921 S¹¹¹i
385 1881 475 1921 Dni
498 1882 581 1923 Nri
602 1882 711 1922 nihil
734 1883 1058 1938 supersedetur,
1084 1899 1134 1924 eo
1149 1883 1265 1938 quod
1288 1883 1446 1924 adsunt
1458 1885 1551 1940 ejus
1565 1884 1751 1941 Legati:

293 1961 339 1994 at
357 1954 433 1994 ubi
455 1968 522 1994 res
544 1960 608 1995 est
629 1954 682 1995 de
705 1954 985 2010 Principibus
1007 1962 1220 2011 petuntur
1241 1955 1485 2004 dilationes,
1502 1957 1682 2011 perinde
1705 1972 1753 1998 ac

292 2028 327 2067 si
348 2042 497 2068 eorum
526 2033 716 2068 oratores
736 2043 820 2068 non
843 2028 998 2076 adsint,
1022 2029 1156 2084 quod²
1177 2030 1281 2070 satis
1303 2029 1460 2070 durum
1485 2036 1528 2070 et
1550 2030 1750 2086 iniquum

291 2100 492 2148 videtin-3
527 2109 570 2141 et
607 2101 699 2142 haec
736 2116 894 2157 magna
926 2103 1111 2143 novitas.
1177 2102 1426 2149 Insulanus,
1471 2103 1590 2159 quod
1624 2119 1750 2144 nemo

291 2182 354 2215 est
398 2182 485 2215 tam
523 2175 689 2223 tardus,
733 2176 808 2231 qui
850 2192 934 2217 non
962 2177 1122 2223 videat,
1167 2192 1375 2233 quorsum
1408 2177 1501 2218 haec
1542 2177 1749 2229 tendant3

290 2263 389 2288 nam
424 2263 518 2288 cum
553 2255 753 2288 recusent
788 2249 1013 2304 Principes
1048 2249 1430 2297 Reformationem,
1468 2251 1503 2290 si
1532 2265 1609 2290 nos
1641 2250 1751 2292 hanc

290 2321 550 2361 occasionem
590 2321 844 2362 omittimus.
880 2328 1025 2362 actum
1061 2329 1138 2363 est.
1202 2322 1416 2363 Venimus
1448 2322 1546 2371 huc,
1581 2339 1665 2364 non
1699 2333 1750 2367 ut

290 2410 543 2435 curaremus
565 2399 799 2439 verrucas,³
821 2394 896 2435 sed
918 2409 969 2435 ea
991 2410 1093 2451 quae
1115 2395 1383 2436 nobilissima
1398 2397 1596 2438 membra
1617 2405 1717 2439 sunt
1739 2415 1748 2439 ε

289 2467 504 2522 siquidem
528 2468 764 2523 Principes,
788 2482 874 2522 quo
895 2469 1105 2524 majorem
1129 2468 1342 2509 sustinent
1364 2469 1520 2509 molem
1543 2484 1593 2510 eo
1611 2471 1750 2526 magis

290 2542 454 2582 auxilio
481 2541 678 2596 indigent
698 2547 857 2588 nostro,
892 2548 935 2582 et
956 2541 1104 2582 invitis
1126 2542 1258 2582 etiam
1292 2549 1356 2583 est
1384 2543 1746 2593 succurrendum3

288 2614 391 2669 plus
425 2620 570 2654 tamen
606 2613 722 2668 quod
742 2613 928 2654 fidamus
955 2614 1049 2670 spei
1082 2621 1126 2655 et
1152 2615 1427 2670 promissioni
1463 2616 1746 2671 Legatorum,

289 2688 461 2744 quando
483 2688 566 2742 ipsi
588 2688 650 2728 ita
671 2687 949 2742 pollicentur.
1012 2687 1255 2729 Fesulanus
1278 2688 1392 2729 idem
1416 2704 1511 2729 cum
1539 2689 1746 2730 Insulano

549 2792 554 2808 ¹
580 2792 804 2823 Conveniunt?
1261 2793 1273 2811 ²
1298 2794 1398 2831 Quid,
1416 2795 1487 2825 MS.

776 2847 788 2864 ³
813 2848 1010 2887 Cuperemus
1025 2848 1167 2884 reducas.
1188 2848 1257 2878 MS.
