1905 3254
368 248 450 287 520·
993 264 1104 293 ssss.
1132 263 1207 294 wi.

374 372 554 413 dicendo
577 372 695 412 solus
716 371 959 427 occupavit.
1025 371 1139 411 Cum
1163 371 1277 411 enim
1299 371 1466 427 primus
1488 370 1579 412 dies
1595 377 1827 427 perpetua-

374 444 473 484 liter
509 444 643 484 trium
685 443 891 484 horarum
933 444 1140 491 oratione,
1172 444 1244 483 vix
1282 450 1428 484 tamen
1469 443 1601 490 satis,¹
1636 442 1691 483 ad
1722 457 1827 498 qua-

374 525 474 557 tuor
509 518 656 572 priora
690 516 879 557 Decreta
912 516 1200 557 examinanda
1239 517 1402 564 fuisset,
1446 523 1618 572 postero
1658 516 1829 571 reliqua

375 591 520 630 omnia
556 591 640 631 fuit
672 590 937 646 complexus,
971 592 1139 631 summa-*1
1171 590 1340 631 dicendi
1374 590 1430 636 vi,
1465 589 1710 630 admirabili
1741 603 1827 629 me-

375 662 524 707 moria,
563 676 724 718 magna
756 663 990 703 verborum
1024 677 1260 718 rerumque
1293 663 1516 702 varietate.
1579 661 1695 701 Nam
1729 675 1827 701 cum

375 734 429 775 de
464 735 643 789 origine,
677 734 986 791 dignitateque
1030 734 1282 783 Sacerdotii,
1317 742 1361 775 et
1397 750 1528 790 quam
1563 733 1826 774 studendum

375 808 444 856 sit,
467 814 516 848 ut
543 808 662 848 illius
692 823 798 848 usus
829 823 939 863 pure
975 808 1203 863 nitidoque
1235 809 1278 848 in
1309 808 1508 848 Ecclesia
1539 813 1829 850 conservetur.

375 882 519 922 multa
540 882 753 937 praefatus
774 888 897 929 esset,
924 881 1111 936 hincque
1134 882 1175 921 in
1198 896 1358 937 pravos
1378 896 1534 931 mores,
1556 882 1720 936 quibus
1741 887 1833 922 toto

375 969 500 1009 paine
526 954 775 995 Christiano
798 955 903 995 orbe
924 954 1035 994 illud
1055 954 1249 1010 undique
1271 954 1488 995 foedatum
1519 970 1565 995 ac
1592 954 1829 995 labefacta-

377 1036 469 1068 tum
493 1027 620 1069 hodic
642 1028 873 1083 reperitur,
889 1028 1111 1084 digressus
1132 1035 1221 1076 est3
1246 1028 1596 1069 animadversum
1615 1028 1712 1075 fuit,
1728 1043 1828 1068 eum

375 1116 451 1141 nec
475 1101 628 1157 Regno
649 1117 726 1142 suo
749 1101 925 1148 Galliac,
957 1116 1035 1142 nec
1069 1101 1333 1149 Germaniae,
1368 1116 1444 1142 nec
1477 1100 1722 1156 Hispaniae,
1756 1116 1832 1142 nec
1879 1101 1891 1110 ‘

376 1173 490 1215 Urbi
512 1173 677 1222 Romae,
710 1188 787 1214 nec
818 1173 914 1214 aliis
937 1174 1088 1214 multis
1111 1173 1392 1229 Principibus
1412 1174 1691 1229 privatisque
1713 1173 1833 1215 Viris

375 1245 633 1301 pepercisse.
696 1246 927 1301 Praecipue
951 1252 1097 1287 autem
1121 1245 1165 1286 id
1186 1246 1465 1287 sanciendum
1500 1246 1756 1294 affirmabat,
1781 1253 1833 1287 ut

377 1317 530 1357 electio
571 1317 893 1372 Episcoporum
936 1318 1049 1358 clero
1091 1319 1452 1374 permitteretur3
1501 1318 1733 1359 Ordinatio
1776 1319 1832 1360 ab

377 1390 613 1446 Episcopis
635 1390 1098 1446 comprovincialibus3
1133 1392 1396 1432 confirmatio
1428 1407 1453 1432 a
1487 1392 1833 1448 Metropolitano

340 1479 350 1483 ·
376 1465 511 1505 fieret.
575 1464 690 1504 Tum
716 1463 904 1504 addebat
930 1471 978 1504 ut
1009 1465 1203 1505 clausula
1229 1466 1273 1504 in
1305 1465 1494 1505 Deereto
1527 1472 1834 1520 apponeretur,

376 1553 430 1578 ne
464 1538 699 1593 quisquam
735 1537 907 1577 omnino
944 1552 994 1578 ea
1028 1537 1127 1593 lege
1164 1538 1419 1578 solveretur.
1482 1537 1552 1578 De
1587 1527 1832 1594 Epist-opis,

378 1612 452 1667 qui
486 1610 687 1651 titularcs
723 1609 941 1659 dicuntur,
974 1626 1046 1651 eos
1079 1610 1220 1651 veluti
1252 1617 1441 1651 monstra
1462 1610 1663 1666 quaedam
1685 1612 1730 1652 in
1750 1612 1835 1653 Ee-

378 1685 507 1725 clesia
528 1685 829 1740 nuncupabat,
863 1685 941 1739 qui
962 1685 1005 1724 in
1028 1683 1304 1740 suscipiendo
1326 1684 1420 1740 ipso
1442 1684 1592 1725 ordine
1623 1685 1832 1726 mentian-

378 1765 463 1803 tur,
488 1773 583 1797 cum
616 1757 890 1813 interrogati,
925 1757 960 1797 si
986 1757 1123 1799 velint
1145 1757 1296 1798 docere
1320 1764 1363 1798 et
1384 1756 1636 1812 praedicare,
1659 1772 1833 1813 respon-

377 1832 521 1881 deant,
558 1831 696 1881 Volo,
736 1839 780 1872 et
814 1839 962 1873 tamen
997 1830 1107 1871 nihil
1140 1832 1283 1871 minus
1323 1847 1367 1872 se
1401 1831 1591 1873 facturos
1626 1832 1832 1887 cogitent,

377 1920 475 1945 cum
497 1904 711 1952 Ecclesia,
736 1905 861 1960 cujus
880 1903 997 1945 nudo
1019 1904 1147 1945 titulo
1168 1904 1477 1961 insigniuntur,
1501 1905 1546 1944 in
1568 1919 1731 1952 eorum,
1749 1919 1833 1945 non

378 1981 433 2020 sit
472 1986 703 2035 potestate,
737 1994 816 2019 nec
850 1979 1000 2019 futura
1032 1985 1243 2034 speretur.
1309 1979 1588 2034 Improbavit
1622 1978 1681 2027 id,
1715 1977 1834 2034 quod

378 2053 597 2094 interdum
630 2054 673 2093 in
708 2052 777 2093 his
813 2052 1015 2093 Decretis
1049 2052 1104 2093 ad
1140 2052 1482 2108 amplificandam
1514 2052 1833 2108 Episcoporum

377 2134 657 2183 potestatem,
692 2127 759 2166 illi
795 2133 1005 2181 tanquam
1040 2125 1306 2180 Apostolicae
1340 2125 1464 2167 Sedis
1494 2125 1688 2181 delegati
1711 2140 1832 2166 voca-

376 2203 564 2248 bantur3
596 2200 801 2256 inquiens
825 2214 897 2239 eos
913 2200 1013 2254 jure
1036 2213 1127 2246 suo,
1152 2198 1219 2238 uti
1236 2198 1401 2238 Christi
1415 2198 1622 2247 Vicarios,
1647 2213 1698 2239 ea
1718 2205 1834 2239 recte

378 2290 502 2330 posse
525 2275 659 2316 obire.
703 2274 924 2314 Praeterea
948 2287 1045 2313 cum
1068 2271 1366 2327 Ecclesiajffln
1383 2286 1462 2326 per
1477 2272 1559 2311 500
1581 2279 1623 2312 et
1644 2272 1834 2327 amplius

378 2365 522 2397 annos,
546 2348 663 2389 omni
685 2363 768 2388 usu
790 2345 1124 2402 dispensationis
1147 2346 1346 2392 caruerit,
1381 2339 1584 2386 Sanctam
1609 2345 1832 2402 Synodum

376 2423 656 2469 hortabatur,
689 2428 739 2462 ut
771 2420 824 2461 ad
861 2420 1049 2476 priscum
1088 2434 1250 2460 morem
1284 2418 1433 2460 fideles
1466 2427 1701 2469 revocaret,
1736 2422 1833 2461 aut*

378 2496 531 2536 saltem
566 2494 855 2550 quinquennii
893 2499 970 2534 aut
999 2493 1162 2533 biennii
1191 2493 1334 2547 spatio
1365 2492 1452 2532 illis
1473 2492 1619 2533 aditus
1640 2493 1834 2534 obstrue-

378 2574 524 2617 retur,
560 2582 648 2622 qua
684 2567 901 2607 occasione
937 2564 1285 2606 reformationem
1320 2559 1449 2605 alias³
1484 2563 1660 2606 sedente
1694 2564 1834 2606 Paulo

423 2650 429 2666 ¹
457 2651 509 2687 Et,
528 2650 619 2687 MS,;
644 2649 740 2679 better
757 2648 899 2679 omitted.
1136 2643 1138 2645 ¹
1215 2645 1228 2663 ²
1253 2646 1322 2677 Ut?

421 2701 433 2717 3
458 2704 541 2733 Most
566 2702 717 2743 probably
733 2703 840 2732 aliam.
887 2701 983 2731 There
1005 2712 1102 2732 seems
1117 2705 1147 2731 to
1165 2701 1201 2731 be
1217 2712 1236 2731 a
1251 2701 1336 2741 plain
1360 2701 1423 2731 and
1448 2701 1626 2732 observable
1649 2701 1783 2732 allusion
1806 2704 1836 2730 to

378 2755 429 2783 the
449 2756 608 2785 Consilium
626 2756 659 2783 de
676 2755 867 2784 Ememlmzda
886 2755 1027 2790 Ecclesia,
1048 2753 1160 2792 which,
1183 2764 1215 2783 as
1243 2753 1333 2792 being
1359 2754 1554 2784 condemned
1580 2755 1612 2784 in
1638 2754 1688 2784 the
1715 2755 1835 2785 Roman

383 2808 477 2837 ludex
505 2809 539 2836 nt·
563 2808 745 2838 Prohibiled
773 2806 874 2838 Books
899 2808 938 2845 hy
963 2820 981 2838 a
1005 2807 1127 2837 Pomiss'
1150 2806 1218 2838 who
1234 2818 1294 2837 was
1317 2818 1373 2837 one
1400 2808 1434 2837 of
1454 2807 1506 2837 the
1534 2807 1652 2848 parties,
1681 2807 1706 2837 is
1734 2805 1835 2844 seebly
