1905 3254
707 292 818 322 SEss.
845 294 918 325 vu.
1460 290 1545 330 435

141 390 608 436 Mutinensis—Sicuti
632 397 732 439 olim
762 399 818 440 ob
837 403 1155 444 contumaciam
1179 404 1339 461 Populi
1371 407 1542 449 Israeli-

83 464 156 506 tici
177 465 230 506 de
252 466 403 507 eadem
438 483 498 518 re,
534 470 602 510 bis
625 471 799 527 Moyses
831 473 955 529 leges
978 476 1093 525 tulit,
1129 477 1289 520 additis
1324 480 1464 529 minis,
1497 489 1540 523 et

80 538 498 593 reprehensionibuS‚
537 543 595 583 sie
629 545 733 584 scite
769 546 926 587 Sancta
951 548 1149 603 Synodus
1170 551 1289 592 aliud
1311 553 1535 596 decretum

79 610 281 661 condidit,
303 628 399 653 cum
423 615 568 669 poenis
597 623 640 657 et
663 617 761 658 aliis
795 619 986 660 stimulis
1020 621 1075 661 ad
1107 623 1360 665 evitandum
1397 641 1537 682 popu-

76 685 216 727 lorum
253 687 506 730 scandalum
543 690 621 731 diu
661 691 740 732 hoe
782 696 1127 749 expectantium.
1193 697 1430 754 Optassem
1453 716 1537 757 ego

76 759 410 815 explicationem
425 763 455 804 J
461 764 549 804 uris
571 763 722 813 divini,
758 766 874 821 quod
896 768 1095 810 tenderet
1117 769 1172 810 ad
1187 771 1536 826 amplificandam

75 833 260 889 gloriam
297 836 445 892 Papae,
486 852 722 895 veramque
762 841 1113 884 reformationem
1146 843 1356 886 Ecclesiae
1398 854 1536 890 statu-

74 906 253 959 endam3
286 910 322 950 si
343 917 488 951 tamen
507 911 635 953 aliter
658 913 832 969 Synodo
854 915 1062 969 placebit,
1081 932 1163 973 ego
1185 919 1393 975 accipiam
1417 922 1536 977 quod

72 977 263 1029 dabitur,
308 981 409 1023 licet
447 998 532 1024 non
572 984 706 1026 detur
745 986 863 1042 quod
904 989 1128 1044 praecipue
1178 1005 1397 1046 cuperem.
1460 994 1535 1035 Ad

72 1066 224 1095 causas
247 1055 456 1097 absentiae
481 1057 671 1100 addatur
687 1059 933 1101 Concilium
950 1062 1214 1113 Sardicense,
1231 1072 1274 1106 et
1292 1066 1531 1109 Concilium

73 1126 442 1185 Carthaginen503
475 1147 604 1174 causa
639 1149 740 1174 vero
772 1134 825 1175 dc
861 1135 1105 1177 obsessione
1138 1137 1286 1179 hostili
1318 1139 1531 1189 deleatur,

69 1200 173 1256 quia
195 1209 340 1244 contra
367 1203 533 1260 disput.
561 1206 749 1261 August.
774 1208 816 1247 in
840 1208 984 1263 Epist.
1046 1209 1116 1251 De
1147 1213 1305 1266 poenis,
1344 1214 1531 1257 addatur

68 1273 158 1322 illa,
181 1281 232 1316 ut
256 1282 490 1318 teneantur
512 1279 555 1319 in
579 1280 841 1321 conscientia
863 1281 917 1321 ad
939 1283 1256 1325 restitutionem
1294 1286 1528 1337 fruetuum,

68 1353 112 1387 ct
133 1349 409 1403 reperiantur
431 1351 568 1392 verba
586 1352 741 1394 idonea
759 1353 815 1394 ad
836 1354 1052 1397 tollendas
1074 1356 1396 1413 disputationes
1416 1362 1528 1403 inter

67 1419 279 1463 Doctores
298 1423 342 1463 in
363 1422 442 1465 hae
475 1413 546 1475 1303
578 1432 629 1466 ut
656 1427 817 1468 scilicet
848 1429 946 1484 quis
968 1429 1284 1487 obstringatur‚
1318 1435 1524 1489 quoniam

65 1493 111 1534 id
131 1496 264 1536 etiam
297 1512 387 1539 esse
421 1498 555 1540 debet
595 1515 823 1542 commune
858 1518 956 1542 cum
995 1502 1186 1552 Curatis,
1225 1505 1383 1548 deinde
1425 1509 1528 1564 quia

64 1568 194 1610 sicuti
215 1585 291 1611 nos
313 1572 531 1627 exigimus
564 1588 637 1614 eas
675 1590 700 1615 a
729 1577 890 1617 nostris
910 1577 1197 1627 Dioeccsanis,
1234 1581 1295 1621 ita
1328 1589 1372 1623 et
1404 1584 1528 1640 Papa

70 1656 143 1682 eas
164 1642 296 1685 debet
325 1659 451 1700 posse
474 1647 653 1702 exigere
688 1664 713 1688 a
749 1650 885 1690 nobis.
948 1650 1018 1692 De
1042 1651 1220 1694 Curatis
1246 1655 1525 1699 inferioribus

64 1715 303 1757 remedium
326 1733 410 1758 non
435 1719 610 1761 videtur
632 1721 806 1771 efficax3
839 1738 937 1763 nam
967 1725 1201 1766 maximam
1225 1727 1271 1767 id
1293 1728 1418 1770 affert
1437 1746 1523 1771 mo-

64 1786 238 1829 lestiam
261 1790 508 1847 Episcopis,
537 1800 579 1833 et
602 1808 752 1848 preces
773 1795 1043 1851 Principum,
1077 1799 1154 1853 qui
1191 1798 1356 1842 habent
1379 1817 1449 1843 eos
1480 1804 1522 1844 in

65 1860 224 1909 Curiis,
266 1878 437 1920 semper
475 1867 699 1908 vexabunt
742 1868 999 1924 Episcopos.
1063 1871 1191 1912 Unde
1233 1874 1523 1931 subjiciantur

62 1935 220 1989 poenis,
244 1937 408 1991 quibus
431 1938 644 1994 Episcopi
667 1946 897 1990 tenentur3
933 1941 1086 1984 deinde
1113 1945 1417 2001 astringantur
1437 1963 1520 1990 non

61 2005 278 2049 discedere
295 2009 460 2065 absque
479 2011 639 2052 Literis
663 2011 917 2053 dimissoriis
939 2015 1163 2072 Episcopi,
1186 2025 1319 2073 prout
1339 2020 1382 2060 in
1406 2020 1519 2062 Con-

60 2079 168 2121 ciliis
181 2082 398 2138 antiquis3
422 2090 465 2124 et
478 2084 514 2124 si
527 2084 691 2126 habent
708 2086 794 2126 alia
809 2087 1039 2137 Beneficia,
1051 2090 1103 2130 iis
1117 2091 1416 2145 provideatur.
1447 2094 1518 2136 De

62 2155 411 2212 promulgatione
434 2157 666 2206 inseratur,
691 2159 732 2198 in
758 2159 1158 2203 Constitutionibus
1180 2164 1517 2221 Episcoporum,

60 2232 109 2267 ut
130 2241 227 2268 cum
249 2229 475 2270 conferunt
497 2230 718 2279 beneficia,
741 2240 899 2288 cogant
919 2235 1113 2288 provisos
1136 2240 1298 2291 jurare,
1324 2238 1518 2281 assiduos

58 2297 148 2340 fore
172 2299 214 2340 in
236 2301 469 2343 Ecclesiis:
504 2310 548 2344 et
568 2303 683 2345 idem
707 2306 780 2346 fiat
801 2306 843 2346 in
869 2306 1057 2348 Camera
1077 2306 1346 2364 Apostolica,
1371 2311 1413 2352 in
1433 2312 1516 2352 eol-

57 2370 295 2414 lationibus
319 2373 662 2418 cathedralium.

114 2445 381 2488 Asculanus.
503 2450 751 2506 Segninus.¹

113 2516 578 2563 Viterbiensis.—Non
620 2524 766 2579 placet
809 2532 858 2565 ut
899 2534 1150 2568 recurratur
1193 2529 1251 2569 ad.
1288 2529 1513 2573 decretum

57 2589 184 2632 Pauli
209 2592 314 2641 ΙΙΙ.,
340 2594 416 2635 ubi
435 2604 740 2652 apparuerunt
766 2598 887 2638 varia
904 2599 1195 2655 subterfugia,
1218 2615 1294 2642 nec
1317 2617 1511 2658 unquam

55 2661 139 2704 fuit
160 2679 242 2706 usu
273 2675 510 2724 receptum.
573 2671 802 2711 Assentior
825 2671 1048 2712 Cardinali
1071 2672 1375 2730 Lotharingio,
1405 2676 1510 2718 duo-

55 2735 137 2778 bus
158 2741 363 2795 exceptis,
388 2742 452 2783 ΡΟ.
479 2749 527 2784 ut
549 2743 686 2785 Casus
710 2745 750 2784 in
774 2745 903 2786 Bulla
925 2746 967 2786 in
995 2746 1134 2788 Coena
1165 2746 1345 2789 Domini
1378 2764 1509 2794 rescr-

667 2832 673 2850 ¹
702 2834 887 2873 Segnictffiis.

1159 2896 1185 2935 2
1208 2909 1231 2935 ι»
1254 2897 1279 2925 ·)
