1905 3254
309 304 393 344 622
927 316 1034 347 snss.
1063 316 1155 345 vm.

311 426 440 466 etiam
483 426 594 466 inter
636 426 753 480 ipsos
798 425 1062 464 Secretarios
1110 421 1492 463 contradictionem
1538 420 1767 461 continere.

311 500 470 548 Quare,
495 506 545 540 ut
576 498 751 539 fidelius
782 498 928 538 omnia
961 497 1291 552 colligerentur,
1316 496 1460 536 visum
1482 494 1627 535 fuerat
1657 493 1771 534 salu-

311 579 404 613 tare
428 572 473 612 id
495 573 735 620 consilium,
760 578 808 613 ut
830 572 1018 627 quisque
1042 577 1139 626 post
1159 570 1331 618 dictam,
1355 584 1471 617 voce,
1495 568 1770 616 sententiam,

311 661 406 686 eam
427 652 470 687 et
487 646 530 686 in
547 646 755 702 scriptum
778 645 976 686 referret.
1030 644 1199 700 Negari
1217 651 1362 684 tamen
1382 658 1468 684 non
1489 648 1648 699 potest,
1665 641 1770 697 quin

309 718 409 759 hinc
426 718 481 759 ad
494 717 792 759 subornandos
810 718 980 773 aliquos
996 717 1117 757 locus
1134 717 1361 773 praestitus
1377 716 1519 766 fieret3
1540 715 1771 770 multique,

310 792 586 832 suasionibus
618 790 805 831 revocati
828 805 852 830 a
880 790 1067 846 pristina
1098 790 1325 837 sententia,
1351 789 1471 830 aliud
1505 787 1770 844 scripserint,

311 863 430 904 aliud
463 864 670 911 dixerint,
702 864 907 918 quamvis
942 870 985 904 et
1018 863 1155 918 aliqui
1188 863 1300 903 bona
1331 861 1416 902 fide
1452 862 1675 902 meliorem
1708 875 1770 901 se-

310 942 494 992 quentes
516 936 776 977 sententiam
799 934 915 976 idem
941 935 1133 975 fecerint.

729 1041 820 1088 Die
846 1044 874 1088 '2
899 1041 1189 1088 Novembris
1226 1043 1362 1087 1563.

370 1150 627 1204 Sequuntur
649 1147 1027 1204 Congregationes
1049 1162 1183 1203 super
1204 1147 1389 1188 decretis
1416 1147 1470 1187 20
1492 1146 1545 1188 de
1567 1148 1769 1188 reforma-

310 1224 422 1264 tione
437 1222 670 1277 propositis
688 1223 742 1261 2⁰.
789 1221 957 1276 Incepit
977 1220 1223 1260 Cardinalis
1239 1220 1474 1261 Moronus:
1500 1220 1774 1262 Putabamus

311 1296 553 1351 praevenire
576 1295 689 1335 diem
719 1293 930 1334 indictum
965 1295 1127 1334 suturae
1161 1293 1362 1343 sessioni3
1395 1293 1471 1334 sed
1511 1294 1567 1334 ob
1608 1294 1771 1334 multas

310 1368 585 1409 difficultates
598 1368 763 1408 fuimus
779 1366 994 1421 impediti.
1056 1366 1188 1407 Nunc
1205 1373 1382 1421 tempus
1399 1372 1541 1422 urget,
1558 1373 1602 1407 et
1614 1380 1773 1422 magna

312 1448 424 1482 esset
445 1441 697 1497 ignominia,
721 1455 770 1481 eo
784 1440 935 1481 saltem
959 1446 1169 1494 tempore,
1185 1440 1416 1480 sessionem
1438 1454 1523 1481 non
1537 1440 1769 1481 celebrare.

312 1515 460 1564 Quare
500 1529 708 1569 rogamus
742 1528 904 1560 omneS,
947 1519 997 1552 ut
1032 1513 1095 1552 ita
1136 1527 1181 1552 se
1215 1519 1384 1568 gerant,
1420 1519 1471 1553 ut
1503 1512 1772 1553 satisfaciant

312 1587 490 1643 quidem
525 1588 784 1636 necessitati,
807 1601 893 1627 non
915 1592 1061 1626 autem
1085 1585 1337 1625 curiositati.
1401 1585 1495 1625 Nos
1516 1585 1627 1625 enim
1651 1599 1770 1627 max-

311 1660 396 1700 ime
428 1660 646 1715 cupimus,
682 1666 733 1700 ut
769 1659 957 1715 quisque
994 1658 1112 1699 dicat
1145 1664 1295 1714 aperte
1322 1658 1481 1705 omnia,
1520 1664 1568 1698 ut
1601 1657 1698 1698 Deo
1728 1659 1770 1698 in

310 1733 463 1787 primis
504 1733 675 1788 placere
718 1732 922 1781 studeat,
955 1747 1054 1772 nain
1099 1730 1283 1787 singulis
1316 1729 1565 1771 satisfacere
1600 1729 1772 1771 videtur

310 1806 594 1860 impossibile.
657 1805 824 1847 Verum
847 1820 944 1845 eum
969 1804 1066 1860 quis
1098 1804 1142 1844 in
1174 1819 1310 1845 unum
1333 1803 1481 1844 Deum
1513 1803 1669 1860 dirigit
1705 1819 1770 1844 ac-

309 1878 448 1919 tiones
469 1894 585 1927 suaS,
608 1886 710 1920 tunc
732 1878 914 1919 feliciter
935 1878 1081 1918 omnia
1101 1877 1352 1918 succedunt.

370 1951 528 1992 Postea
547 1951 707 2006 reliqui
729 1950 883 1991 Patres
905 1951 1167 2006 prosequuti
1188 1956 1290 1990 sunt
1310 1950 1547 1990 sententias
1567 1964 1679 1989 suas.

369 2025 740 2080 Archiepiscopus
781 2024 1071 2072 Bracarensis,
1119 2038 1263 2079 nuper
1302 2037 1502 2063 reversus
1542 2036 1595 2062 ex
1635 2021 1771 2069 Urbe,

312 2098 454 2139 multa
488 2099 685 2139 narravit
720 2098 763 2138 in
798 2096 1214 2138 commendationem
1249 2095 1428 2151 pietatis
1469 2102 1512 2136 et
1552 2095 1774 2150 religionis

313 2171 386 2210 S¹¹¹¹i
402 2171 498 2218 Nri,
523 2185 570 2211 ae
590 2169 966 2224 incorruptissimi,
989 2169 1284 2224 religiosique,
1308 2174 1358 2208 ut
1379 2168 1472 2223 ipse
1495 2168 1653 2215 aiebat,
1677 2171 1774 2222 ejus

310 2243 485 2298 nepotis
519 2241 767 2282 Cardinalis
800 2241 1049 2282 Borromaei.
1115 2240 1390 2287 Affirmabat,
1414 2254 1459 2279 se
1487 2239 1651 2293 saepius
1675 2254 1771 2280 cum

312 2317 391 2356 Sm⁰
415 2315 510 2355 Nro
543 2313 597 2354 de
620 2314 754 2354 rebus
774 2313 1096 2353 reformationis
1124 2313 1258 2353 fuisse
1286 2313 1536 2368 loquutum,
1560 2318 1693 2367 atque
1728 2313 1773 2352 in

312 2402 362 2428 eo
383 2388 595 2443 optimam
616 2392 806 2427 mentem
829 2400 876 2426 ac
899 2385 1208 2425 sanctissimam
1232 2385 1484 2439 agnovisse3
1515 2398 1592 2425 nec
1605 2399 1650 2425 se
1667 2384 1772 2431 falli,

312 2475 410 2500 cum
451 2459 495 2499 in
530 2459 704 2499 intimos
745 2462 842 2513 ejus
884 2472 1034 2498 sensus
1075 2457 1400 2512 penetraverit:
1447 2463 1772 2512 proptereaque

311 2533 500 2574 maxime
528 2547 572 2573 se
595 2546 821 2573 accensum
854 2546 907 2572 ex
930 2532 1025 2587 ejus
1057 2544 1253 2571 sermone
1285 2529 1340 2570 ad
1367 2545 1435 2570 res
1455 2529 1773 2571 reformationis

311 2605 423 2645 serio
443 2611 486 2645 et
522 2604 702 2659 gravius
721 2603 986 2644 tractandas.
1048 2602 1285 2642 Audivisse
1307 2602 1438 2643 etiam
1467 2602 1523 2642 ab
1550 2601 1636 2651 illo,
1658 2601 1770 2642 velle

311 2693 426 2724 cum,
462 2683 513 2718 ut
548 2675 853 2718 Cardinalium
895 2675 1145 2716 reformatio
1187 2675 1275 2722 fiat,
1320 2689 1434 2729 quae,
1476 2675 1511 2714 si
1550 2689 1575 2715 a
1615 2675 1772 2715 Sancta

315 2748 489 2804 Synodo
511 2764 594 2789 non
616 2749 706 2797 fiat,
730 2755 833 2789 tunc
855 2763 899 2789 se
921 2748 1115 2788 severius
1147 2747 1278 2787 etiam
1310 2746 1477 2802 aliquid
1504 2762 1634 2802 quam
1663 2746 1771 2788 forte

314 2837 339 2861 a
376 2820 549 2876 Synodo
585 2821 747 2862 factum
789 2821 957 2868 fuisset,
991 2820 1281 2860 decreturum.
1346 2818 1472 2860 Circa
1503 2834 1598 2874 cap.
1639 2820 1689 2859 19
1719 2819 1771 2860 de
