1905 3254
348 313 432 354 312
971 330 1078 361 snss.
1102 329 1177 361 vu.

348 433 384 473 si
416 433 541 473 nobis
581 440 670 474 tam
713 434 796 474 cito
830 440 1010 489 ereptus
1045 448 1131 475 non
1171 433 1337 481 fuisset,
1374 437 1532 490 magna
1572 434 1803 490 prudentia

347 506 534 546 retinere
557 506 806 546 conabatur.
869 506 1048 561 Pupillo
1076 514 1120 547 et
1143 506 1291 547 viduae
1318 506 1609 561 iniquissimas
1633 521 1804 563 semper

345 577 512 625 turbas,
547 585 591 619 et
614 579 733 619 bella
765 578 973 619 intestina
1006 579 1103 619 Rex
1136 586 1180 620 et
1202 578 1375 634 Regina
1402 585 1541 619 mater
1561 578 1685 620 valde
1706 594 1804 634 per-

344 650 601 697 timuerunt,
627 659 670 693 et
693 658 867 707 pacatos
888 651 1163 692 subditorum
1186 654 1378 693 omnium
1402 654 1580 700 animos,
1603 667 1657 693 ne
1679 653 1804 707 quies

345 723 524 776 publica
545 724 932 771 interturbaretur,
956 727 1121 764 summa
1143 724 1392 779 prudentia,
1413 740 1471 773 ac,
1490 731 1539 764 ut
1562 731 1736 765 aetatem
1758 730 1803 764 et

345 809 497 837 sexum
537 797 674 845 decet,
717 803 936 851 perpetuo
972 803 1320 850 exoptaverunt3
1366 796 1485 852 quod
1527 796 1708 844 etiamsi,
1751 803 1803 837 ut

342 869 496 922 negari
526 882 610 908 non
645 874 802 923 potest,
837 868 1069 908 infeliciter
1102 869 1316 915 successit,
1357 868 1617 908 infeliciores
1657 874 1801 909 tamen

342 939 450 979 belli
484 947 667 980 eventus
700 946 800 980 sunt
832 939 1178 994 pertimescendi,
1215 954 1282 987 ne,
1321 940 1355 979 si
1390 954 1539 980 omnes
1572 941 1615 980 in
1649 940 1800 981 eodem

340 1011 534 1066 periculo
566 1018 808 1058 versentur,
843 1010 994 1051 eadem
1029 1018 1073 1051 et
1101 1017 1365 1065 tempestate
1399 1010 1496 1059 acti,
1529 1025 1656 1051 nemo
1689 1012 1803 1066 peri-

342 1083 539 1123 clitantes
574 1083 769 1138 adjuvet,
805 1098 853 1124 ac
885 1084 920 1123 si
941 1097 1076 1123 unum
1106 1082 1313 1139 idemque
1345 1098 1490 1124 omnes
1520 1084 1801 1140 naufragium

341 1156 560 1196 faciamus.
627 1157 852 1197 Summam
888 1163 1118 1212 propterea
1149 1157 1361 1197 rationem
1397 1157 1551 1198 haberi
1584 1157 1802 1199 desiderat

342 1243 490 1270 eorum
513 1229 589 1285 qui
611 1230 724 1284 lapsi
746 1236 858 1277 sunt,
891 1236 942 1269 ut
971 1236 1013 1270 et
1045 1229 1147 1277 illis,
1183 1237 1397 1285 quantum
1429 1245 1481 1271 ex
1513 1229 1611 1271 Deo
1632 1231 1801 1286 poteri-

340 1316 449 1350 mus,
487 1301 789 1350 condonemus,
825 1302 990 1356 quibus
1024 1309 1067 1342 et
1101 1317 1178 1342 nos
1212 1303 1369 1343 amicos
1411 1317 1502 1343 esse
1543 1302 1686 1351 liceat,
1725 1303 1801 1344 sed

342 1388 482 1428 usque
506 1373 561 1413 ad
595 1388 703 1413 aras.
767 1373 973 1413 Alterum
1006 1374 1266 1429 Legationis
1297 1389 1405 1414 meae
1428 1381 1561 1429 caput
1583 1382 1660 1422 est,
1685 1375 1803 1430 quod

336 1449 427 1500 jam
451 1460 476 1485 a
498 1445 712 1500 principio
733 1445 847 1500 Regi
869 1460 966 1485 meo
995 1445 1193 1486 Christmo
1226 1461 1321 1486 curn
1356 1447 1482 1487 Sermc>
1515 1447 1801 1501 Imperatore,

340 1525 383 1559 et
405 1518 586 1573 reliquis
607 1518 823 1573 RegibuS,
848 1525 891 1558 et
912 1518 1191 1572 Principibus
1212 1519 1345 1569 Viris,
1370 1533 1557 1574 quorum
1590 1518 1659 1559 hic
1693 1519 1802 1560 Ores

340 1592 595 1632 clarissimos
619 1592 732 1631 viros
766 1590 953 1639 habetis,
989 1591 1073 1630 fuit
1107 1606 1343 1638 commune,
1382 1606 1551 1648 nempe,
1589 1599 1641 1632 ut
1663 1592 1716 1633 de
1736 1607 1802 1633 re-

339 1665 597 1707 formatione
631 1671 676 1704 et
695 1679 864 1704 morum
888 1670 932 1703 et
954 1663 1162 1704 Ecclesiae
1192 1663 1430 1718 disciplinae
1464 1664 1636 1704 omnino
1658 1664 1801 1705 decer-

338 1744 479 1778 natur.
542 1736 612 1776 De
648 1735 727 1776 hoc
767 1736 927 1776 iterum
965 1735 1214 1791 iterumque
1256 1752 1331 1777 vos
1373 1736 1575 1777 admonet
1611 1736 1666 1777 ad
1705 1751 1800 1777 eam

339 1811 448 1851 serio
482 1808 842 1865 amplectandam,
883 1823 972 1863 qua
1006 1814 1152 1864 potest
1185 1809 1475 1859 observantia,
1508 1808 1722 1857 hortatur,
1756 1816 1802 1850 et

337 1898 415 1938 per
437 1882 555 1922 Dnm
579 1882 692 1922 Nrm
723 1882 753 1922 J
757 1897 878 1922 esum
911 1879 1151 1928 Christum,
1186 1882 1262 1936 qui
1288 1881 1567 1937 judicaturus
1590 1888 1655 1922 est
1677 1882 1801 1921 vivos

337 1963 381 1996 et
400 1963 610 2002 mortuos,
633 1956 895 2001 obtestatur,
933 1954 967 1993 si
994 1954 1207 1994 Ecclesiae
1237 1954 1548 1995 authoritatem
1580 1955 1798 2010 integram

339 2043 431 2069 esse
454 2028 604 2076 vultis,
628 2028 662 2068 si
684 2032 780 2082 ejus
802 2027 1064 2083 dignitatem
1088 2041 1354 2075 conservare,
1380 2027 1414 2066 si
1430 2028 1522 2082 jam
1544 2026 1799 2067 inclinatum

337 2101 657 2141 nobilissimum
694 2099 848 2140 Galliae
884 2114 1071 2155 regnum
1104 2099 1282 2140 retineri
1313 2114 1439 2155 posse
1467 2099 1686 2155 judicatis,
1721 2114 1800 2141 nec

339 2189 415 2215 vos
437 2189 491 2214 ex
513 2174 671 2213 vestris
704 2171 936 2213 commodis
967 2178 1113 2212 nostra
1142 2172 1412 2213 incommoda
1443 2172 1589 2213 metiri
1623 2187 1799 2228 aequum

338 2254 424 2288 est:
457 2247 493 2287 si
514 2247 628 2287 enim
659 2245 863 2285 universa
883 2243 976 2284 haec
998 2244 1143 2291 Italia,
1177 2245 1211 2284 si
1233 2244 1455 2300 Hispania
1477 2245 1629 2292 omnis,
1653 2245 1799 2285 sedem

338 2327 381 2361 et
413 2320 586 2360 clavum
617 2324 750 2364 tenet,
777 2316 1054 2372 gratulamur
1088 2317 1223 2364 vobis,
1257 2316 1492 2356 felicissimi
1523 2324 1694 2371 patres3
1725 2332 1803 2358 nos

338 2392 482 2448 puppi
503 2390 752 2435 excidimus,
788 2395 832 2430 et
859 2389 931 2429 vix
965 2403 1170 2444 supremo
1203 2389 1342 2445 digito
1375 2389 1676 2445 gubernacula
1696 2391 1798 2431 reti-

338 2480 503 2507 nemus.
566 2463 654 2504 Hic
676 2463 802 2503 nobis
832 2462 963 2502 liceat
989 2464 1089 2518 jure
1113 2468 1256 2503 vestro
1278 2477 1429 2503 causas
1463 2478 1487 2503 a
1513 2464 1636 2504 nobis
1664 2470 1799 2504 tantae

338 2536 611 2592 tempestatis
633 2535 873 2589 exquirere.
939 2535 1079 2584 Quem
1103 2534 1416 2582 accusabimus,
1432 2535 1694 2590 co-episcopi
1716 2536 1799 2576 fra-

340 2611 458 2649 tres?
520 2608 660 2657 Quem
694 2607 804 2646 tanti
834 2606 939 2646 mali
964 2604 1189 2646 authorem
1212 2606 1553 2647 constituemus?
1614 2607 1800 2648 Memini

343 2679 449 2733 quid
471 2679 626 2727 velitis,
642 2693 719 2718 nec
741 2678 945 2718 memoria
967 2677 1125 2717 excidit
1146 2684 1338 2718 vestrum
1361 2677 1414 2718 de
1437 2692 1487 2718 ea
1503 2693 1549 2718 re
1572 2693 1797 2719 commune

308 2793 320 2801 ,
342 2752 532 2791 omnium
559 2751 801 2806 judicium:
834 2750 911 2790 hoc
945 2764 1028 2790 non
1061 2750 1152 2791 sine
1183 2751 1332 2791 innato
1353 2750 1547 2806 'pudore,
1573 2758 1617 2792 et
1638 2766 1798 2807 magna

344 2830 549 2864 anteactae
582 2824 685 2864 vitae
706 2823 965 2879 poenitentia
986 2823 1127 2864 dicere
1155 2839 1224 2864 me
1254 2831 1439 2880 oportet.
1502 2825 1689 2880 Propter
1720 2839 1798 2865 nos
