1905 3254
381 277 466 317 482
1006 293 1113 323 SEss.
1138 294 1213 324 vn.

382 395 508 436 modo
546 395 735 437 studeat.
798 397 963 438 Aiebat
995 398 1268 453 majestatem
1298 397 1420 438 suam
1453 397 1592 438 literis
1633 397 1689 438 ad
1726 397 1834 437 S¹¹¹¹¹¹¹²

381 466 437 507 D.
462 467 521 509 N.
544 467 653 508 hanc
675 469 858 509 Patrum
881 469 1197 510 cunctationem
1222 469 1328 509 mire
1358 468 1598 516 damnasse,
1622 469 1749 524 eique
1770 483 1834 509 re-

379 540 611 581 sarciendae
645 541 690 582 id
722 542 889 582 consilii
920 542 1213 597 proposuisse,
1236 548 1288 583 ut
1319 541 1451 582 simul
1493 541 1698 582 Tridenti
1739 556 1833 582 con-

379 612 648 668 grediantur,
672 621 804 670 atque
841 615 884 655 in
914 630 1004 656 rem
1040 622 1299 671 praesentem
1325 615 1524 655 veniant:
1556 615 1615 663 id,
1638 614 1674 654 si
1706 615 1833 655 Sanc-

378 686 496 727 titati
529 701 618 727 suae
658 687 887 743 placuerit,
930 703 1029 729 eum
1073 703 1249 744 quoque
1291 689 1621 744 quamprimum
1655 687 1725 728 hic
1761 687 1833 728 ad-

377 759 603 809 futurum;
646 759 721 801 sed
753 766 797 801 et
833 760 972 801 literis
1006 773 1060 801 ex
1096 761 1299 801 omnibus
1332 760 1421 801 fere
1464 760 1704 801 Provinciis
1748 758 1834 800 huc

375 832 558 886 prolatis
572 833 913 888 significabatur,
928 848 1099 874 omnem
1111 833 1275 889 Synodi
1292 834 1641 889 expectationem
1655 848 1834 889 prorsus

374 903 618 952 concidisse,
641 911 877 960 postquam
909 904 1020 945 nihil
1054 920 1140 946 non
1172 905 1355 961 plenum
1388 906 1748 953 contentionibus,
1771 906 1832 946 in-

373 977 713 1033 dignationibus,
736 985 868 1033 atque
905 978 1290 1033 prorogationibus
1319 978 1419 1019 hinc
1453 977 1647 1034 quotidie
1676 977 1731 1019 ad
1759 993 1832 1019 eos

370 1049 664 1091 deferebatur.

427 1121 597 1162 Verum
627 1136 725 1162 cum
758 1121 908 1162 eodem
941 1128 1136 1177 tempore
1166 1122 1415 1178 Episcopus
1447 1122 1743 1164 Viterbiensis
1775 1137 1830 1163 ex

369 1194 496 1235 Urbe
518 1209 719 1234 reversus
740 1209 958 1235 summum
983 1195 1052 1235 Smi
1080 1194 1138 1235 D.
1167 1195 1226 1235 N.
1249 1195 1501 1251 degeneres¹
1526 1210 1666 1236 mores
1687 1210 1828 1236 emen-

370 1267 515 1315 dandi,
548 1267 884 1322 neglectamque
916 1267 1193 1322 disciplinam
1228 1267 1474 1316 revocandi,
1515 1267 1712 1308 studium
1754 1283 1826 1309 ex-

366 1339 594 1393 posuisset,
619 1338 739 1394 quod
771 1337 955 1379 Patrum
978 1338 1079 1379 fidei
1101 1353 1148 1379 ac
1170 1339 1372 1395 religioni
1394 1338 1677 1379 statuendum
1700 1339 1828 1380 relin-

367 1410 544 1466 quebat,
567 1410 621 1451 de
652 1410 887 1466 postulatis
922 1410 1053 1450 etiam
1088 1410 1318 1451 Gallorum
1352 1411 1497 1450 omnia
1530 1417 1624 1451 tum
1657 1410 1712 1450 ad
1742 1411 1826 1451 Le-

367 1489 572 1538 gatorum
605 1489 699 1523 tum
730 1482 784 1523 ad
816 1484 1000 1523 Patrum
1028 1483 1258 1523 arbitrium
1280 1483 1522 1538 rejecissct3
1554 1481 1711 1522 idcirco
1741 1482 1826 1522 Le-

363 1554 457 1608 gati
488 1555 760 1610 ingeminant
798 1554 1072 1602 industriam,
1110 1555 1390 1594 corroborant
1431 1568 1507 1608 spe
1548 1553 1824 1608 patientiam,

362 1641 624 1681 omnemque
663 1626 858 1682 lapidem
891 1626 1092 1674 volvunt,
1130 1633 1180 1667 ut
1211 1626 1396 1682 dignum
1436 1625 1601 1680 aliquid
1636 1640 1685 1665 eo
1728 1641 1823 1667 con-

362 1713 481 1738 sessu
502 1698 679 1738 tandem
701 1704 829 1738 excat
846 1714 856 1746 3
890 1712 987 1738 cum
1009 1697 1316 1754 Lotharingio,
1333 1697 1388 1738 ad
1409 1712 1540 1752 quem
1564 1698 1658 1738 Smus
1679 1697 1738 1740 D.
1761 1699 1820 1740 N.

359 1770 693 1811 humanissimas
709 1769 830 1810 dedit
846 1770 995 1810 literas
1011 1769 1194 1810 officiose
1213 1769 1266 1810 de
1287 1769 1518 1810 Gallorum
1536 1770 1823 1825 petitionibus

360 1851 513 1900 agunt,
531 1850 663 1899 atque
686 1858 740 1884 ex
761 1843 849 1883 illis
870 1842 977 1898 quid
997 1842 1196 1897 proponi,
1216 1842 1325 1897 quid
1347 1842 1495 1897 recipi,
1516 1842 1624 1897 quid
1645 1843 1819 1892 mutari,

359 1916 467 1972 quid
487 1916 736 1957 recusarive
758 1915 907 1970 possit,
931 1929 985 1954 ex
1008 1914 1139 1954 variis
1161 1914 1204 1953 in
1226 1928 1299 1954 eas
1329 1914 1682 1955 annotationibus
1703 1914 1818 1969 peri-

358 1996 501 2030 torum
538 1989 710 2043 aliquot
746 1987 922 2028 consilio
959 1987 1210 2041 compositis
1240 1986 1510 2029 familiariter
1541 1988 1815 2035 consultant3

356 2062 552 2117 dumque
587 2068 761 2117 postero
795 2059 864 2100 die
901 2060 1056 2100 Patres
1089 2073 1237 2099 omnes
1271 2059 1314 2099 in
1351 2059 1619 2114 colloquium
1661 2075 1813 2101 vocare

355 2139 566 2181 statuunt,
609 2132 861 2172 Cardinalis
895 2130 1166 2186 Seripandus
1203 2130 1356 2172 eadem
1390 2138 1514 2172 nocte
1557 2132 1816 2187 gravissimo

354 2206 505 2247 morbo
529 2205 776 2259 corripitur,
801 2204 971 2258 anginae
993 2202 1226 2258 impotenti
1259 2203 1384 2243 febre
1406 2202 1587 2258 adjecta.
1647 2204 1761 2244 Erat
1780 2204 1817 2244 is

353 2277 444 2318 dies
466 2278 492 2317 9
517 2276 683 2323 Martii,
703 2290 790 2330 quo
811 2274 944 2315 simul
966 2274 1121 2314 certior
1143 2275 1327 2314 nuntius
1345 2274 1506 2314 allatus
1528 2281 1593 2315 est
1614 2274 1668 2316 de
1690 2275 1814 2316 obitu

351 2351 490 2391 Ducis
525 2349 725 2390 Ghisiani
760 2347 907 2388 fratris
946 2345 1194 2387 Cardinalis
1226 2346 1531 2403 Lotharingfi,
1578 2362 1677 2388 nam
1716 2363 1813 2389 cum

350 2437 525 2478 sparsus
555 2422 624 2462 hic
656 2435 804 2462 rumor
826 2420 961 2460 falsus
983 2418 1246 2465 crederetur,
1269 2433 1384 2458 nunc
1406 2419 1519 2459 veris
1541 2419 1708 2459 nuntiis
1728 2418 1813 2459 fuit

350 2495 640 2540 confirmatus,
683 2493 997 2546 dicebaturque
1038 2491 1074 2531 is
1110 2506 1135 2531 a
1169 2491 1342 2545 privato
1381 2490 1521 2531 milite
1556 2505 1610 2531 ex
1651 2490 1810 2546 viginti

348 2573 516 2621 septem
549 2565 786 2621 conjuratis
817 2564 862 2604 in
896 2563 1083 2619 gratiam
1112 2562 1365 2603 Ammiralii
1400 2577 1519 2603 aeneo
1551 2563 1687 2618 sclopi
1719 2563 1810 2618 glo-

347 2639 452 2679 bulo
487 2638 621 2678 fuisse
652 2637 956 2691 interemptus,
992 2634 1203 2675 suadente
1239 2633 1284 2673 id
1318 2635 1542 2689 praecipue
1579 2633 1809 2674 Theodoro

348 2711 467 2751 Beza
489 2710 809 2756 Haeresiareha,
833 2709 912 2763 qui
936 2707 1167 2762 complices
1188 2705 1269 2747 hac
1285 2707 1451 2748 ratione
1474 2707 1695 2748 coelestem
1718 2706 1807 2761 glo-

935 2794 943 2812 1
971 2794 1134 2833 Dignares,
1151 2794 1223 2830 MS.
