1905 3254
383 295 460 335 146
1019 309 1127 340 sess.
1155 310 1196 340 v,

379 421 475 473 ejus
496 416 745 471 Principem
770 415 1025 471 justissimis
1052 415 1106 456 dc
1129 416 1282 464 causis,
1305 415 1556 471 debereque
1580 415 1706 457 Sermo
1725 415 1841 458 Duci

379 507 427 532 ac
449 490 589 546 Reipae
611 489 795 531 Venetae
818 488 1063 530 concedere.
1127 488 1213 530 His
1231 490 1430 530 Bararus
1462 490 1703 546 subjunxit,
1726 505 1777 531 ea
1797 505 1840 531 se

380 579 572 620 negare3
618 562 773 604 deinde
814 563 1053 604 orationem
1096 578 1220 604 suam
1262 578 1440 604 exorsus
1476 570 1555 611 est,
1590 578 1638 604 ac
1672 562 1842 618 reliqua

381 645 535 694 postea
566 652 666 693 quae
700 637 807 678 alias
840 636 884 677 in
919 637 1155 678 Oratorum
1184 636 1430 692 receptione
1461 636 1589 678 solita
1610 635 1840 677 retulimus

383 709 435 751 de
457 725 577 751 more
598 717 702 751 sunt
723 710 966 750 subsecuta.

715 846 1005 892 Mandatum
1497 844 1579 891 fol.

721 925 905 972 Oratio.
1503 926 1583 973 fol.

720 1007 994 1071 Responsio.
1506 1007 1583 1054 fol.

1898 1078 1902 1097 Ι

721 1090 1018 1137 Protestatio.
1505 1090 1582 1137 fol.
1898 1109 1901 1144 ς

445 1188 564 1228 Hinc
596 1187 814 1244 Theologi
848 1190 1036 1230 minores
1068 1188 1122 1229 de
1156 1189 1352 1245 quinque
1386 1188 1579 1230 articulis
1615 1189 1846 1244 propositis
1897 1187 1901 1211 ²

387 1261 599 1302 disserere
621 1268 721 1302 sunt
743 1262 900 1304 exorsi.
962 1262 1137 1302 Primus
1158 1261 1396 1310 Salmeron,
1420 1276 1535 1302 unus
1562 1276 1616 1302 ex
1647 1262 1847 1303 societate

1896 1213 1900 1242 1

1895 1268 1899 1326 l

387 1335 675 1383 Jesuitarum,
710 1335 938 1391 religione,
970 1335 1255 1390 doctrinaque
1288 1335 1486 1391 insignis,
1517 1351 1542 1376 a
1571 1335 1847 1377 Sanctissimo
1894 1334 1898 1396 ᾖ

386 1410 443 1451 D.
469 1410 631 1450 Nostro
662 1409 747 1450 huc
776 1410 958 1459 missus3
993 1416 1093 1465 post
1125 1425 1226 1450 eum
1263 1410 1337 1450 alii
1360 1409 1581 1465 Theologi
1602 1409 1848 1460 Pontificii;
1892 1409 1897 1470 j

388 1483 488 1525 inde
505 1483 698 1525 Caesarei
713 1484 956 1540 Regiique3
979 1490 1022 1525 et
1039 1483 1226 1524 subinde
1243 1483 1416 1539 reliqui,
1431 1484 1543 1524 inter
1562 1499 1670 1540 quos
1684 1500 1771 1525 non
1787 1485 1848 1526 ita
1891 1482 1895 1544 ξ

389 1566 533 1600 certus
564 1559 694 1610 ordo;
726 1559 907 1599 fuerunt
929 1573 1075 1599 omnes
1095 1573 1275 1598 numero
1297 1558 1386 1598 fere
1410 1556 1478 1606 70,
1501 1572 1686 1612 quorum
1717 1558 1847 1599 multi
1890 1549 1894 1629 ξ

1890 1673 1892 1690 Ι

389 1632 595 1687 praeclara
616 1632 791 1673 virtutis
812 1631 1065 1687 ingeniique
1088 1631 1157 1671 sui
1179 1630 1440 1672 documenta
1460 1630 1705 1672 ediderunt.

724 1772 933 1819 Nomina
958 1771 1330 1834 Theologorum.
1444 1772 1523 1819 fol.

448 1881 513 1922 Hi
535 1896 699 1930 omnes,
722 1897 820 1922 cum
841 1880 1013 1922 dicendi
1035 1881 1164 1921 finem
1193 1888 1293 1937 post
1322 1881 1483 1922 multos
1514 1881 1606 1922 djes
1636 1882 1845 1932 fecissent,
1885 1899 1889 1936 g

389 1954 618 1995 inventum
641 1961 719 2003 est,
744 1954 935 2009 exceptis
961 1953 1150 1994 secundo
1173 1961 1216 1995 et
1238 1955 1368 1995 tertio
1391 1955 1584 2004 articulo,
1606 1955 1650 1996 in
1671 1956 1846 2012 reliquis
1884 1958 1887 1998 ἶ

391 2042 463 2069 eos
494 2027 619 2068 facile
653 2028 912 2068 convenisse.
977 2027 1259 2083 Quapropter
1290 2028 1397 2077 haec,
1431 2028 1474 2069 in
1506 2029 1669 2084 quibus
1702 2044 1846 2071 eorum
1881 2054 1885 2094 ³³

391 2101 535 2142 fuerat
563 2116 734 2142 concors
764 2099 994 2148 sententia,
1026 2100 1236 2142 mandant
1268 2102 1407 2159 legati
1438 2102 1481 2143 in
1516 2101 1716 2144 Canones
1743 2119 1845 2159 qua·
1880 2108 1905 2152 π’.

392 2248 598 2289 Patribus
620 2246 932 2289 examinandos
955 2246 1104 2288 edunt.
1168 2250 1281 2290 Sunt
1302 2256 1452 2291 autem
1472 2249 1533 2292 hi.
1878 2243 1882 2295 ξ

450 2322 497 2362 Si
524 2322 622 2377 quis
650 2320 822 2368 dixerit,
856 2335 910 2361 ex
942 2319 1029 2361 Dei
1058 2328 1280 2377 praecepto
1312 2323 1369 2364 ad
1399 2323 1583 2364 salutem
1614 2322 1848 2365 necessario
1876 2318 1905 2384 ᾗ]

391 2410 539 2436 omnes
570 2401 615 2435 et
647 2393 843 2449 singulos
867 2392 1035 2434 Christi
1063 2393 1214 2435 fideles
1247 2402 1483 2453 utramque
1515 2397 1704 2452 speciem
1729 2398 1848 2438 Sanc·
1874 2395 1905 2452 ξπ

389 2468 566 2510 tissimae
578 2466 870 2508 Eucharistiae
890 2467 1159 2509 Sacramenti
1175 2470 1395 2525 suscipere
1412 2469 1587 2520 debere,
1605 2470 1848 2512 Anathema
1872 2453 1877 2523 ,l
1893 2472 1905 2507 ἢ

391 2183 494 2218 tuor
524 2175 680 2231 redigi,
714 2175 878 2230 quibus
910 2179 1002 2214 tota
1034 2173 1126 2215 haec
1159 2176 1343 2216 materia
1378 2176 1648 2227 continetur3
1691 2191 1846 2233 eosque

391 2542 457 2583 sit.
1871 2540 1876 2584 ξ

452 2616 499 2656 Si
519 2616 617 2671 quis
637 2614 809 2663 dixerit,
834 2615 1037 2656 Sanctam
1060 2616 1303 2658 Ecclesiam
1336 2618 1608 2660 Catholicam
1642 2631 1845 2676 peccasse,
1869 2631 1874 2678 g

393 2691 464 2732 vel
497 2705 584 2732 non
623 2691 799 2746 optimis
840 2691 1086 2732 rationibus
1126 2692 1361 2733 adductam
1401 2693 1550 2741 fuisse,
1594 2699 1644 2734 ut
1684 2679 1873 2740 Laicos,{

393 2771 529 2820 atque
560 2764 692 2806 etiam
726 2779 810 2805 non
844 2765 1115 2806 celebrantes
1151 2766 1409 2814 sacerdotes,
1443 2767 1526 2808 sub
1559 2782 1648 2808 una
1681 2749 1872 2828 tantum?

395 2838 539 2892 specie
561 2839 908 2887 communicaret,
932 2838 1184 2881 Anathema
1206 2840 1273 2881 sit.
