1905 3254
691 280 802 311 5Ε55.
832 281 902 312 vn.
1445 275 1531 316 399

69 385 210 421 torum
232 381 476 432 eonsilium,
510 385 682 441 copiosa
712 387 768 428 ab
790 388 1008 431 Auditore
1030 396 1221 434 actorum
1246 395 1441 436 omnium
1461 396 1524 437 in-

69 453 301 493 structione
342 456 536 511 accepta,
574 456 808 513 diligenter
840 460 1014 502 referat.
1078 462 1192 504 Cum
1214 479 1264 505 eo
1287 472 1522 522 antequam

67 522 319 574 discederet,
336 526 653 584 Lotharingius
671 530 929 573 vehemente
951 534 1081 589 regit,
1104 542 1155 576 ut
1176 550 1395 578 summum
1410 539 1522 580 Pon-

67 597 223 639 tificem
256 600 387 649 omni,
426 602 462 642 si
495 617 627 658 quam
666 603 877 645 adversus
910 605 1058 647 Gallos
1100 610 1395 658 contraxisset,
1432 626 1527 652 sus-

66 670 234 724 picione
255 672 428 721 liberet,
451 690 546 715 cum
567 690 612 716 se
635 682 678 716 et
700 692 772 718 eos
793 692 940 719 omnes
962 678 1017 719 ad
1038 679 1263 734 publicam
1286 683 1523 725 utilitatem

65 752 311 802 sanctaeque
336 748 459 790 Sedis
480 750 824 794 incolumitatem
854 753 960 794 adeo
988 769 1213 796 conversos
1236 772 1327 798 esse
1349 760 1526 814 profite-

66 824 208 868 antur,
230 826 281 861 ut
316 821 551 864 Sanctitati
579 839 683 873 suae,
716 840 763 865 ac
785 827 948 867 caeteris
969 828 1185 877 omnibus,
1220 830 1298 871 ubi
1320 846 1430 887 opus
1451 834 1521 881 sit,

32 912 36 916 -
64 896 271 933 testatum
293 893 423 949 plane
445 895 529 936 sint
550 896 757 948 relicturi,
790 899 898 940 nihil
922 900 978 941 ab
999 900 1051 941 iis
1072 902 1268 957 cogitari,
1301 905 1417 958 quod
1437 921 1521 947 non

62 964 146 1007 huc
163 981 264 1008 vere
280 970 509 1024 pertineat.
555 971 641 1012 Sed
658 978 702 1013 et
721 972 880 1014 Orator
901 973 1121 1015 Lansacus
1144 975 1323 1025 addidit,
1346 978 1453 1019 nihil
1476 995 1520 1021 se

64 1038 240 1093 quidem
282 1041 334 1082 de
375 1043 450 1098 pia
492 1044 746 1085 Sanctitatis
789 1061 876 1088 suae
916 1054 1061 1088 mente
1098 1047 1326 1100 dubitare;
1368 1058 1521 1107 optare

63 1116 219 1160 tamen,
242 1119 292 1154 ut
326 1129 351 1154 a
380 1116 618 1164 nonnullis,
654 1118 813 1172 quibus
840 1119 1023 1160 nimium
1054 1120 1161 1170 fidit,
1193 1124 1320 1177 pravi
1352 1125 1520 1180 ingenii

61 1184 177 1233 viris,
218 1192 261 1226 et
301 1188 377 1242 qui
413 1188 597 1243 privatis
641 1197 809 1231 tantum
852 1193 1083 1234 commodis
1124 1195 1313 1243 student,
1366 1207 1520 1241 caveat

61 1255 292 1312 diligenter
306 1275 317 1308 3
351 1261 489 1301 vereri
508 1261 635 1310 enim,
659 1277 713 1304 nc
734 1264 859 1304 malis
880 1264 1058 1306 istorum
1082 1267 1262 1315 artibus,
1286 1269 1519 1328 doloseque

61 1330 235 1370 consilio
266 1346 334 1372 res
364 1332 572 1375 Ecclesiae
594 1334 788 1377 deterius
815 1337 857 1377 in
884 1337 976 1379 dies
1005 1339 1185 1390 cedant;
1219 1350 1431 1397 oportere,
1469 1352 1519 1387 ut

63 1400 276 1444 Sanctitas
297 1419 375 1445 sua
396 1420 543 1447 secum
565 1415 731 1450 statuat
754 1410 925 1466 aliquid
945 1413 1116 1453 omnino
1146 1412 1212 1454 his
1245 1417 1519 1472 temporibus

60 1472 114 1514 de
149 1479 251 1530 jure
285 1491 363 1517 suo
395 1479 704 1522 remittendum
739 1497 845 1530 0550,
877 1490 925 1524 ut
954 1484 1124 1539 reliqua
1156 1491 1288 1527 sarta¹
1314 1495 1517 1545 tectaque

59 1548 345 1600 retineantur,
379 1551 574 1607 alioquin
619 1560 662 1594 et
704 1555 792 1595 suis
832 1562 876 1596 et
913 1556 1074 1597 Galliae
1107 1559 1238 1600 rebus
1272 1561 1384 1602 male
1419 1578 1516 1604 con-

59 1620 223 1661 sultum
256 1621 320 1661 iri.
384 1622 470 1664 His
511 1625 658 1666 verbis
691 1627 879 1668 voluisse
921 1643 1021 1669 cum
1064 1631 1192 1672 tacite
1237 1632 1515 1676 Cardinalcm

61 1695 114 1736 Sti
137 1695 279 1738 Clem.
302 1697 546 1753 significare
568 1700 731 1742 dictum
756 1702 850 1747 fuit,
875 1718 1004 1758 quem
1027 1703 1105 1744 hoc
1128 1706 1307 1754 nomine,
1331 1715 1375 1749 et
1394 1709 1517 1750 Galli

61 1774 105 1808 et
120 1767 310 1823 Hispani
332 1778 582 1825 suspectum
606 1774 794 1814 maxime
816 1773 1053 1823 habebant,
1078 1776 1196 1830 quod
1217 1778 1306 1818 suis
1327 1779 1369 1820 in
1392 1780 1514 1822 Urbe

61 1840 335 1882 suasionibus
358 1843 584 1898 pristinam
608 1845 841 1900 impediret
863 1846 1072 1887 Ecclesiae
1100 1847 1372 1904 disciplinam
1394 1868 1515 1894 revo-

60 1912 158 1953 cari.
221 1913 336 1955 Cum
370 1921 517 1957 tamen
558 1916 757 1958 ferebant
797 1918 885 1965 alii,
920 1918 998 1959 hoc
1035 1918 1243 1961 adversus
1281 1937 1325 1963 se
1366 1923 1514 1966 odium

59 1986 274 2033 conflasse,
317 1988 435 2044 quod
471 2004 641 2030 omnem
682 1991 726 2031 in
757 1991 880 2032 Urbe
923 1991 1046 2033 daret
1086 2008 1278 2048 operam,
1315 2011 1369 2037 ne
1406 1999 1515 2053 quid

61 2054 116 2097 de
158 2058 338 2113 antiqua
386 2060 509 2102 Sedis
551 2062 818 2117 Apostolicae
855 2064 899 2103 in
951 2078 1020 2104 res
1073 2064 1392 2108 Ecclesiastieas
1439 2084 1512 2110 au-

60 2128 267 2172 thoritate
318 2147 366 2173 ac
416 2133 621 2176 libertate
661 2136 908 2177 recentibus
955 2136 1277 2193 Episcoporum
1332 2140 1517 2184 decretis
1560 2195 1563 2200 Ι

58 2201 371 2246 detraheretur.

117 2276 294 2318 Interea
324 2278 368 2319 N
376 2280 402 2318 .²
423 2278 793 2337 Archiepiscopus
826 2282 1111 2324 Taurinensis
1136 2299 1220 2325 non
1251 2286 1391 2327 multo
1414 2295 1514 2331 ante

60 2346 322 2390 Tridentum
344 2351 563 2406 profectus
583 2354 627 2394 in
650 2355 811 2395 coelum
836 2356 1148 2412 commigravit.

117 2421 212 2462 Sub
232 2421 347 2463 idem
371 2430 557 2480 tempus,
577 2441 673 2467 cum
687 2427 865 2482 publica
882 2430 1142 2485 supplicatio
1158 2432 1351 2473 omnium
1368 2433 1514 2492 Lega-

58 2497 199 2534 torum
221 2501 266 2534 et
287 2494 574 2537 Praelatorum
609 2512 633 2538 a
656 2497 910 2540 Cathedrali
943 2501 1123 2541 ecclesia
1153 2501 1207 2542 ad
1238 2503 1385 2544 sedem
1406 2505 1515 2548 Divi

59 2563 177 2606 Petri
205 2565 259 2607 ad
286 2566 455 2608 felicem
487 2583 630 2610 rerum
655 2570 815 2612 Galliae
843 2587 1084 2614 successum
1113 2573 1439 2630 impetrandum
1462 2594 1514 2621 eo

59 2635 129 2679 die
148 2637 300 2681 habita
320 2647 447 2689 esset,
469 2642 547 2697 qui
570 2643 611 2683 in
633 2642 836 2686 honorem
860 2653 1108 2687 sanctorum
1132 2647 1443 2699 Innocentium,
1468 2661 1512 2694 et

58 2706 117 2749 D.
136 2709 358 2760 Simeonis,
392 2714 518 2769 cujus
540 2730 697 2772 corpus
731 2717 775 2757 in
807 2717 955 2758 eadem
989 2718 1184 2760 Ecclesia
1214 2720 1359 2762 Sancti
1393 2724 1514 2766 Petri

98 2802 109 2821 ¹
135 2800 171 2830 In
187 2799 238 2831 the
256 2801 329 2832 MS.
344 2807 461 2833 sancta.
665 2804 679 2821 ¹
703 2805 788 2842 This,
805 2805 832 2835 if
844 2810 947 2837 meant
963 2806 1008 2837 for
1023 2806 1073 2837 the
1091 2806 1170 2843 title,
1184 2807 1296 2839 should
1314 2809 1350 2839 be
1370 2811 1410 2841 R.
1428 2812 1466 2843 D.
