1905 3254
667 294 778 323 SEss.
805 294 848 322 11.
1458 274 1512 313 49

57 405 521 461 Hierosolymitanum,
547 401 938 457 Archiepiscopum
973 399 1300 446 Rossanensem,
1333 398 1513 452 Episco-

56 493 163 535 pum
187 477 467 525 Ilerdensem,
491 475 747 521 Vestalium,
777 482 820 515 et
855 474 982 514 Rotae
1006 473 1282 514 Auditorem.
1345 471 1414 511 Ab
1447 469 1515 510 his

56 552 199 606 primo
227 557 441 606 quaerunt,
476 564 527 590 an
563 549 814 604 Episcopus
836 546 1313 601 Quinqueecelesiensis
1337 546 1438 600 jure
1471 558 1515 584 se

52 620 288 664 ‘Oratorem
322 622 574 678 Hungariae
610 620 747 676 Regis
782 620 921 669 dieat3
955 620 981 659 2
1012 618 1096 666 do„
1129 634 1183 659 an
1216 618 1337 673 prius
1366 617 1434 656 hie
1471 616 1515 656 in

57 696 239 737 Patrum
262 703 517 736 conventum
541 709 673 750 quam
690 694 933 734 Lusitanus
954 693 1010 733 sit
1029 691 1350 739 admittendus;
1384 691 1410 729 3
1425 691 1515 733 tio..

59 776 206 810 utrum
241 768 589 809 honorificentior
620 768 739 808 locus
770 767 883 807 inter
919 767 1071 807 Patres
1093 766 1148 805 sit
1170 762 1515 805 constituendus.

59 841 427 889 Resonsiderata,
458 841 671 896 postridie
700 841 730 881 J
737 839 1070 895 urisprudentes
1091 836 1381 892 respondent:
1413 835 1519 874 satis

59 922 265 963 constare,
295 915 802 970 Quinqueecelesiensem
834 913 1084 968 legitimum
1119 927 1209 952 esse
1231 911 1368 966 Regis
1391 909 1518 949 Hun-

61 989 195 1045 garioe
231 988 483 1038 Oratorem3
528 988 628 1028 licet
669 988 783 1028 enim
827 986 1083 1026 mandatum
1120 1000 1312 1026 seorsum
1346 984 1517 1023 nullum

60 1062 254 1118 proferat
289 1061 539 1102 tabellionis
574 1059 841 1101 authoritate
874 1059 1053 1115 publiea
1089 1058 1325 1104 munitum,
1359 1056 1521 1097 habere

60 1150 161 1176 eum
184 1142 330 1175 tamen
364 1134 514 1175 literas
545 1133 733 1173 Czrsaris
763 1133 911 1188 ipsius,
940 1132 981 1171 in
1009 1146 1197 1186 quarum
1228 1130 1520 1184 inscriptione,

60 1222 143 1248 non
179 1213 350 1248 tantum
394 1222 494 1247 eum
529 1207 728 1262 legatum
766 1221 893 1246 suum
932 1204 987 1245 ad
1025 1203 1268 1244 Concilium
1307 1202 1520 1257 appellat,

14 1333 18 1335 Β
62 1295 214 1320 verum
251 1281 384 1320 etiam
415 1281 457 1320 in
491 1280 685 1335 ipsarum
710 1285 915 1319 contextu
953 1293 1052 1318 eum
1078 1277 1329 1317 nominatim
1358 1274 1525 1330 delegit

65 1353 119 1394 ad
152 1353 197 1393 id
231 1368 393 1393 munus
428 1353 598 1393 nornine
631 1351 770 1407 Regis
803 1351 1065 1406 Hungariae,
1098 1350 1318 1406 jubetque
1355 1348 1434 1392 illi,
1473 1355 1522 1387 ut

63 1427 388 1482 quamprimum
407 1425 481 1466 det
498 1441 542 1466 se
563 1425 717 1472 itineri,
738 1440 785 1465 ae
807 1425 859 1465 de
881 1439 1013 1465 eausa
1035 1424 1182 1464 literas
1198 1424 1314 1478 ipsas
1338 1422 1525 1462 Caesaris

63 1514 194 1541 manu
217 1500 486 1555 subscriptas
508 1513 600 1539 esse
623 1497 815 1555 ejusdem
838 1497 982 1554 sigillo
1003 1497 1270 1553 obsignatas
1307 1495 1525 1537 Accedere

66 1579 110 1614 et
132 1573 367 1629 Pragensis
390 1572 736 1619 attestationem,
775 1572 850 1626 qui
887 1572 1016 1611 talem
1044 1586 1143 1611 eum
1169 1571 1224 1611 ab
1250 1570 1522 1625 Imperatore

66 1647 353 1687 constitutum
369 1646 502 1686 fuisse
518 1646 717 1689 affirmat,
731 1644 1077 1700 propediemque
1088 1643 1262 1698 plenius
1277 1643 1395 1682 aliud
1405 1656 1523 1682 man-

66 1718 218 1760 datum
239 1718 509 1759 adfuturum.
557 1717 680 1757 Idem
697 1724 923 1772 praterea.
941 1723 985 1756 et
1003 1731 1055 1756 ex
1069 1715 1256 1770 privatis
1273 1728 1525 1754 monumen-

68 1793 137 1840 tis,
157 1792 319 1847 quibus
337 1791 486 1831 Caesar
501 1791 710 1831 Oratores
728 1806 827 1831 suos
850 1790 904 1830 ad
923 1788 1144 1844 Synodum
1163 1788 1301 1828 ituros
1321 1787 1525 1832 instituit,

67 1864 316 1921 significari,
331 1864 423 1911 ubi,
438 1871 483 1904 et
497 1864 550 1904 de
566 1862 1032 1918 Quinqueeeclesiensi,
1052 1868 1094 1901 et
1110 1860 1297 1916 negotiis
1313 1861 1368 1899 ab
1386 1875 1436 1899 eo
1454 1875 1527 1914 ge-

69 1937 212 1978 rendis
230 1937 380 1977 erebra
398 1938 446 1977 fit
467 1937 645 1984 mentio,
661 1943 710 1976 ut
725 1937 815 1991 jam
835 1950 888 1975 ex
904 1934 970 1974 his
983 1934 1186 1974 omnibus
1202 1932 1307 1972 nihil
1321 1932 1528 1973 dubitan-

70 2009 174 2051 dum
197 2010 267 2058 sit,
282 2010 386 2065 quin
402 2009 469 2050 hic
487 2025 662 2065 quoque
678 2016 726 2049 ut
743 2009 912 2063 Regius
947 2007 1108 2048 Orator
1122 2007 1177 2047 sit
1195 2005 1510 2061 agnoscendus.

130 2083 279 2131 Porro,
318 2082 435 2138 quod
469 2082 626 2122 deinde
665 2081 920 2137 petebatur,
957 2095 1011 2120 an
1046 2079 1127 2127 hic,
1168 2079 1236 2119 vel
1274 2079 1529 2124 Lusitanus,

74 2155 196 2211 prius
238 2156 294 2196 sit
338 2171 363 2196 a
405 2155 576 2211 Synodo
614 2153 913 2210 excipienduS‚
953 2153 1091 2194 videri
1132 2152 1344 2193 Romana:
1385 2152 1532 2192 Curiae

75 2243 237 2269 morem
279 2228 570 2273 retinendum,
621 2242 719 2282 quae
769 2227 1007 2267 anteriores
1051 2225 1247 2266 adventu
1290 2226 1332 2265 in
1375 2226 1528 2265 urbem

76 2300 239 2356 priores
273 2301 327 2342 ad
361 2301 562 2357 publicos
599 2308 722 2341 aetus
759 2299 969 2345 admittit,
995 2314 1085 2353 qua
1116 2299 1284 2339 ratione
1309 2300 1532 2354 Quinque-

78 2374 388 2422 ecclesiensem,
413 2374 488 2429 qui
518 2373 685 2429 pridem
719 2373 803 2413 huc
830 2388 874 2412 se
903 2371 1099 2418 contulit,
1123 2386 1215 2411 esse
1235 2378 1336 2412 ante
1360 2372 1534 2412 Lusita-

78 2458 181 2484 num
205 2460 229 2485 a
247 2445 454 2486 Patribus
471 2445 783 2501 recipiendum.

137 2517 264 2568 Quod
286 2533 388 2558 vero
422 2524 642 2573 postremo
677 2517 731 2558 ad
768 2517 906 2558 locum
944 2523 1144 2571 spectat3
1178 2530 1274 2556 cum
1300 2517 1436 2571 major
1468 2516 1535 2556 hic

81 2590 180 2630 oriri
203 2592 338 2646 possit
357 2591 577 2632 dubitatio
606 2605 690 2630 non
714 2590 921 2646 expedire
947 2589 1119 2645 Synodo
1142 2588 1222 2629 hac
1250 2588 1302 2629 de
1324 2604 1367 2629 re
1393 2589 1535 2644 inpre-

83 2663 319 2704 sentiarum
343 2664 457 2704 inter
480 2671 571 2704 tam
594 2678 776 2719 magnos
798 2679 925 2719 reges
943 2662 1155 2718 judicium
1182 2661 1306 2701 ferre.
1369 2661 1536 2701 Jueun-

84 2734 182 2776 dam
200 2738 348 2792 potius
363 2752 454 2777 esse
467 2737 679 2777 rationem
700 2736 905 2791 aliquam,
922 2751 1035 2790 quae,
1055 2750 1137 2775 non
1154 2734 1255 2774 huic.
1274 2741 1445 2774 tantum
1464 2735 1540 2775 sed

87 2814 130 2848 et
146 2810 325 2857 caeteris,
341 2824 438 2865 quae
454 2809 631 2865 posthac
655 2809 834 2849 excitari
856 2815 1032 2863 possent
1050 2808 1163 2847 inter
1181 2807 1319 2846 varios
1337 2807 1542 2848 Oratores

1289 2894 1311 2920 E
