1905 3254
689 268 802 298 sess.
829 268 905 299 vn.
1435 255 1520 296 447

126 374 556 430 Vicus¹——quantum
579 376 668 425 scit,
691 391 774 417 non
797 383 863 417 est
884 376 913 418 J
919 377 1009 418 uris
1031 376 1180 418 divini.

125 446 671 501 Aquensis—Declaretur
701 449 939 490 residentia
970 466 1061 491 esse
1092 450 1216 491 Juris
1239 449 1391 498 divini,
1414 464 1518 504 quo-

69 520 186 561 niam
206 519 304 560 hinc
327 520 460 561 Sedes
482 521 644 576 Aplica
663 522 765 562 laedi
787 537 871 563 non
895 530 1054 578 potest,
1088 538 1186 578 quae
1220 524 1309 563 suis
1331 523 1434 564 satis
1455 528 1520 563 est

70 594 237 635 munita
258 594 482 650 praesidiis.
546 595 593 635 Si
609 602 756 636 tamen
778 596 874 637 aliis
897 596 1117 637 diversum
1142 596 1299 652 placet,
1329 611 1411 653 ego
1433 596 1519 636 illis

70 667 267 708 assentiri
287 683 383 708 sum
406 674 597 723 paratus.

128 740 564 781 ostunensis—Cum
586 741 805 782 hominem
828 741 962 782 verba
984 741 1122 782 facere
1146 742 1326 797 putetis,
1355 743 1432 797 qui
1453 743 1520 783 sui

72 814 270 855 Instituti
302 814 491 855 retinens
524 821 602 861 est,
637 822 682 856 et
715 829 740 854 a
775 814 886 855 Jure
920 813 1066 855 divino
1099 814 1319 856 discedere
1359 822 1518 870 potest,

69 894 301 944 postquam
324 903 406 945 ego
430 888 622 929 Pastoris
643 903 802 928 munus
824 888 1011 943 suscepi,
1035 895 1079 929 et
1105 888 1341 944 diligenter
1362 905 1522 930 munus

68 960 147 1002 hoc
166 968 306 1003 totum
329 962 590 1018 cogitatione
612 962 864 1017 complexus
885 977 996 1010 sum,
1020 962 1082 1002 ita
1102 976 1274 1017 semper
1295 962 1401 1002 mihi
1423 978 1519 1018 per-

69 1034 199 1082 suasi,
231 1049 316 1074 non
350 1049 477 1090 posse
510 1049 578 1074 me
614 1034 782 1090 absque
815 1034 972 1075 mentis
1008 1049 1114 1075 meze
1146 1034 1322 1089 piaculo
1355 1035 1409 1075 ab
1441 1034 1519 1075 hac

67 1108 280 1149 sententia
300 1107 533 1149 discedere.
595 1108 751 1149 Dicam
774 1109 912 1165 igitur
934 1115 1104 1149 tantum
1126 1123 1296 1149 summa
1317 1108 1520 1164 quaedam

69 1181 227 1236 capita,
252 1187 315 1229 ut,
338 1181 414 1235 qui
439 1180 751 1222 authoritatem
775 1181 977 1236 Aplicam
1000 1188 1232 1237 tantopere
1250 1186 1436 1237 jactant,
1460 1183 1520 1222 in-

68 1255 288 1311 telligant,
319 1254 427 1295 nihil
457 1255 582 1295 nobis
611 1255 837 1310 antiquius
859 1270 965 1302 esse,
990 1270 1121 1310 quam
1146 1263 1195 1296 ut
1216 1259 1311 1311 ejus
1333 1255 1521 1311 dignita-

69 1334 156 1368 tem
179 1342 226 1367 ac
246 1331 527 1382 majestatem
550 1334 777 1375 tueamur,
811 1342 1028 1383 speroque
1050 1327 1285 1382 aliquando
1308 1328 1521 1376 futurum,

71 1407 119 1442 ut
150 1401 226 1456 qui
256 1400 423 1440 nullum
457 1400 777 1456 cupiditatibus
809 1401 898 1440 suis
929 1400 1129 1456 tegendis
1160 1401 1299 1441 locum
1322 1401 1522 1442 relictum

72 1472 232 1522 vident,
255 1473 336 1513 nisi
358 1473 440 1513 sub
472 1472 550 1513 hoc
575 1474 741 1513 Sancta:
765 1472 889 1514 Sedis
924 1473 1095 1529 Aplicae
1117 1474 1288 1514 nomine
1311 1489 1355 1514 se
1377 1481 1521 1529 prote-

70 1554 188 1604 gant,
228 1547 481 1603 aliquandO,
518 1547 700 1603 expulsa
737 1563 887 1588 eorum
923 1547 1078 1588 fraude
1119 1555 1198 1588 aut
1233 1549 1521 1604 negligentia,

71 1619 164 1660 aliis
196 1619 373 1676 negotia
404 1634 489 1659 non
525 1618 774 1660 exhibeant.
836 1619 1075 1676 Indignum
1109 1636 1263 1661 verum
1300 1628 1410 1676 puto
1444 1621 1523 1662 hoc

70 1692 216 1734 ordine
236 1699 397 1740 nostro,
421 1700 471 1733 ut
493 1693 665 1733 consilia
686 1700 833 1734 nostra
848 1694 1015 1748 optima
1037 1700 1080 1734 et
1102 1694 1393 1735 saluberrima
1416 1701 1522 1735 tem-

71 1767 252 1822 poribus
273 1766 669 1815 accommodemus,
702 1782 779 1807 nec
811 1766 939 1808 video
971 1782 1057 1822 quo
1085 1774 1213 1823 pacto
1235 1768 1418 1808 debeam
1440 1783 1523 1824 ego

71 1841 340 1882 conscientiae
374 1856 481 1882 meae
523 1848 642 1881 recta
681 1841 871 1881 monenti
908 1842 1132 1895 refragari.
1194 1840 1264 1881 De
1306 1842 1523 1897 prooemio

71 1929 154 1955 non
175 1915 319 1970 placet
340 1914 472 1960 istud,
506 1914 711 1969 quoniam
745 1921 856 1955 tecte
878 1920 922 1954 et
944 1914 1135 1969 oblique,
1158 1929 1242 1954 non
1264 1914 1432 1970 detegit
1454 1930 1523 1955 ve-

71 1988 243 2029 ritatem
280 1988 403 2030 Juris
434 1988 585 2028 divini.
648 1987 775 2028 Unde
809 1987 956 2042 potius
983 1987 1216 2042 probarem
1244 1987 1359 2028 illud
1380 1987 1524 2028 Innoc.

73 2059 154 2102 VI.
177 2060 293 2116 quod
325 2061 415 2102 heri
447 2061 599 2101 retulit
622 2060 681 2101 D.
709 2059 953 2100 Ilerdensis.
1007 2059 1222 2114 Displicet
1245 2059 1362 2115 quod
1397 2060 1525 2101 multi

73 2134 323 2191 improbent
341 2134 408 2175 hic
431 2135 590 2191 apponi
612 2134 811 2190 praemia²
834 2140 877 2174 et
899 2147 1068 2189 poenas,
1083 2148 1179 2173 cum
1203 2134 1290 2173 imo
1314 2134 1524 2188 antiquis-

74 2209 207 2250 simus
229 2209 296 2250 hic
320 2224 425 2250 usus
447 2209 503 2250 sit
524 2209 691 2264 legum,
715 2215 765 2249 ut
787 2208 838 2248 iis
871 2207 1054 2248 vinculis
1085 2206 1283 2248 homines
1315 2208 1356 2247 in
1388 2208 1525 2249 officio

74 2282 333 2330 contineant,
369 2288 414 2322 et
447 2282 508 2322 ita
539 2282 582 2322 in
619 2281 798 2322 Canone
833 2281 1161 2337 Apostolorum,
1199 2286 1242 2321 et
1274 2280 1444 2336 ubique
1482 2281 1526 2322 in

76 2353 278 2396 Conciliis
298 2355 567 2396 observatur.
608 2354 720 2397 Duae
743 2355 856 2396 enim
881 2362 1055 2396 tantum
1079 2361 1179 2395 sunt
1201 2355 1387 2395 rationes
1409 2361 1525 2410 aptae

74 2427 249 2486 legibus
269 2429 549 2485 exequendis,
574 2436 651 2470 aut
675 2429 832 2470 amoris
852 2435 930 2469 aut
951 2429 1141 2469 timoris:
1174 2428 1313 2484 igitur
1335 2428 1526 2483 placeret

78 2508 310 2559 utramque
333 2502 403 2543 hic
434 2503 645 2558 exprimi:
684 2504 747 2543 P0.
771 2502 889 2557 quod
912 2502 966 2542 de
988 2503 1099 2543 Jure
1121 2501 1269 2542 divino
1292 2509 1523 2551 tenentum

79 2575 133 2616 2⁰.
163 2575 281 2632 quod
302 2576 565 2631 temporales
592 2591 749 2631 poenas
782 2582 858 2616 aut
882 2575 1064 2630 praemia
1084 2575 1295 2616 haberent
1325 2577 1418 2617 veri
1449 2582 1526 2617 aut

77 2647 268 2690 simulati
294 2649 506 2689 Pastores.
570 2648 640 2689 De
675 2654 851 2704 peccato
884 2648 1074 2696 mortali,
1097 2647 1285 2703 placent,
1318 2648 1525 2704 quoniam

203 2738 211 2757 ¹
239 2739 389 2770 Vicensis.
779 2738 791 2755 ²
815 2739 971 2769 Prnoemia
990 2739 1081 2776 MS,
1106 2738 1265 2778 evidently
1283 2749 1395 2777 wrong.
