1905 3254
668 284 776 314 sess.
802 285 879 315 vn.
1419 274 1502 313 543

46 395 337 446 expetentem,
388 396 432 430 et
466 390 694 445 pecuniam
734 390 789 430 ad
829 390 873 430 id
913 390 1088 431 abunde
1131 391 1498 447 suppeditantem.

49 464 132 506 Sed
153 464 207 505 si¹
241 462 355 504 idem
379 464 609 519 praeclaras
634 463 746 504 mdes
780 463 992 504 aedificare
1015 465 1324 520 concupiverit,
1347 480 1500 507 verum

47 545 191 579 tamen
211 535 394 592 lapides,
418 536 488 577 vel
509 536 669 592 optima
694 550 807 583 area,
831 535 902 575 vel
924 535 1073 590 aliqua
1086 536 1301 590 ejusmodi
1317 536 1502 577 facultas

47 610 86 651 ei
106 609 307 656 defuerit,
330 624 384 650 ex
404 609 456 649 iis
479 623 580 664 quae
614 613 853 663 suppetent
886 606 1063 647 domum
1097 614 1341 648 construere
1378 623 1501 649 cona-

46 683 177 724 bitur.
239 682 405 723 Verum
446 682 481 722 si
519 683 556 722 is
593 681 757 722 incidat
799 681 842 720 in
879 680 1055 721 domum
1089 681 1325 727 ruinosam,
1367 688 1500 736 atquc

46 756 160 798 omni
181 770 235 796 ex
256 761 382 811 parte
401 769 513 811 pene
544 754 794 809 collapsam,
826 752 936 794 nihil
968 759 1115 794 autem
1146 768 1199 793 ex
1235 755 1503 808 consumptis

45 829 126 870 illis
168 844 214 870 ac
253 829 511 870 nutantibus
563 828 793 868 structuris
845 827 1121 876 communiat,
1164 842 1307 882 neque
1353 827 1500 868 ruinas

45 901 214 948 excitet,
236 907 369 956 atque
390 901 606 946 restituat,
640 899 715 940 sed
737 906 910 940 tantum
933 906 1096 940 stantes
1118 899 1318 955 parietes'
1332 899 1498 946 fulciat,

45 974 409 1030 contignationem
443 974 575 1014 faciat
613 988 665 1014 ex
700 973 861 1014 eisdem
894 973 1023 1028 lignis
1056 973 1168 1013 carie
1203 972 1342 1012 exesis
1366 977 1499 1027 atque

44 1047 216 1093 attritis,
239 1053 354 1087 certe
375 1061 459 1087 non
483 1046 596 1087 aedes
617 1047 849 1087 restituere
882 1046 953 1086 vel
986 1046 1214 1093 aedificare,
1248 1044 1323 1085 sed
1354 1045 1497 1086 datam

43 1118 218 1160 domum
253 1120 440 1166 reficere,
475 1125 519 1159 et
550 1119 919 1160 substructionum
952 1119 1123 1159 ruinam
1155 1117 1327 1159 differre
1356 1133 1498 1159 cense-

43 1191 175 1232 bitur.

100 1264 225 1306 Idem
253 1264 347 1305 dieo
368 1264 421 1305 de
457 1264 636 1306 Ordine.
701 1264 914 1311 Primum,
947 1270 1092 1318 potest
1113 1278 1164 1304 ea
1186 1263 1346 1303 ordinis
1368 1264 1498 1303 refor-

43 1337 176 1378 matio
209 1337 362 1392 quaeri,
394 1343 444 1377 ut
475 1338 511 1377 is
542 1337 586 1377 in
620 1336 876 1393 praeclaram
911 1336 1031 1376 illam
1068 1335 1226 1376 veteris
1256 1335 1498 1390 disciplinae

41 1410 214 1452 laudem
235 1409 507 1452 vindicetur:
544 1410 666 1466 quod
686 1410 721 1450 si
749 1409 794 1450 id
828 1414 1027 1464 tempora
1059 1424 1144 1449 non
1178 1409 1422 1464 patiuntur,
1455 1416 1499 1450 et

41 1483 263 1525 hominum
298 1499 438 1525 mores
472 1498 557 1525 non
590 1484 748 1531 ferunt,
782 1483 935 1524 saltem
964 1498 1017 1523 ex
1041 1483 1093 1523 iis
1115 1498 1213 1538 quae
1235 1490 1495 1539 suppetunt,

42 1563 86 1598 et
105 1557 199 1598 fieri
219 1563 415 1613 possunt,
438 1556 601 1597 ordinis
623 1557 788 1596 abusus
805 1555 1103 1610 corrigantur:
1127 1556 1309 1596 tertium
1333 1562 1410 1603 est,
1434 1562 1496 1602 ut,

43 1634 291 1672 conservata
326 1630 405 1671 hac
442 1645 586 1671 rerum
623 1630 774 1677 forma,
809 1629 1094 1684 probatisque
1125 1629 1177 1668 iis
1199 1643 1298 1683 quae
1321 1643 1404 1668 usu
1427 1643 1497 1669 ve-

41 1704 179 1751 niunt,
202 1704 351 1759 aliqua
370 1710 516 1744 tamen
537 1702 839 1749 emendentur,
867 1708 911 1742 et
933 1702 1059 1756 quasi
1090 1700 1354 1741 collabentes
1384 1700 1497 1741 aedcs

45 1777 315 1819 adminiculis
334 1777 584 1818 fulciantur.

100 1851 291 1892 Primam
325 1850 581 1892 restituendi
611 1849 907 1890 Ecclesiastici
940 1848 1116 1889 Ordinis
1136 1848 1345 1888 rationem
1368 1847 1495 1888 vehe-

42 1931 209 1966 menter
230 1924 368 1980 probo
381 1940 390 1973 ;
422 1923 535 1964 nihil
557 1923 670 1964 enim
692 1921 823 1963 laude
845 1921 1028 1976 dignum
1051 1920 1159 1961 effici
1173 1922 1186 1940 ²
1209 1935 1332 1976 posse
1355 1919 1494 1968 video,

43 1998 123 2039 nisi
144 1998 187 2038 in
209 2004 399 2039 veterem
422 1997 544 2037 illam
567 1995 776 2036 Ecclesiae
799 1996 979 2036 formam
1001 1995 1266 2041 intueamur,
1302 1994 1357 2035 ad
1384 1998 1498 2049 ejus-

44 2085 127 2127 que
161 2071 445 2112 imitationem
483 2069 673 2110 animum
710 2075 842 2124 atque
878 2075 1065 2109 mentem
1100 2074 1289 2108 nostram
1326 2082 1501 2108 conver-

44 2151 202 2187 tamus.

101 2219 188 2260 Sed
209 2234 261 2260 ea
282 2220 316 2260 si
338 2219 462 2274 sequi
480 2218 704 2261 vellemus.
725 2216 921 2272 profecto
943 2217 1232 2272 praesentibus
1250 2216 1501 2257 Canonibus

43 2291 89 2333 id
118 2293 312 2334 obtinere
344 2307 428 2334 non
464 2306 714 2349 possemus:
752 2289 984 2331 revocandi
1021 2305 1124 2330 vero
1156 2297 1300 2330 essent
1334 2290 1500 2344 antiqui

47 2365 256 2415 Canones,
278 2366 356 2421 qui
375 2380 472 2406 eum
495 2364 693 2406 Ecclesia
713 2364 806 2405 nati
827 2363 1066 2419 priscorum
1095 2369 1341 2417 temporum
1375 2361 1498 2402 disci-

45 2437 208 2493 plinam
229 2443 423 2485 tuentur,
446 2444 490 2478 et
511 2442 777 2477 conservant.

104 2510 203 2559 Sed,
226 2511 432 2566 quoniam
454 2510 498 2550 in
520 2516 642 2551 tanta
664 2514 965 2563 corruptorum
999 2520 1166 2546 morum
1189 2504 1500 2560 depravatione

47 2580 124 2623 hoc
157 2583 297 2639 magis
331 2582 573 2638 optandum
606 2596 740 2638 quam
773 2579 1038 2636 sperandum
1070 2585 1146 2625 est,
1174 2578 1354 2619 fortasse
1374 2593 1427 2620 ex
1449 2593 1501 2620 ea

48 2654 253 2698 facultate
277 2671 409 2713 quam
431 2663 633 2712 tempora
655 2654 954 2711 suppeditant,
987 2651 1340 2693 Ecclesiasticum
1368 2651 1499 2693 aedifi-

47 2728 158 2770 cium
181 2730 412 2772 restituere
434 2729 705 2770 deberemus.

123 2796 126 2799 *
299 2819 306 2836 ¹
336 2819 381 2855 ld,
399 2818 469 2849 MS.
900 2814 912 2830 ²
938 2814 1065 2844 Efficere
1081 2824 1153 2849 non,
1172 2813 1245 2843 MS.
