1905 3254
679 303 789 333 sess.
816 303 874 332 vr.
1422 291 1501 331 195

39 407 286 449 Nucerinus
306 409 621 465 responderint,
644 409 915 450 uberrimam
939 409 1180 451 doctrinam
1211 425 1290 466 pro
1319 410 1382 451 rei
1402 410 1497 467 dig-

38 482 177 523 nitate
205 482 377 522 omnino
412 483 590 538 requiri,
627 497 714 538 qua
745 482 936 524 dilucide
972 483 1117 523 omnia
1143 483 1386 524 necessaria
1418 482 1497 524 hoc

38 562 298 610 argumento
319 555 610 610 explicentur,
630 562 763 611 atque
782 556 877 596 aliis
894 556 1176 611 imposterum
1199 555 1497 597 dubitationes

37 642 184 668 omnes
205 628 467 669 adimantur.
531 628 672 685 Cujus
705 629 931 670 sententiae
964 628 1229 683 multiplices
1261 630 1452 670 rationes
1474 645 1500 671 a

37 700 423 757 Justinopolitan0‚
442 702 699 751 Mutinensi,
724 702 975 750 Ostunensi,
999 702 1219 758 Trojano,¹
1244 709 1378 757 atque
1402 703 1498 743 aliis

37 774 215 816 fuerunt
249 775 463 824 adductae,
506 775 583 816 sed
621 776 880 832 praesertim,
919 775 1052 830 quod,
1094 790 1193 816 cum
1236 776 1499 817 adversarii²

38 847 176 888 multa
208 856 355 889 contra
386 848 624 889 doctrinam
666 849 773 889 alias
814 849 1098 904 compositam
1132 850 1497 905 conscripsissent,

32 921 122 976 jam
145 919 294 962 deesse
315 922 443 962 nobis
474 922 663 963 rationes
684 922 996 970 existimarent,
1019 922 1053 962 si
1075 921 1248 964 silentio
1270 938 1385 964 nunc
1406 923 1498 965 haec

39 999 308 1049 tegerentur,
330 1001 408 1035 aut
429 995 553 1049 quasi
585 1009 732 1035 eorum
768 995 1039 1049 argumentis
1060 995 1289 1036 deterritos
1316 1011 1392 1036 nos
1415 996 1500 1037 alio

39 1065 297 1107 divertisse³
330 1067 667 1123 suspicarentur.
738 1067 974 1115 Praeterea,
1018 1068 1136 1122 quod
1176 1083 1271 1108 cum
1309 1074 1499 1110 novum‘

39 1137 298 1194 difficileque
330 1141 386 1181 sit
408 1139 662 1196 hujusmodi
695 1147 1019 1195 argumentum,
1054 1155 1131 1181 nec
1165 1141 1260 1181 aliis
1293 1142 1435 1183 adhue
1456 1143 1499 1183 in

40 1209 244 1251 Conciliis
266 1217 514 1259 tractatum,
543 1212 784 1267 multisque
816 1211 1121 1253 haereticorum
1151 1213 1275 1254 sectis
1303 1215 1499 1270 exagita-

39 1288 147 1331 tum,
169 1283 266 1324 ideo
288 1284 401 1324 clara
421 1299 536 1325 nunc
567 1284 791 1339 solidaque
824 1283 1019 1325 doctrina
1050 1300 1142 1325 esse
1174 1284 1496 1340 explicandum.

40 1355 226 1397 Addidit
244 1357 464 1403 Lucensis,
481 1356 722 1398 doctrinam
741 1356 848 1397 hanc
869 1357 941 1397 vix
963 1357 1129 1413 absque
1151 1358 1356 1400 scandalo
1373 1375 1499 1416 posse

39 1428 266 1482 praetcriri,
289 1428 501 1484 siquidem
523 1444 576 1469 ex
600 1443 779 1469 munere
798 1428 979 1469 Concilii
1001 1431 1069 1476 sit,
1094 1445 1178 1470 non
1200 1437 1371 1472 tantum
1393 1431 1499 1488 dog-

39 1508 157 1542 mata
178 1501 368 1549 definire,
388 1517 539 1543 verum
563 1502 691 1542 etiam
716 1501 885 1542 fidelem
908 1502 1145 1558 Populum,
1167 1511 1211 1544 et
1228 1519 1301 1544 eos
1323 1520 1499 1561 praeser-

37 1573 112 1614 tim
135 1574 359 1622 instruere,
383 1589 569 1630 quorum
593 1581 741 1629 partes
774 1580 890 1622 sunt,
912 1581 963 1615 ut
993 1575 1169 1630 plebem
1202 1576 1354 1617 rudem
1377 1577 1498 1619 doce-

36 1654 125 1695 ant,
150 1648 287 1689 veluti
304 1649 521 1695 Pastores,
541 1647 875 1694 concionatores,
899 1655 943 1688 et
960 1648 1065 1689 alios
1088 1648 1131 1688 id
1153 1664 1308 1704 genus,
1328 1658 1378 1691 ut
1400 1651 1497 1692 hinc

39 1720 368 1769 admoneantur,
391 1720 497 1776 quid
527 1720 804 1767 credendum,
834 1727 877 1760 et
899 1721 997 1761 aliis
1019 1722 1125 1776 quid
1152 1723 1498 1778 proponendum,

39 1795 212 1835 etiamsi
234 1795 538 1849 unusquisque
561 1793 617 1833 ab
633 1794 686 1833 iis
707 1794 895 1834 maxime
913 1793 1076 1834 erudiri
1098 1795 1220 1850 cupit
1241 1810 1375 1850 penes
1393 1811 1501 1852 quos

39 1875 104 1908 est
124 1868 305 1908 docendi
336 1868 495 1923 peritia
527 1874 570 1907 et
602 1866 858 1914 authoritas,
894 1867 1048 1921 utique
1080 1868 1290 1923 aptiorem
1323 1870 1499 1912 nullum

37 1941 180 1982 locum
213 1941 292 1982 hoc
325 1956 412 1981 uno
445 1955 571 1995 posse
604 1941 803 1995 reperiri,
827 1941 871 1981 in
899 1955 1028 1995 quem
1053 1948 1117 1981 tot
1139 1942 1292 1983 Patres
1319 1944 1498 1999 pietate,

39 2015 228 2070 ingenio,
268 2014 477 2061 doctrina,
516 2028 689 2068 usuque
725 2028 869 2053 rerum
907 2019 1167 2068 praestantes
1207 2018 1498 2066 convenerint,

43 2102 228 2144 quorum
252 2087 478 2128 eonsilium
505 2093 667 2141 praeter
697 2086 889 2141 Spiritus
921 2087 1057 2127 sancti
1090 2088 1358 2142 praesidium,
1381 2091 1500 2145 quod

41 2160 192 2202 fallere
208 2161 423 2201 neminem
441 2166 600 2215 potest,
619 2160 807 2200 maxime
824 2159 998 2199 omnino
1015 2159 1172 2214 cuique
1190 2161 1328 2215 possit
1345 2162 1500 2204 afferre

43 2232 355 2290 adjumentum.
431 2234 565 2274 Porro
604 2231 659 2273 ad
701 2247 848 2273 corum
895 2232 1100 2280 rationes,
1144 2233 1221 2287 qui
1262 2232 1498 2276 doctrinam

43 2304 323 2346 omittendam
345 2311 616 2351 censuerant,
642 2319 666 2344 a
687 2304 839 2344 multis
862 2304 946 2345 fuit
967 2311 1010 2345 et
1032 2304 1277 2359 praesertim
1302 2320 1326 2346 a
1349 2306 1498 2348 Clodi-

43 2377 144 2425 ensi,
169 2377 430 2419 Civitatensi
452 2384 496 2418 et
518 2377 736 2419 Fesulano
773 2391 1054 2432 responsum3
1090 2377 1313 2432 Synodum
1338 2379 1499 2421 scilicet

84 2498 92 2517 ¹
118 2501 151 2530 lt
174 2511 302 2541 appears
316 2505 347 2530 to
365 2501 401 2530 be
418 2501 563 2530 Tertiano
580 2501 610 2529 in
626 2499 677 2529 the
696 2499 783 2536 MS.;
811 2499 867 2529 but
885 2499 1002 2529 besides
1019 2499 1083 2528 that
1100 2510 1139 2529 no
1157 2499 1235 2529 such
1250 2499 1318 2530 title
1334 2500 1359 2529 is
1374 2500 1498 2541 known,

42 2549 176 2588 Pallav.,
192 2553 240 2581 ubi
254 2562 359 2590 supra,
374 2552 428 2582 has
444 2552 556 2581 named
575 2552 737 2591 Trojanus,
755 2551 824 2581 who
840 2561 900 2580 was
917 2555 948 2580 at
962 2550 1012 2580 the
1027 2550 1176 2580 Council.

85 2598 98 2618 ³
118 2600 183 2631 'rhe
208 2601 277 2632 MS.
297 2601 351 2632 has
373 2601 549 2640 something
576 2600 640 2631 like
666 2601 756 2631 Adrii
783 2612 869 2638 rem3
895 2601 950 2631 but
967 2600 1193 2631 Pallavicino's
1216 2600 1371 2641 language
1396 2608 1428 2633 at
1451 2602 1501 2634 the

42 2648 129 2690 place
143 2661 250 2691 proves
264 2651 288 2681 it
303 2651 416 2681 should
433 2652 470 2681 be
485 2652 657 2680 adversarii.

84 2699 98 2717 ⁸
122 2700 331 2739 Interdixisse,
355 2701 425 2731 MS.

85 2753 98 2769 ⁴
123 2754 159 2783 In
190 2754 240 2784 ibe
268 2755 337 2785 MS.
367 2755 390 2784 it
423 2754 447 2784 is
475 2753 524 2783 the
551 2752 641 2783 usual
675 2752 865 2783 contractiori
895 2752 940 2783 sor
966 2757 1110 2789 nostrum,
1136 2751 1249 2789 which,
1270 2753 1305 2782 os
1331 2764 1449 2791 course,
1478 2754 1503 2784 is

43 2813 197 2835 nonsense.

1189 2864 1270 2902 02
