1905 3254
340 335 424 377 468
961 347 1071 377 sess.
1099 346 1176 375 vn.

342 456 491 496 munia
519 455 652 510 [quae]
677 467 957 509 nequaquam
977 452 1033 491 ab
1050 450 1116 491 his
1134 449 1334 505 praestari
1351 455 1394 489 et
1410 447 1587 504 impleri
1600 454 1793 502 possunt,

344 528 420 583 qui
455 528 583 583 gregi
614 542 691 567 suo
724 542 808 567 non
840 524 1090 580 invigilant,
1128 537 1271 578 neque
1305 520 1686 576 superintendunt,
1722 519 1797 560 sed

344 600 704 641 mercenariorum
723 613 840 639 inore
862 597 1083 644 deserunt,
1109 596 1267 636 Sancta
1290 593 1491 650 Synodus
1511 608 1583 634 eos
1596 593 1798 634 admonet

344 681 387 715 et
418 673 633 721 hortatur,
668 680 717 714 ut
747 671 995 712 divinorum
1021 675 1340 724 praeceptorum
1362 681 1585 712 memores,
1607 665 1797 720 factique

344 747 481 787 forma
515 747 660 802 gregis
687 746 730 785 in
761 744 925 800 judicio
959 749 1002 782 ct
1036 742 1221 783 veritate
1244 747 1437 797 pascant.
1500 740 1585 780 Ne¹
1611 754 1713 780 vero
1735 754 1798 786 ea,

345 834 446 874 quae
468 819 521 859 de
543 818 800 858 Residentia
824 817 900 857 διο.

402 889 569 930 Verum
603 904 701 929 cum
725 886 1044 941 Lotharingius
1078 885 1345 940 prooemium
1378 899 1506 924 suum
1542 898 1567 923 a
1599 883 1795 939 LegatiS,

344 978 582 1017 paucorum
605 968 796 1007 tantum,
828 967 878 1001 ut
899 959 1060 1006 aiebat,
1094 958 1373 998 suasionibus
1394 971 1479 998 non
1501 957 1680 1012 probari
1701 971 1797 1011 per-

345 1036 487 1091 spicit,
520 1036 593 1091 agi
626 1035 680 1076 de
703 1034 919 1090 dignitate
941 1047 1021 1073 sua
1044 1031 1316 1087 Conciliique
1337 1031 1545 1072 libertate
1565 1030 1799 1078 existimat,

345 1110 380 1150 si
400 1124 547 1150 eorum
571 1124 616 1150 se
641 1108 816 1150 consilio
841 1122 971 1163 quam
1004 1105 1209 1146 acerrime
1240 1119 1325 1144 non
1356 1110 1575 1159 opponat3
1608 1109 1799 1144 tantum-

347 1198 431 1238 que
465 1183 601 1231 abest,
645 1189 694 1223 ut
731 1182 975 1235 cuicunque
1013 1179 1137 1220 alteri
1175 1178 1390 1234 prooemio
1432 1192 1559 1218 aures
1600 1177 1799 1232 praebere

348 1256 467 1301 velit,
503 1263 553 1295 ut
582 1255 715 1295 etiam
746 1254 902 1308 capitis
935 1252 1129 1307 periculo
1150 1266 1194 1291 se
1216 1251 1360 1291 omnia
1381 1257 1639 1291 conaturum
1671 1249 1800 1295 dicat,

346 1342 398 1367 ne
431 1327 501 1367 vel
537 1326 759 1366 tantillum
792 1324 846 1365 de
880 1324 1093 1379 prooemio
1124 1338 1149 1363 a
1176 1337 1220 1363 se
1242 1322 1479 1377 proposito,
1510 1327 1642 1376 atque
1665 1335 1689 1360 a
1709 1321 1800 1376 ple-

345 1399 493 1454 risque
515 1414 568 1439 ex
590 1398 804 1454 delegatis
826 1397 1034 1437 Patribus
1052 1400 1143 1451 jam
1166 1395 1351 1450 probato
1378 1394 1649 1441 detrahatur,
1683 1401 1800 1434 ante-

348 1486 480 1526 quam
514 1470 568 1510 de
602 1484 653 1510 ea
685 1484 731 1510 re
766 1470 971 1509 universa
1007 1467 1207 1523 Synodus
1239 1466 1506 1515 consulatur,
1539 1467 1665 1522 cujus
1687 1466 1801 1506 arbi-

348 1544 481 1584 trium
506 1543 600 1590 erit,
635 1543 707 1583 vel
730 1542 775 1582 id
797 1556 977 1597 prorsus
998 1541 1287 1596 supprimere,
1323 1541 1393 1581 vel
1414 1555 1572 1581 novam
1599 1540 1719 1581 illius
1739 1540 1801 1580 in-

348 1615 575 1656 staurandi
596 1615 808 1655 rationem
830 1615 954 1654 inire.

407 1688 494 1728 His
526 1687 699 1734 auditis,
723 1686 899 1743 Legati,
923 1701 1019 1726 cum
1042 1685 1319 1739 Lotharingii
1349 1684 1553 1732 rationes,
1586 1690 1805 1740 quatenus

348 1762 614 1818 prooemium
648 1760 762 1801 illud
799 1776 824 1801 a
853 1759 1007 1815 majori
1035 1759 1365 1814 praefectorum²
1387 1758 1571 1799 Patrum
1592 1764 1719 1814 parte
1740 1771 1804 1797 re-

348 1843 523 1892 ceptum
558 1836 720 1883 aiebat,
756 1849 918 1890 magna
951 1832 1122 1873 honesti
1152 1832 1294 1886 specie
1325 1831 1558 1873 adornatas
1587 1847 1611 1873 a
1640 1831 1804 1877 multis,

349 1910 424 1965 qui
448 1924 537 1948 rem
559 1908 690 1963 plane
711 1922 797 1947 non
817 1912 1009 1953 teneant,
1043 1904 1252 1960 plausum
1274 1903 1399 1944 facile
1422 1904 1649 1959 acquirere
1680 1916 1806 1958 posse

350 1987 606 2029 vereantur3
648 1993 819 2020 omnem
859 1977 964 2019 dant
1003 1991 1182 2032 operam
1223 1990 1302 2031 per
1344 1976 1515 2031 aliquot
1554 1976 1593 2016 ei
1635 1975 1807 2016 intimos

350 2053 582 2101 Praesules,
621 2068 668 2093 ac
703 2054 927 2108 praecipue
959 2051 1181 2091 Abbatem
1216 2048 1600 2097 Clarevallensem,
1633 2063 1686 2090 ne
1714 2047 1806 2089 haec

348 2126 481 2166 latius
513 2132 705 2180 serpant,
729 2131 869 2179 utque
892 2123 1223 2177 Lotharingius,
1252 2122 1492 2177 perspectis
1514 2121 1556 2161 in
1578 2121 1730 2176 primis
1750 2121 1805 2161 iis

350 2199 698 2245 difficultatibus,
735 2212 836 2252 quae
875 2197 1071 2252 Legatos
1104 2196 1149 2235 in
1184 2195 1262 2235 hoc
1296 2195 1474 2251 negotio
1506 2194 1806 2249 implicabant,

350 2271 539 2327 benigne
561 2270 615 2311 de
636 2270 703 2311 his
725 2285 870 2310 secum
909 2269 994 2324 agi,
1028 2283 1227 2322 remque,
1259 2267 1376 2307 omni
1407 2265 1540 2306 animi
1571 2266 1807 2307 acerbitate

351 2346 559 2401 deposita,
591 2350 763 2385 mature
795 2342 973 2383 tractari
1006 2342 1216 2396 patiatur.
1281 2340 1424 2380 Aiunt
1445 2340 1559 2380 enim
1583 2339 1639 2380 ad
1659 2340 1807 2396 pracci-

351 2418 513 2460 dendas
529 2424 593 2458 tot
610 2418 795 2458 Patrum
809 2415 1124 2455 controversias
1138 2428 1182 2454 se
1195 2412 1365 2468 pridem
1388 2412 1645 2461 decrevisse,
1659 2427 1713 2452 ne
1730 2411 1808 2453 hoc

351 2491 525 2532 decreto
548 2491 578 2532 J
585 2491 673 2531 uris
695 2489 833 2530 divini
854 2487 1050 2528 definitio
1074 2492 1150 2527 aut
1172 2486 1423 2541 recipiatur,
1458 2491 1536 2526 aut
1556 2486 1779 2541 rejiciatur
1797 2503 1807 2536 3

352 2563 452 2603 huic
473 2562 651 2603 consilio
673 2559 1014 2615 Lotharingium
1037 2573 1121 2599 non
1144 2558 1374 2598 assensisse
1401 2557 1553 2606 solum,
1586 2556 1660 2597 sed
1681 2571 1809 2612 opem

353 2636 484 2676 etiam
515 2634 865 2689 industriamque
887 2648 1010 2673 suam
1033 2632 1270 2673 obtulisse:
1304 2646 1417 2671 nunc
1449 2632 1485 2671 si
1518 2630 1635 2671 illius
1666 2645 1809 2686 prooe—

398 2755 404 2771 ¹
433 2753 499 2783 The
515 2754 566 2782 Ne
582 2752 607 2781 is
622 2751 753 2781 inserted
776 2752 853 2781 from
881 2751 931 2781 the
948 2752 1065 2781 Decree
1083 2751 1118 2781 of
1133 2750 1360 2787 Reformation,
1380 2760 1448 2790 cap.
1468 2749 1486 2779 i.
1532 2748 1599 2778 The
1623 2748 1720 2779 words
1746 2759 1811 2788 pre-

355 2808 467 2845 ceding
482 2817 532 2836 are
548 2807 625 2836 from
642 2805 692 2835 the
710 2805 850 2845 Vulgate
866 2805 1049 2836 translation
1064 2805 1098 2835 of
1115 2806 1126 2834 l
1148 2805 1215 2834 Pet.
1230 2815 1259 2834 v.
1278 2804 1309 2833 3.

399 2861 410 2875 ²
437 2861 663 2889 rau-sectorum.
683 2860 756 2888 MS.
