1905 3254
703 294 812 324 SEss.
840 295 916 324 vu.
1457 279 1542 320 487

86 416 247 457 magno
279 403 373 457 ejus
395 401 562 441 militiae
584 401 806 456 magistro,
830 408 1038 458 tanquam
1071 403 1246 454 Orator,
1279 402 1540 445 Tridentum

85 476 242 516 missus
263 490 361 516 cum
388 475 524 516 literis
558 474 804 515 Cardinalis
826 475 1062 516 Borromaei
1084 477 1444 519 commendatitiis
1466 476 1539 517 ad-

86 555 291 598 venerat3
323 561 511 602 cumque
533 547 677 588 locum
709 547 792 587 sibi
823 547 944 602 apud
972 555 1164 590 oratores
1184 549 1438 605 Principum
1461 564 1540 589 sae-

84 619 299 660 cularium
332 619 428 661 dari
461 619 670 675 petiisset,
705 619 804 660 inde
832 621 1140 662 Procuratores
1169 622 1338 678 aliquot
1359 623 1540 678 Episco-

83 705 239 746 porum
265 692 527 740 Germaniae,
562 692 639 747 qui
667 698 769 732 sunt
797 692 1022 747 Principes
1043 692 1237 748 Imperii,
1267 708 1314 734 ac
1338 693 1539 748 jurisdic-

83 764 200 805 tione
223 765 421 806 saeculari
441 765 687 821 potiuntur,
712 765 853 805 veluti
881 765 1252 820 Salzeburgensis,
1275 764 1537 812 Hestensis,¹

81 837 349 886 Basiliensis‚
373 844 418 879 et
439 838 512 879 alii
533 837 712 894 quidam
735 838 909 879 excitati
931 838 1115 886 fuerant,
1139 846 1188 880 ut
1208 839 1291 880 sibi
1316 854 1441 894 aeque
1465 840 1541 895 jus

80 910 202 965 apud
224 926 295 952 cos
316 910 574 952 consedendi
596 910 952 966 permitteretur3
985 927 1082 952 cum
1106 919 1233 953 antea
1257 913 1368 954 inter
1388 912 1538 954 Eccle-

78 983 271 1024 siasticos
293 990 466 1025 tantum
489 984 641 1025 Patres
662 984 794 1024 locari
816 985 1148 1025 consuevissent.
1202 985 1314 1026 Haec
1336 999 1417 1032 res,
1441 999 1537 1025 cum

79 1054 283 1110 paritura
313 1055 649 1096 controversiam
684 1061 944 1102 censeretur,
979 1056 1073 1096 visa
1100 1055 1184 1096 fuit
1205 1056 1389 1112 Legatis
1418 1057 1540 1112 prius

81 1124 308 1166 Cardinali
329 1126 591 1174 Borromaeo,
616 1141 640 1166 a
662 1141 749 1182 quo
774 1126 922 1168 literas
956 1134 1212 1182 acceperant
1244 1127 1539 1183 significanda,

78 1205 129 1239 ut
149 1199 185 1239 is
208 1199 459 1240 Sanctitatis
479 1214 571 1239 suae
593 1199 817 1240 consilium
842 1200 1103 1255 exploraret.

139 1271 318 1312 Interea
354 1271 551 1327 praefecti
587 1272 742 1312 Patres
780 1272 991 1313 abusibus
1028 1272 1245 1314 Ordinum
1287 1273 1540 1328 colligentes

78 1344 287 1399 privatim
317 1344 432 1385 inter
461 1359 505 1385 se
535 1344 589 1384 de
610 1344 663 1384 iis
695 1344 901 1400 agebant,
926 1344 1099 1400 aliaque
1123 1345 1178 1386 ab
1201 1345 1297 1385 aliis
1318 1345 1539 1386 familiari-

78 1416 161 1457 bus
190 1416 490 1472 congressibus
516 1418 643 1472 jussu
675 1417 944 1472 Legatorum
979 1419 1294 1465 tractabantur,
1322 1433 1409 1474 quo
1439 1419 1538 1459 faci-

77 1489 162 1531 lius
198 1505 325 1546 paene
361 1489 531 1546 digesta
560 1491 601 1530 in
635 1498 852 1532 conventu
884 1498 1026 1532 essent
1056 1491 1315 1546 recipienda.
1376 1491 1540 1532 Literis

78 1563 190 1603 enim
227 1577 281 1603 ex
317 1562 441 1604 Urbe
475 1564 566 1618 jam
607 1564 749 1604 fuerat
790 1565 1058 1611 nunciatum,
1092 1565 1288 1620 Legatos
1320 1580 1454 1606 novos
1493 1566 1537 1606 in

77 1634 409 1676 demortuorum
450 1635 593 1676 locum
634 1651 720 1676 non
757 1636 897 1676 solum
933 1638 1023 1692 jam
1067 1652 1092 1677 a
1127 1651 1296 1677 summo
1331 1637 1539 1677 Pontifice

77 1707 210 1748 fuisse
243 1707 501 1758 declaratos,
540 1707 615 1748 sed
648 1723 720 1748 eos
757 1707 1013 1763 propediem
1053 1707 1123 1748 hic
1158 1708 1399 1749 adfuturos.
1463 1708 1540 1748 Illi

78 1787 201 1821 eraut
232 1781 425 1822 Joannes
455 1781 667 1821 Moronus
701 1780 1038 1821 Mediolanensis
1071 1780 1332 1828 Cardinalis,
1363 1787 1407 1822 et
1429 1781 1537 1836 Epi-

79 1868 235 1909 scopus
266 1853 316 1894 P.
349 1854 499 1909 magni
542 1854 608 1894 vir
641 1854 820 1899 consilii,
855 1852 1119 1909 prudentiae,
1162 1859 1207 1893 et
1249 1852 1537 1894 authoritatis.

82 1926 210 1967 Alter
241 1927 297 1967 A.
322 1927 606 1982 Navagerius
638 1926 836 1968 Venetus
872 1925 949 1982 qui
982 1925 1150 1981 pridem
1186 1925 1241 1966 ab
1275 1925 1425 1968 eodem
1459 1926 1539 1967 Pio

81 2006 250 2055 quarto,
273 2015 326 2041 ex
349 2000 565 2041 senatorio
587 1999 750 2047 ordine,
774 2014 902 2055 quem
926 1999 969 2039 in
993 1998 1244 2054 Republica
1264 2013 1356 2047 sua,
1380 2001 1539 2055 magna

79 2087 176 2114 cum
190 2078 202 2097 ²
222 2072 367 2120 laude,
392 2073 590 2129 gerebat,
615 2073 657 2113 in
682 2071 983 2112 Cardinalium
1005 2070 1237 2125 collegium
1259 2071 1315 2111 ob
1338 2074 1433 2126 ejus
1454 2071 1537 2112 vir-

79 2151 198 2187 tutes
220 2146 365 2187 fuerat
385 2152 626 2202 cooptatus.
692 2145 743 2185 In
765 2143 919 2184 horum
943 2158 1045 2184 vero
1062 2149 1105 2183 et
1126 2142 1210 2183 fide
1237 2149 1281 2184 et
1300 2143 1539 2198 probitate,

80 2227 123 2261 et
144 2236 302 2278 magno
323 2235 468 2262 rerum
493 2236 589 2267 usu,
621 2219 728 2260 adeo
760 2218 1030 2274 acquiescere
1055 2216 1269 2258 Sanctitas
1300 2232 1393 2263 sua,
1426 2216 1538 2258 dice-

81 2293 223 2341 batur,
245 2301 296 2334 ut
318 2308 390 2334 eos
417 2293 644 2341 abeuntes,
675 2298 718 2333 et
740 2292 964 2347 praecipue
987 2289 1231 2338 Mol-onum,
1253 2292 1421 2331 summa
1441 2305 1538 2331 cum

78 2373 297 2421 potestate
328 2367 372 2407 in
404 2366 482 2415 his,
505 2381 606 2422 quae
640 2365 696 2406 ad
729 2364 971 2405 Concilium
999 2364 1248 2419 [pei-tinent,
1292 2363 1537 2414 dimisisset,

79 2438 150 2479 cui
172 2446 216 2480 et
237 2438 536 2487 mandaverat,
561 2445 610 2479 ut
631 2453 676 2479 se
699 2436 1070 2493 quamprimum?
1094 2436 1138 2475 in
1162 2436 1461 2491 OEnopontem
1484 2437 1539 2478 ad

83 2510 299 2552 Caesarem
323 2512 548 2559 conferret,
582 2525 629 2552 ac
651 2525 801 2552 corum
824 2509 978 2557 multa,
1002 2523 1100 2564 quae
1124 2508 1163 2549 ei
1185 2515 1347 2550 secrete
1367 2509 1538 2566 injunx-

81 2591 184 2633 erat,
207 2584 496 2626 renunciaret.

126 2672 134 2690 ²
161 2673 355 2710 Aistetensis‚
369 2684 401 2703 or
415 2673 614 2711 Eystetensis.
648 2672 828 2702 Aiehstadt.
865 2671 918 2700 IIe
930 2680 991 2699 was
1002 2680 1060 2699 one
1072 2670 1164 2700 osthe
1176 2670 1294 2711 princes
1304 2671 1340 2701 of
1348 2671 1399 2701 the
1413 2673 1538 2713 empire-

124 2722 137 2741 ²
159 2724 195 2754 111
210 2724 259 2754 the
277 2725 348 2754 MS.
365 2724 389 2753 it
410 2724 435 2754 is
455 2724 538 2764 jura.
586 2724 649 2754 But
665 2724 695 2753 iu
713 2722 871 2762 Raynald‚
891 2722 957 2752 who
980 2721 1117 2762 happens
1132 2725 1162 2751 to
1177 2725 1271 2762 quote
1287 2721 1347 2752 this
1363 2727 1440 2763 part,
1466 2722 1490 2753 it
1514 2724 1540 2754 is

83 2782 166 2803 cum.

123 2822 136 2840 ³
161 2824 250 2854 From
270 2823 466 2863 Raynaldus.
