1905 3254
721 291 834 321 SEss.
863 292 903 321 11.
1472 276 1528 317 47

70 413 356 469 perniciosum
389 414 444 455 sit
475 413 715 470 prudenter
751 428 896 455 seeum
933 414 1141 470 cogitent,
1176 428 1231 454 ne
1264 413 1527 470 quandoque

67 485 165 528 hinc
193 487 299 528 scita
330 487 474 528 onmia
505 486 788 528 subvertendi
810 487 907 528 aliis
927 487 1211 543 imposterum
1232 487 1395 529 occasio
1416 502 1527 543 prae-

67 560 239 601 beatur.

127 633 179 674 In
202 633 388 674 secundo
409 634 553 689 capite
574 632 812 690 propositO,
827 634 1027 689 quamvis
1049 633 1273 690 aliquibus
1287 635 1529 676 necessaria

70 720 219 747 corum
255 705 401 746 citatio
438 705 673 753 videretur,
711 705 764 747 dc
801 720 987 762 quorum
1019 705 1142 747 libris
1170 706 1384 763 judicium
1417 714 1529 749 esset

69 777 308 826 ferendum,
332 784 381 819 ut
413 778 563 819 saltem
588 778 850 820 urbanitatis
872 794 919 820 ac
942 778 1046 820 boni
1067 779 1234 834 publici
1260 793 1392 821 causa
1415 795 1526 836 prae-

70 851 363 898 termittenda,
387 858 438 892 ut
466 851 793 893 Comaculensis
813 852 1007 894 dicebat:
1034 853 1249 894 contraria
1269 859 1412 895 tamen
1435 868 1526 895 sen-

70 926 207 967 tentia
238 926 453 976 obtinuit3
485 941 596 975 nam,
630 926 735 967 dum
769 926 823 968 de
857 927 1071 968 librorum
1105 933 1278 969 tantum
1311 944 1394 969 usu
1430 944 1525 985 pro-

68 998 258 1040 hibendo
286 1006 459 1055 agatur,
484 998 666 1039 Concilii
702 999 748 1040 id
779 1014 872 1041 esse
904 1014 1158 1055 responsum
1182 1001 1279 1050 fuit,
1301 1008 1352 1042 ut
1382 1001 1524 1058 legem

68 1072 121 1113 de
135 1072 250 1113 hisce
274 1072 490 1113 arbitratu
507 1087 585 1113 suo
607 1079 789 1121 statuat,
808 1088 908 1128 quae
926 1074 1072 1122 etiam,
1090 1074 1239 1115 invitis
1255 1074 1525 1123 authoribus,

72 1146 215 1200 (velut
246 1144 491 1197 haereticis‚)
527 1145 649 1186 condi
670 1152 829 1202 posset,
853 1161 950 1187 cum
984 1147 1148 1202 quibus
1177 1162 1255 1188 nec
1284 1146 1527 1202 disputatio

70 1220 230 1276 suscipi
246 1220 379 1261 solet:
412 1236 495 1261 non
511 1221 649 1277 igitur
664 1237 930 1277 quemquam
945 1221 1000 1263 ad
1021 1221 1067 1262 id
1087 1223 1327 1263 necessario
1349 1238 1526 1264 evocan-

68 1291 188 1340 dum,
206 1307 303 1333 cum
324 1307 437 1334 nunc
454 1293 507 1335 de
525 1308 673 1334 eorum
695 1308 880 1349 persona
896 1293 1222 1336 condemnanda
1242 1310 1327 1336 non
1350 1302 1525 1352 agatur,

67 1365 142 1407 sed
162 1372 332 1406 tantum
354 1365 406 1406 de
428 1366 639 1422 evulgato
662 1367 870 1422 quopiam
888 1381 1016 1422 opere
1039 1381 1064 1407 a
1086 1366 1347 1409 Christianis
1368 1370 1528 1410 finibus

69 1437 264 1486 arcendo,
288 1437 404 1493 quod
433 1438 477 1479 in
508 1438 619 1496 legis
641 1439 795 1494 utiquc
824 1446 889 1479 cst
910 1445 1140 1495 potestate,
1166 1440 1294 1481 sicuti
1316 1447 1360 1482 et
1384 1456 1409 1482 a
1438 1441 1525 1482 Ge-

67 1509 174 1551 lasio
201 1511 326 1566 Papa
353 1511 453 1552 olim
483 1511 766 1552 observatum
797 1511 894 1552 fuit.
920 1511 970 1552 C.
996 1512 1156 1553 Sancta
1181 1513 1244 1553 15.
1270 1512 1400 1562 Dist.,
1424 1528 1525 1570 quae

69 1585 213 1640 opinio
230 1599 255 1625 a
272 1584 530 1625 Rossanensi
554 1586 745 1641 primum
768 1585 955 1641 prolata,
975 1600 1000 1626 a
1016 1585 1276 1635 Vivariensi,
1297 1587 1525 1635 Ilerdcnsi,

71 1659 318 1707 Ostuncnsi,
341 1659 559 1707 Vestano,¹
585 1666 629 1700 et
651 1659 744 1699 aliis
765 1659 931 1707 multis,
961 1660 1167 1716 pluribus
1189 1661 1322 1702 etiam
1346 1661 1527 1718 adjectis

66 1733 325 1779 rationibus,
348 1732 434 1772 fuit
455 1732 750 1788 comprobata.

129 1806 182 1847 In
212 1807 341 1847 tcrtio
377 1806 534 1862 capite,
569 1806 771 1862 quamvis
807 1820 954 1847 omnes
981 1805 1071 1846 fere
1101 1807 1207 1847 satis
1229 1807 1525 1858 convenirent,

68 1878 283 1919 haereticis
300 1878 427 1919 fidem
451 1879 670 1934 publicam
692 1877 777 1919 huc
798 1878 1027 1919 accedendi
1044 1878 1382 1935 discedendiquc
1403 1881 1526 1937 large

70 1966 162 1992 esse
179 1951 506 2000 concedendam,
523 1951 567 1992 id
582 1959 728 1992 tamen
751 1966 803 1992 ea
817 1957 988 1992 tantum
1003 1950 1247 1992 conditione
1261 1952 1525 2007 quibusdam

69 2025 281 2081 placebat,
297 2024 572 2073 videlicet‚,sc
588 2024 685 2073 huc,
700 2040 782 2065 non
795 2024 1050 2081 disputandi
1065 2040 1210 2075 causa,
1226 2026 1301 2068 scd
1317 2034 1366 2068 ut
1383 2033 1527 2068 errata

70 2113 148 2140 sua
160 2105 405 2155 agnoscant,
417 2113 557 2154 eaque
573 2098 641 2139 hic
654 2098 799 2154 palam
809 2097 1093 2146 detestentur,
1104 2099 1191 2139 sint
1204 2101 1393 2149 venturi,
1408 2101 1526 2156 quod

71 2185 97 2212 a
113 2172 383 2213 Sulmonensi
399 2178 442 2212 ct
459 2171 709 2226 Asaphensi
730 2186 983 2227 responsum
1007 2171 1103 2212 fuit.
1157 2171 1313 2228 Aliqui
1333 2174 1465 2214 etiam
1482 2173 1526 2213 id

71 2245 182 2286 clare
211 2245 515 2302 excipiendum
549 2245 739 2290 aiebant,
761 2251 812 2285 ut
847 2245 1020 2285 omnino
1040 2244 1084 2285 in
1116 2245 1300 2299 privatis
1321 2247 1525 2302 publicis-

71 2333 155 2374 que
187 2320 459 2361 sermonibus
488 2319 554 2359 illi
587 2333 631 2359 se
665 2333 690 2359 a
721 2317 995 2360 contumeliis
1025 2317 1350 2374 maledictisque
1382 2320 1426 2361 in
1448 2336 1526 2362 nos

73 2392 333 2434 abstineant.
395 2391 599 2432 Plurium
631 2398 777 2433 tamen
814 2391 992 2440 calculo,
1015 2391 1148 2447 longo
1169 2392 1276 2432 satis
1296 2393 1525 2435 intervallo

71 2465 302 2520 probatum
324 2465 422 2512 fuit,
444 2465 496 2505 iis
517 2465 793 2505 securitatem
822 2464 1132 2521 amplissimam
1157 2465 1324 2521 absque
1342 2467 1433 2508 ulla
1454 2483 1525 2510 cx-

74 2538 267 2594 ceptionc
301 2553 392 2579 csse
422 2537 731 2594 praestandam,
753 2538 1125 2593 certissimamque
1159 2539 1298 2579 veniae
1326 2554 1462 2594 spem,
1491 2543 1526 2582 si

117 2636 125 2654 ¹
151 2636 196 2667 Or
216 2637 486 2675 Vcstensis——Ugo
504 2638 760 2677 Boncompaguo,
775 2638 954 2668 afterwards
966 2637 1107 2677 Gregory
1122 2638 1218 2668 xm.
1265 2637 1311 2667 He
1325 2649 1385 2669 was
1401 2639 1433 2669 in
1450 2639 1526 2680 high

73 2691 182 2718 esteem
196 2690 228 2719 in
244 2688 294 2719 the
310 2689 447 2719 council.
494 2690 572 2720 Pius
588 2691 660 2728 1V.,
678 2690 767 2720 when
786 2690 822 2720 he
837 2695 905 2721 sent
920 2690 986 2720 him
1000 2690 1126 2727 thither,
1152 2690 1287 2729 charged
1302 2690 1353 2721 the¹
1365 2691 1525 2732 legates—

74 2741 128 2771 che
144 2742 175 2771 in
190 2746 269 2772 tutte
283 2742 312 2772 le
330 2754 399 2773 cose
413 2743 444 2772 di
462 2750 620 2774 momento
636 2744 660 2773 si
676 2744 826 2775 valessero
842 2743 916 2773 dell'
934 2754 1027 2784 opera
1052 2755 1126 2781 sua3
1151 2755 1166 2773 e
1187 2747 1248 2774 cosi
1273 2745 1390 2776 secero:
1414 2748 1470 2778 &a
1493 2759 1526 2779 as

75 2792 123 2824 the
139 2795 238 2825 writer
254 2796 400 2836 proceeds
415 2800 445 2827 to
459 2797 588 2837 specisy.
642 2797 758 2827 Annali
775 2797 807 2827 di
825 2797 975 2837 Gregorio
994 2798 1086 2827 xm.
1112 2797 1210 2827 scritti
1227 2797 1280 2828 dal
1296 2798 1400 2830 I’adre
1414 2801 1525 2831 Giani-

75 2846 169 2886 pietro
195 2849 314 2886 Mali'ci,
340 2849 440 2880 Roma
472 2851 562 2887 1742,
589 2850 658 2880 Lib.
683 2851 721 2888 l.,
740 2862 767 2881 c.
787 2851 855 2888 vii.,
878 2860 910 2880 or
927 2851 1028 2882 Τοιιιο
1045 2851 1084 2887 1.,
1102 2861 1152 2891 pp.
1170 2852 1199 2889 9,
1220 2851 1268 2882 10.
1315 2852 1370 2883 His
1391 2854 1449 2886 See
1465 2867 1526 2886 was

78 2898 170 2938 Vesti,
187 2912 219 2930 or
238 2901 347 2931 Viesti.
