1905 3254
354 279 439 319 494
980 292 1092 323 sess.
1119 291 1196 320 vn.

359 399 570 454 variaque
602 413 698 439 cum
732 413 782 439 eo
819 397 983 453 egisse3
1014 397 1128 437 inter
1158 410 1257 451 quae
1290 394 1383 435 haec
1415 394 1636 449 praecipue
1666 407 1810 433 narra-

360 472 534 513 bantur.
597 472 713 512 Nam
745 487 843 512 cum
876 471 1081 511 Summus
1103 469 1307 509 Pontifex
1333 467 1579 508 Caesaream
1603 466 1812 521 Majesta-

361 551 460 591 tem,
484 550 581 599 post
602 547 698 599 ejus
728 543 1026 598 OEnopontem
1058 541 1296 582 adventum
1319 539 1373 580 ad
1395 538 1675 594 Imperialem
1699 552 1812 578 coro-

360 631 461 656 nam
496 616 704 656 Bononiae
736 615 1068 671 suscipiendam,
1102 629 1187 669 quo
1218 613 1321 660 loco,
1355 617 1406 652 ut
1438 610 1623 650 Carolus
1643 608 1698 650 V.
1721 609 1815 664 ejus

362 688 496 728 frater
518 703 570 729 ea
590 687 822 743 insignitus
848 687 1004 733 fuerat,
1033 691 1227 726 amanter
1257 683 1498 730 invitasset,
1521 681 1637 737 quod
1665 687 1709 721 et
1728 680 1816 720 illis

362 775 414 801 ea
434 775 501 801 res
522 761 892 816 opportunitatem
908 759 1046 800 multa
1066 757 1198 798 simul
1219 756 1273 796 (le
1294 756 1427 796 rebus
1451 753 1635 794 Concilii
1657 751 1817 808 agendi

363 839 506 873 essent
539 833 755 882 allatura3
788 832 975 873 vicissim
1011 837 1156 872 autem
1189 843 1270 869 sua
1300 829 1506 882 majestas
1537 825 1705 865 dudum
1738 838 1817 879 per

361 904 512 945 literas
533 919 577 944 se
602 904 850 945 Sanctitatis
870 919 962 944 suae
978 915 1254 957 congressum
1275 900 1320 940 in
1343 898 1601 939 Tridentina
1624 896 1817 938 Civitate

363 975 642 1017 vehementer
683 983 893 1032 exoptare
933 974 1203 1021 ostendisset,
1244 987 1372 1020 nunc,
1410 971 1578 1012 collatis
1609 970 1816 1024 utrinque

362 1050 618 1098 rationibus,
642 1050 862 1105 variisque
893 1055 1047 1089 mutuo
1077 1045 1403 1102 impedimentis
1432 1044 1587 1092 allatis,
1608 1049 1816 1084 neutrum

363 1121 583 1162 commode
604 1121 715 1162 obiri
736 1136 861 1176 posse
893 1127 1164 1176 compertum
1198 1119 1296 1166 fuit,
1334 1132 1431 1158 cum
1463 1117 1596 1158 etiam
1628 1131 1713 1156 non
1745 1115 1817 1156 de-

364 1200 508 1234 essent
548 1194 710 1233 insanae
748 1194 904 1234 mentis
943 1199 987 1233 et
1029 1191 1221 1232 audaciae
1258 1190 1355 1238 viri,
1393 1190 1468 1244 qui
1510 1188 1728 1230 Caesarem
1766 1187 1821 1228 ad

363 1266 506 1306 multa
536 1267 581 1306 in
617 1266 789 1320 Synodo
823 1267 973 1320 magni
1004 1266 1047 1305 in
1083 1264 1333 1305 Christiana
1362 1262 1609 1317 Republica
1639 1261 1820 1316 periculi

364 1338 586 1386 tentanda,
609 1337 991 1392 proinovenclaque
1027 1336 1181 1377 callide
1213 1335 1504 1390 impellerent,
1538 1335 1631 1388 ipsc
1664 1337 1822 1374 natura

366 1411 546 1465 aequior,
580 1410 661 1450 ubi
693 1410 749 1450 ab
783 1410 932 1450 eodem
967 1409 1148 1449 Morono
1183 1409 1360 1463 optimae
1392 1408 1463 1448 Smi
1486 1407 1578 1448 Dni
1602 1408 1685 1447 Nri
1717 1422 1822 1462 erga

365 1482 566 1537 publicas
606 1497 673 1522 res
715 1482 967 1529 voluntatis,
1002 1481 1224 1535 totiusque
1267 1480 1449 1520 Concilii
1489 1481 1628 1520 status
1669 1480 1822 1520 certior

368 1553 496 1607 plane
518 1553 656 1592 factus
678 1552 776 1600 fuit,
801 1552 935 1599 facile,
965 1553 1063 1592 aliis
1095 1551 1435 1606 cogitationibus
1456 1551 1676 1606 depositis,
1698 1566 1819 1591 suain

369 1624 538 1664 Summi
575 1624 795 1664 Pontificis
825 1624 871 1663 in
907 1639 1051 1664 omnes
1084 1623 1409 1671 authoritatem,
1443 1624 1736 1678 Patribusque
1768 1623 1821 1665 de

368 1695 500 1735 rebus
532 1693 791 1734 Christianae
820 1694 1059 1750 Religionis
1086 1694 1361 1735 deliberandi
1391 1709 1549 1734 munus
1580 1695 1821 1749 relinquen-

368 1767 471 1808 dum
486 1767 718 1823 judicavit.
771 1767 905 1822 Legit
926 1774 971 1808 et
993 1768 1217 1822 exemplar
1237 1767 1379 1807 Bullae
1400 1766 1661 1822 Apostolicae
1683 1767 1745 1806 illi
1767 1767 1822 1808 ab

367 1839 519 1881 eodem
542 1839 725 1880 Morono
757 1840 918 1888 allatae,
949 1856 1038 1896 qua
1067 1841 1299 1882 Conclavis
1330 1841 1546 1881 Pontificii
1575 1840 1823 1881 reformatio

368 1913 685 1954 continebatur.
746 1913 880 1969 Legit
901 1919 945 1953 et
967 1913 1053 1953 alia
1074 1914 1225 1961 multa,
1248 1920 1343 1954 tum
1374 1929 1400 1954 a
1430 1915 1508 1954 Sm⁰
1531 1913 1633 1954 Dno
1666 1914 1760 1954 Nro
1780 1913 1824 1954 in

370 1985 480 2025 urbe
503 1985 749 2031 constituta,
772 1991 866 2025 tuin
895 1999 920 2024 a
949 1985 1107 2025 Pribus
1137 1985 1205 2025 hic
1236 1985 1408 2040 pridem
1438 1986 1614 2033 sancita,
1648 1985 1823 2040 aliaque

370 2063 420 2096 ut
441 2056 698 2112 propediem
730 2056 918 2097 edantur
946 2063 1211 2112 praeparata,
1246 2058 1407 2112 quibus
1439 2072 1488 2098 eo
1518 2057 1824 2098 vehementius

370 2134 420 2168 ut
440 2128 483 2168 in
504 2128 591 2169 illis
617 2129 942 2183 conquiesceret
963 2129 1239 2169 confirmatus
1260 2129 1357 2170 fuit.
1419 2129 1630 2170 Probavit
1651 2129 1697 2169 id
1718 2144 1823 2184 quo-

369 2215 455 2255 que
476 2215 610 2255 quam
630 2200 832 2248 maxime,
863 2206 914 2240 ut
943 2200 1083 2241 libera
1112 2202 1270 2256 cuique
1303 2201 1475 2242 dicendi
1506 2202 1693 2242 facultas
1728 2217 1824 2257 per-

369 2272 632 2320 mitteretur,
661 2272 922 2327 quaestiones
952 2279 1097 2313 tamen
1131 2288 1464 2328 supervacaneae
1496 2288 1673 2328 prorsus
1702 2275 1824 2315 omit-

370 2352 578 2393 terentur,
598 2361 645 2386 ac
660 2346 713 2387 de
730 2346 962 2401 postulatis
982 2346 1100 2385 illius
1122 2361 1220 2386 cuin
1245 2347 1433 2401 primum
1457 2346 1605 2388 liceret
1629 2346 1825 2402 Synodus
1873 2380 1876 2383 Α

369 2419 681 2459 consuleretur.
744 2419 893 2459 Multa
920 2425 963 2459 et
985 2419 1070 2459 alia
1089 2419 1167 2460 hoc
1189 2434 1349 2474 genere
1372 2420 1484 2460 inter
1505 2434 1578 2460 eos
1600 2426 1695 2460 acta
1715 2419 1825 2460 dice-

371 2490 545 2538 bantur,
569 2491 734 2545 quibus
758 2490 921 2535 Caesar,
946 2492 1023 2546 qui
1046 2492 1100 2532 ad
1123 2492 1342 2546 pietatem,
1361 2492 1706 2548 religionemque
1729 2507 1824 2547 pro-

371 2578 532 2617 pensus
554 2570 659 2610 erat,
692 2564 919 2605 accedente
953 2564 1124 2605 Moroni
1158 2564 1278 2619 apud
1309 2579 1410 2605 eum
1444 2566 1587 2620 gratia
1608 2571 1652 2605 et
1673 2564 1823 2605 autho-

369 2634 513 2682 ritate,
536 2649 621 2674 non
653 2635 811 2675 leviter
840 2636 988 2683 flexus,
1017 2637 1238 2690 rebusque
1259 2637 1416 2677 nostris
1437 2637 1686 2677 conciliatus
1707 2636 1822 2677 vide-

370 2705 515 2746 batur.
580 2705 765 2746 Illorum
788 2707 1091 2761 compendium
1115 2708 1252 2762 vulgo
1282 2708 1680 2757 circumferebatur,
1706 2705 1824 2762 quod

370 2775 509 2817 adhuc
531 2777 794 2818 diminutum
817 2778 1003 2819 aiebant.

1894 0 1905 21 ff
