1905 3254
356 257 438 296 204
983 273 1093 302 suss.
1120 272 1177 302 vi.

355 379 529 433 vulgari
551 392 745 418 sermone
767 377 998 425 habeatur,
1023 377 1052 417 J
1057 377 1248 417 adrensis
1279 376 1388 417 dixit
1421 377 1504 416 sibi
1527 377 1701 417 minime
1729 376 1806 416 im·

354 450 626 506 probandum
662 450 803 490 videri
834 465 997 490 morem
1030 450 1073 489 in
1106 450 1344 496 Dalmatia,
1383 458 1434 490 ut
1470 457 1568 505 post
1601 449 1809 490 Latinum

355 523 653 578 Evangelium
689 523 873 579 vulgare
912 523 1043 563 etiam
1080 522 1353 578 subjiciatur,
1378 537 1463 578 quo
1492 523 1689 563 nationes
1722 521 1810 561 illae

354 597 495 653 magis
516 597 800 637 instruantur.

413 668 576 709 Omnes
609 675 754 709 tamen
788 670 953 715 Patres,
988 683 1083 708 cum
1117 667 1338 709 Canonem
1372 683 1457 723 quo
1491 667 1630 707 Missa
1658 667 1813 723 lingua

355 743 531 798 vulgari
563 743 835 798 prohibetur,
871 741 998 782 valde
1032 741 1393 784 commendarent.
1431 741 1660 781 Imolensis
1692 740 1736 780 id
1768 755 1811 780 se

355 823 588 871 expertum
622 816 665 855 in
701 815 894 856 Dioecesi
935 829 1015 855 sua
1051 829 1147 854 cum
1181 814 1397 854 haercticis
1433 814 1691 853 affirmavit:
1735 813 1812 867 qui

355 888 469 927 bona
484 888 691 927 Ecclesiae
709 894 930 941 occupata,
954 886 1217 940 quibusdam
1237 886 1557 926 conditionibus
1580 886 1812 926 restituere

355 974 450 998 cum
475 959 803 1013 pollicerentur,
838 960 949 998 inter
982 973 1054 998 eas
1082 958 1307 1013 przeeipua
1339 957 1430 997 haec
1455 964 1561 1004 erat,
1595 964 1645 997 ut
1665 957 1815 997 liceret

354 1030 414 1070 eis
436 1030 615 1071 Missam
636 1031 811 1085 vulgari
834 1031 989 1085 lingua
1005 1030 1238 1078 celebrare,
1263 1029 1380 1084 quod
1399 1036 1544 1069 tamen
1562 1029 1622 1069 eis
1644 1043 1815 1084 semper

356 1105 594 1146 interdixit.

412 1176 481 1217 De
505 1192 555 1217 eo
578 1177 708 1216 etiam
736 1191 760 1216 a
780 1175 998 1215 nonnullis
1020 1175 1269 1216 dubitatum
1295 1176 1389 1222 fuit,
1416 1189 1468 1215 an
1490 1174 1696 1215 doctrinae-
1716 1173 1816 1214 huic

355 1250 505 1291 eadem
530 1250 786 1297 authoritas,
821 1265 866 1289 ac
891 1249 1146 1289 Canonibus
1168 1255 1280 1289 esset
1303 1247 1557 1295 deferenda,
1590 1262 1687 1287 nam
1713 1247 1816 1287 Mu-

355 1324 509 1364 tinensi
533 1323 780 1370 videbatur,
808 1337 907 1362 eum
931 1322 1008 1376 qui
1030 1336 1053 1361 a
1076 1320 1270 1361 doctrina
1291 1321 1541 1361 dissentiret
1563 1318 1815 1360 habendum

357 1409 449 1434 esse
465 1393 743 1434 temerarium
763 1400 807 1433 et
824 1392 1138 1438 scandalosum‚
1157 1407 1240 1432 non
1262 1391 1518 1432 haereticum
1542 1391 1656 1431 idem
1680 1392 1816 1438 ferre;

356 1475 400 1508 et
423 1467 632 1507 Auriensi
654 1466 870 1522 placebat,
894 1481 988 1505 cum
1017 1481 1084 1505 res
1109 1480 1298 1520 qumque
1327 1480 1428 1504 suos
1458 1463 1620 1519 gradus
1642 1463 1814 1504 habeat.

357 1540 599 1581 Theatinus
623 1546 767 1579 tamen
794 1538 1123 1578 adversabatur.
1149 1537 1265 1592 quod
1287 1538 1330 1577 in
1347 1538 1425 1578 hoc
1449 1538 1598 1578 eodem
1623 1537 1818 1577 Concilio

357 1621 532 1654 cautum
563 1614 708 1653 aiebat
740 1613 824 1652 sub
847 1612 989 1652 Paulo
1014 1612 1103 1652 III.
1129 1626 1230 1652 sess.
1256 1612 1298 1650 3ἢ
1318 1611 1572 1652 traditiones
1604 1612 1701 1667 pari
1728 1611 1818 1667 pie-

357 1693 447 1726 tate
477 1692 520 1725 et
543 1685 788 1725 reverentia
826 1699 871 1724 ac
909 1685 1044 1724 libros
1076 1685 1194 1739 ipsos
1229 1692 1318 1725 tam
1354 1684 1514 1725 veteris
1550 1698 1683 1739 quam
1715 1685 1819 1725 novi

358 1759 631 1799 Testamenti
673 1773 764 1798 esse
813 1757 1118 1813 suscipiendas
1198 1758 1308 1798 Haec
1350 1765 1494 1798 tamen
1537 1773 1561 1798 a
1601 1758 1821 1798 nonnullis

357 1839 526 1872 tantum
562 1831 704 1871 obiter
737 1832 978 1886 perstricta,
1013 1845 1038 1870 a
1074 1830 1256 1885 reliquis
1294 1831 1591 1886 praetermissa
1627 1831 1818 1871 fuerunt.

360 1904 588 1945 Auriensis
610 1903 721 1944 illud
745 1904 872 1943 etiam
892 1904 1003 1943 eirea
1026 1910 1230 1957 quartum
1255 1903 1475 1944 Canoncni
1500 1903 1819 1948 animadvertit,

358 1978 461 2018 dum
496 1978 537 2017 in
561 1993 611 2018 eo
635 1984 814 2017 cavetur
846 1977 929 2016 sub
953 1991 1089 2031 poena
1111 1976 1417 2017 Anathematis
1440 1978 1575 2017 verba
1598 1977 1686 2024 illa,
1722 1978 1819 2017 Hoc

358 2051 488 2092 facite
529 2050 571 2090 in
616 2065 768 2097 meam,
809 2050 899 2096 δια,
942 2063 1083 2096 senSU,
1118 2048 1170 2088 de
1204 2064 1291 2103 quo
1325 2049 1402 2097 ibi,
1442 2050 1691 2105 accipienda
1727 2066 1819 2091 esse

360 2124 528 2173 aicbat,
573 2123 640 2163 his
672 2122 963 2162 Conciliorum
990 2136 1151 2161 morem
1187 2136 1292 2169 csse,
1327 2136 1486 2169 rerum,
1530 2122 1617 2177 [de]
1657 2123 1820 2178 quibus

360 2196 522 2251 agitur,
561 2195 793 2235 veritatem
831 2194 1079 2250 patefacere
1115 2208 1162 2233 ac
1199 2193 1392 2241 definire,
1426 2210 1511 2235 non
1544 2203 1691 2235 autem
1728 2196 1821 2236 loco

364 2267 605 2322 Scripturae
628 2273 705 2306 aut
727 2266 909 2306 aliorum
933 2272 1190 2312 sanctorum,
1210 2266 1359 2314 verba,
1383 2266 1465 2306 sub
1489 2281 1624 2322 poena
1646 2267 1822 2308 anathe-

361 2340 504 2387 matis,
528 2340 820 2395 interpretari.

430 2412 691 2468 Vegliensis,
734 2426 843 2457 cum,
887 2415 1061 2466 sumpta
1104 2412 1292 2466 quadam
1334 2414 1567 2460 occasione,
1611 2413 1821 2455 adversus

359 2486 522 2525 librum
548 2485 920 2526 Constitutionum
939 2485 1295 2539 Apostolicarum
1322 2485 1576 2534 Clementis,
1598 2487 1676 2542 qui
1693 2486 1822 2528 hodie

364 2574 388 2599 a
409 2557 628 2598 nonnullis
660 2557 864 2603 habetur,
894 2556 1087 2604 dixisset,
1123 2571 1224 2612 quae
1258 2561 1355 2613 ejus
1389 2558 1658 2600 authoritate
1691 2560 1821 2601 valde

361 2630 588 2671 detrahere
627 2629 907 2677 videbantur,
952 2628 1183 2669 Ilerdensis
1227 2637 1459 2671 attestatus
1493 2638 1556 2672 est
1589 2646 1632 2672 se
1659 2632 1819 2673 librum

364 2703 484 2743 illum
510 2704 552 2743 in
588 2703 743 2750 Sicilia,
779 2703 989 2758 scriptum
1019 2704 1109 2758 jam
1146 2701 1301 2743 abhinc
1334 2704 1455 2744 annis
1488 2704 1822 2761 quadringentis

363 2782 438 2815 aut
461 2776 726 2831 quingentis,
752 2776 979 2830 reperisse,
1003 2791 1079 2816 nec
1103 2777 1432 2831 supposititium
1460 2792 1566 2825 esse,
1600 2785 1676 2819 aut
1699 2778 1820 2819 adul-
