1905 3254
317 288 399 327 556
944 306 1050 337 snss.
1077 308 1153 338 vu.
1170 283 1193 293 ‘

315 411 531 452 sententia
577 411 634 451 D.
675 410 917 452 Cardinalis
961 412 1263 470 Lotharingii3
1310 429 1405 455 cum
1445 420 1490 456 et
1524 415 1770 458 Cardinalis

315 483 451 524 Polus
472 498 697 540 nunquam
729 485 941 540 acceperit
962 485 1295 542 Episcopatum,
1318 488 1401 528 nisi
1435 487 1539 529 data
1563 489 1773 531 facultate

315 555 398 595 sibi
431 555 659 596 residendi.
723 556 793 597 De
815 557 1167 613 exemptionibus
1190 558 1377 600 adduxit
1405 560 1677 602 Bernardum
1694 561 1770 603 lib.

315 628 356 668 4.
391 628 447 669 ad
477 629 749 685 Eugenium,
780 630 898 685 quod
932 630 1111 672 videtur
1137 639 1417 680 monstruose,
1453 634 1593 676 veluti
1621 635 1774 691 siquis

317 701 475 757 pedem
507 703 765 757 praecideret
799 718 824 743 a
856 718 979 745 crure
1014 710 1058 745 et
1091 705 1334 760 applicaret
1366 707 1523 761 capiti3
1555 706 1600 747 id
1629 713 1774 749 tamen

316 789 482 826 verum,
506 777 541 816 si
570 777 730 832 injuste
767 784 811 817 et
843 778 1007 832 absque
1040 778 1205 819 ratione
1238 779 1358 820 fiant.
1419 778 1592 821 Vellem
1630 780 1772 829 etiam,

316 854 367 889 ut
400 865 499 890 cum
537 858 699 906 agatur
727 850 781 891 de
804 851 1044 891 seminario
1067 851 1320 892 clericorum
1345 852 1513 907 aliquid
1547 853 1678 893 etiam
1703 853 1772 894 ad-

317 921 497 963 deretur
520 922 574 963 de
596 923 805 964 electione
825 922 1151 972 Cardinalium3
1183 939 1266 964 non
1290 925 1391 979 quia
1414 925 1546 965 velim
1569 926 1774 982 restringi

318 994 630 1037 authoritatem
669 995 898 1036 sanctitati
925 996 1065 1050 [suae],
1087 1011 1187 1036 nam
1220 1011 1298 1037 nec
1330 1003 1489 1052 potest,
1512 1013 1601 1045 nec,
1625 998 1660 1038 si
1680 1013 1774 1054 pos·

318 1082 420 1116 scm,
458 1068 639 1109 vellem:
685 1067 761 1109 scd
795 1074 942 1109 tamen
978 1069 1119 1124 cupio,
1156 1075 1207 1109 ut
1243 1070 1580 1124 praescribantur
1611 1071 1773 1127 aliqua,

317 1141 480 1197 quibus
501 1141 719 1198 dirigatur
752 1156 872 1183 mens
909 1141 1164 1182 Sanctitatis
1192 1157 1297 1190 suae,
1328 1149 1379 1183 ut
1414 1143 1456 1183 in
1478 1159 1541 1192 ea,
1565 1151 1773 1200 tanquam

315 1214 358 1254 in
387 1214 614 1270 speculum
638 1214 857 1270 quoddam
879 1215 1065 1266 intuens,
1088 1215 1259 1256 facilius
1282 1222 1326 1257 et
1354 1217 1514 1258 rectius
1534 1224 1679 1273 posset
1704 1233 1774 1260 eos

317 1287 496 1343 eligere,
520 1288 596 1343 qui
618 1294 739 1329 tanto
761 1289 929 1329 muneri
950 1304 1075 1344 pares
1097 1289 1182 1330 sint
1200 1289 1350 1330 futuri.

374 1361 714 1402 Feltrensis-in
748 1362 793 1401 4⁰
826 1361 1025 1416 approbo
1057 1361 1292 1409 Titulares,
1326 1369 1538 1418 tanquam
1567 1364 1774 1419 probatos

319 1434 374 1474 ab
396 1434 608 1482 Ecclesia,
639 1433 754 1475 unde
792 1433 1033 1489 expediret,
1070 1434 1163 1475 tolli
1192 1434 1308 1476 hunc
1337 1435 1573 1485 Canonem,
1598 1452 1651 1478 ne
1685 1453 1775 1493 qua

316 1513 420 1548 nota
440 1508 501 1548 eis
523 1508 735 1555 inuratur,
759 1514 893 1563 prout
915 1508 1048 1548 verba
1069 1508 1272 1562 prooemii
1292 1509 1493 1550 innuunt.
1546 1509 1615 1550 De
1635 1511 1774 1551 Semi-

318 1580 440 1620 nario
474 1579 675 1627 addatur,
698 1586 748 1620 ut
770 1580 855 1619 sint
887 1579 978 1619 nati
1011 1578 1066 1619 de
1103 1579 1302 1634 legitimo
1335 1582 1623 1622 matrimonio.

374 1651 939 1706 Neocastrensis—Aliqua
974 1650 1089 1691 dicta
1128 1658 1227 1692 sunt
1278 1667 1304 1692 a
1353 1653 1562 1694 Patribus
1613 1669 1773 1712 magna

317 1725 496 1780 pietate,
535 1740 636 1780 quae
667 1731 863 1780 spectant
897 1723 953 1764 ad
984 1723 1245 1780 deputatos,
1289 1726 1436 1783 aliqua
1471 1727 1528 1768 ad
1563 1727 1772 1772 CanoneS.

318 1798 491 1839 Retulit
506 1798 646 1854 primo
668 1797 877 1838 nonnulla
897 1797 1069 1853 objecta
1090 1804 1239 1838 contra
1259 1798 1507 1854 deputatos.
1531 1801 1647 1842 Tum
1666 1803 1776 1844 circa

320 1871 533 1919 canones,
550 1887 597 1912 ac
611 1871 664 1912 de
681 1870 898 1917 methodo,
917 1878 1135 1912 servatam
1158 1871 1291 1913 fuisse
1308 1875 1518 1929 optimam
1536 1876 1746 1917 rationem
1762 1893 1772 1926 3

318 1946 442 2000 prius
465 1945 581 1986 enim
603 1944 657 1985 de
685 1945 998 2000 Episcoporum
1022 1945 1309 1994 institutione,
1333 1948 1410 2003 qui
1431 1955 1533 1989 sunt
1565 1956 1773 2005 tanquam

318 2017 475 2058 Patres
496 2017 770 2073 spirituales:
794 2017 894 2058 inde
922 2017 977 2058 de
995 2018 1213 2058 creatione
1235 2018 1439 2067 filiorum,
1463 2027 1506 2061 et
1527 2020 1580 2061 de
1601 2021 1655 2061 iis
1676 2035 1773 2076 quae

319 2105 413 2131 eam
433 2090 700 2146 praecedunt,
716 2090 854 2131 veluti
875 2090 928 2131 de
952 2091 1150 2132 examine
1173 2106 1334 2132 eorum.
1377 2092 1447 2132 De
1470 2093 1610 2147 primo
1628 2093 1773 2138 vellet,

321 2170 368 2205 ut
416 2164 658 2219 propositio
692 2164 1017 2220 Episcoporum
1050 2165 1330 2206 mandaretur
1370 2165 1412 2205 in
1451 2165 1588 2206 Curia
1633 2166 1774 2206 tribus

321 2236 645 2283 Cardinalibus,
662 2236 898 2293 Episcopo,
918 2238 1194 2292 Presbytero,
1218 2245 1260 2278 et
1281 2238 1488 2285 Diacono,
1512 2244 1556 2278 et
1591 2238 1770 2279 Subdia-

319 2324 436 2356 cono,
460 2309 745 2349 scriberenter
767 2309 822 2349 ab
845 2310 908 2357 iis,
933 2316 977 2350 et
998 2310 1042 2350 in
1067 2309 1333 2350 Consistorio
1350 2311 1493 2351 omnia
1514 2311 1770 2353 referentur.

322 2380 619 2429 Considerate,
649 2381 814 2431 Patres,
848 2396 920 2422 eos
947 2381 1206 2437 Episcopo&
1239 2384 1315 2438 qui
1344 2384 1477 2424 creati
1505 2391 1606 2425 sunt
1638 2399 1662 2425 a
1689 2385 1772 2424 Β1110

321 2455 400 2495 Pio
424 2453 502 2495 IV.
527 2469 634 2510 quos
656 2454 787 2495 etiam
811 2454 1000 2496 dicentes
1022 2455 1258 2496 sententias
1282 2456 1513 2497 audivistis
1527 2473 1537 2507 3
1571 2456 1773 2498 videbitis

320 2542 468 2568 omnes
516 2542 607 2568 esse
641 2527 854 2568 Doctores
887 2535 966 2569 aut
1008 2528 1267 2584 Theologos,
1320 2537 1399 2570 aut
1430 2530 1582 2570 saltem
1617 2543 1773 2586 magna

321 2600 565 2640 eruditione
587 2606 631 2640 et
652 2600 819 2656 pietate
841 2600 1065 2655 praeditos.
1128 2601 1258 2643 Unde
1280 2601 1407 2641 facile
1429 2603 1594 2657 sperari
1614 2608 1769 2658 potest,

322 2688 469 2713 omnes
509 2671 690 2728 posthac
724 2673 833 2714 tales
873 2675 1044 2715 futuros
1079 2690 1174 2715 cum
1217 2674 1510 2729 qualitatibus
1554 2674 1771 2729 requisitis

321 2748 363 2787 in
391 2746 582 2794 Canone,
607 2747 640 2786 si
671 2745 764 2797 haec
796 2746 1027 2802 diligentia
1059 2755 1258 2789 servetur
1290 2748 1334 2788 in
1364 2748 1437 2788 illa
1459 2747 1669 2794 clausula,
1691 2746 1770 2787 nisi

322 2834 468 2860 recens
502 2819 544 2859 in
582 2819 719 2860 Curia
751 2820 844 2868 Sec,
883 2828 946 2862 est
980 2820 1215 2862 secundum
1255 2827 1362 2862 text.
1393 2822 1437 2861 in
1467 2837 1499 2862 c.
1528 2821 1673 2862 nullus
1706 2834 1768 2860 or-
