1905 3254
371 282 456 322 492
998 299 1108 329 snss.
1135 299 1210 329 ΥΠ.

431 404 665 444 Neminem
699 404 940 445 Ordinibus
972 405 1246 451 initiandum,
1270 405 1352 446 nisi
1375 420 1399 446 a
1419 421 1497 446 suo
1524 406 1747 461 Episcopo
1769 406 1823 448 sit

375 476 660 532 approbatus.

432 548 484 588 In
508 548 825 588 Beneficiorum
848 547 1076 589 collatione
1098 548 1501 591 Ecclesiasticorum
1524 551 1673 605 potius
1695 564 1823 604 quam

373 621 671 663 ministrorum
713 621 934 663 commodo
982 621 1261 663 serviendum
1280 639 1290 672 ;
1334 623 1475 664 literae
1515 630 1664 664 autem
1705 628 1827 663 erant

374 694 494 735 tales

506 800 677 847 Literae
705 800 881 847 Fratris
907 801 1036 847 Petri
1063 800 1178 847 Soto
1204 801 1263 846 ad
1291 800 1406 847 Smum
1435 800 1576 846 Pium
1602 802 1693 845 4m.¹

441 906 556 947 Cum
593 922 696 947 vero
730 922 882 948 rursus
914 906 1038 961 [dies]
1073 907 1284 947 Sessionis
1316 907 1574 954 immineret,
1604 901 1832 960 superiori-

376 979 547 1034 busque
589 979 773 1019 Patrum
820 978 1152 1019 difficultatibus
1170 964 1177 970 .
1192 979 1339 1019 obitus
1380 979 1510 1019 etiam
1559 978 1830 1033 Legatorum

375 1051 562 1092 duorum
586 1052 844 1098 accessisset,
875 1051 999 1091 facile
1033 1065 1181 1091 omnes
1214 1050 1500 1106 Lotharingio
1520 1052 1612 1106 jam
1634 1050 1830 1091 Venetiis

376 1139 550 1166 reverso
584 1139 709 1164 novae
743 1124 1038 1180 prorogationi
1077 1138 1298 1164 assensum
1341 1123 1652 1165 adhibuerunt.
1714 1125 1829 1164 Nam

378 1197 461 1238 etsi
483 1197 821 1238 Panormitanus
845 1197 982 1237 verba
1011 1197 1151 1237 Jacob
1172 1196 1405 1244 referebat,
1427 1196 1568 1237 decies
1589 1197 1832 1238 immutasti

379 1273 622 1314 mercedem
643 1287 799 1320 meam,
818 1287 871 1312 en
889 1272 991 1312 facti
1008 1286 1161 1311 sumus
1182 1272 1469 1326 opprobrium
1491 1271 1642 1311 vicinis
1663 1272 1831 1320 nostris,

380 1352 424 1387 et
454 1345 603 1385 illusio
633 1344 713 1392 his,
737 1344 813 1399 qui
845 1343 1034 1384 oderunt
1054 1358 1142 1390 nos,
1166 1343 1258 1391 Βία,
1281 1343 1398 1398 quod
1430 1350 1573 1384 tamen
1597 1343 1716 1384 aliud
1737 1358 1832 1384 con-

377 1419 503 1459 silum
526 1418 736 1473 temporis
757 1417 970 1472 angustiis
987 1417 1277 1472 praesentibus
1293 1417 1455 1472 suscipi
1472 1418 1674 1473 poterat?
1706 1418 1834 1458 Unus

380 1491 693 1532 Urbevetanus
710 1490 896 1535 dicebat,
914 1489 1202 1529 necessarium
1223 1504 1308 1529 non
1329 1504 1420 1530 esse
1442 1489 1554 1530 diem
1574 1489 1706 1531 ullam
1724 1505 1833 1544 prae-

378 1563 513 1610 finire,
548 1578 646 1604 eum
682 1563 725 1603 in
763 1562 969 1602 Coneiliis
1000 1561 1140 1615 prima
1173 1561 1388 1617 generalis
1421 1562 1600 1602 monitio
1636 1561 1833 1608 sufficiat,

379 1633 462 1672 nisi
484 1633 560 1673 ubi
597 1633 651 1673 de
683 1639 800 1674 certa
826 1647 1011 1688 persona
1031 1632 1354 1673 condemnanda
1377 1639 1596 1688 ageretur,
1620 1633 1704 1688 glo.
1729 1633 1777 1673 C.
1800 1633 1835 1673 si

383 1706 613 1761 episeopus
659 1706 722 1746 18.
761 1705 860 1746 dist.
903 1705 1022 1745 Abb.
1061 1720 1093 1745 c.
1126 1705 1229 1760 Ego
1268 1705 1325 1746 N.
1361 1704 1414 1745 de
1447 1705 1646 1760 Jurejur.
1681 1705 1759 1746 col.
1797 1705 1833 1745 3.

382 1778 576 1834 Ideoque
596 1778 642 1818 in
664 1778 859 1819 Concilio
877 1777 1202 1819 Constantiensi
1221 1778 1441 1833 qua1nvis²
1466 1778 1576 1818 Sess.
1593 1778 1650 1817 45
1671 1776 1834 1818 habitae

379 1851 571 1899 fuerunt,
594 1867 820 1908 nunquam
848 1851 963 1892 diem
992 1851 1077 1891 illis
1097 1851 1229 1891 fuisse
1254 1848 1547 1907 praestitutum
1567 1868 1574 1891 :
1610 1857 1677 1892 sat
1699 1851 1837 1907 igitur

382 1924 625 1979 essenbrevi
651 1931 822 1966 tantum
851 1924 991 1980 spatio
1014 1931 1251 1980 antequam
1278 1924 1454 1966 decreta
1484 1925 1835 1980 promulgentur,

383 2011 529 2038 omnes
551 1998 814 2053 generaliter
834 1997 972 2038 affixis
989 1997 1131 2037 valvis
1148 1997 1358 2037 Ecclesiae
1375 1997 1526 2038 edictis
1542 1997 1837 2052 peremptorio

384 2069 567 2110 termino
589 2070 735 2110 citare.
790 2069 967 2124 Reliqui
989 2076 1136 2110 tamen
1159 2069 1313 2110 Patres
1334 2085 1425 2111 rem
1448 2085 1616 2110 omnem
1638 2070 1681 2109 in
1705 2069 1837 2109 alium

383 2156 573 2182 mensem
614 2142 978 2199 suspendendam,
1015 2149 1206 2197 tuncque
1240 2142 1294 2183 de
1330 2142 1400 2183 die
1435 2142 1643 2183 Sessionis
1679 2141 1838 2183 certius

382 2214 613 2255 statuenda
634 2214 966 2255 deliberandum
988 2214 1319 2269 responderunt.

440 2288 547 2328 Post
567 2287 661 2327 haec
683 2302 782 2328 eum
805 2287 978 2327 Moroni
1006 2286 1171 2327 reditus
1193 2286 1327 2342 paulo
1349 2286 1514 2326 tardior
1535 2286 1712 2327 futurus
1732 2300 1837 2326 nun-

384 2361 582 2407 tiaretur,
606 2359 724 2415 quod
746 2374 846 2402 eum
870 2360 1078 2415 podagrae
1109 2360 1301 2407 morbus,
1332 2357 1613 2414 nondumque
1635 2358 1841 2414 expedita

383 2448 482 2474 eum
506 2431 681 2473 Caesare
713 2432 893 2488 negotia
924 2431 1182 2480 detinerent,
1216 2435 1399 2487 jamque
1432 2432 1584 2472 Patres
1615 2429 1839 2472 constituti

384 2504 574 2544 Decreta
596 2502 649 2544 de
672 2503 884 2544 abusibus
908 2503 1124 2544 Ordinum
1148 2503 1396 2551 edidissent,
1427 2518 1511 2545 non
1540 2518 1631 2544 esse
1653 2502 1839 2558 amplius

385 2575 687 2623 cunctandum,
712 2576 816 2631 quin
838 2575 891 2616 de
913 2576 1001 2616 illis
1027 2576 1071 2616 in
1094 2582 1305 2617 conventu
1335 2583 1554 2631 ageretur,
1578 2590 1725 2616 omnes
1748 2590 1838 2616 cen—

385 2654 588 2696 suerunt3
622 2649 746 2703 cujus
778 2648 842 2688 rei
870 2663 1150 2703 progressum
1182 2663 1257 2689 nos
1286 2648 1399 2689 infra
1429 2648 1578 2689 ordine
1608 2662 1837 2703 proseque-

472 2736 478 2753 )
505 2735 561 2766 See
578 2735 627 2765 the
643 2735 731 2765 letter
746 2735 777 2765 in
798 2736 911 2775 Rayn„
933 2737 1022 2775 1563,
1037 2735 1119 2766 lxxi.
1259 2734 1272 2752 ²
1295 2738 1324 2766 It
1343 2737 1367 2766 is
1383 2747 1401 2766 a
1417 2736 1514 2776 single
1528 2736 1617 2768 letter
1632 2736 1696 2766 like
1710 2744 1754 2777 qs.

1892 891 1900 1495 -v-m—c—-ae--o-—sm2
1892 695 1899 885 qae--s—‚m—
1892 634 1896 688 -,..
1890 531 1896 626 ..u-..s
1893 499 1896 518 ,A
1891 464 1896 492 »-
1888 0 1905 452 Δ--ω.--Α.,--,.ω.σ-ν,-σ,σΔ-ι.

1892 2954 1898 2975 „a
1892 2905 1898 2948 ..an
1892 2764 1898 2893 ,ηιμ-..ν
1892 2741 1897 2757 ..
1892 2705 1897 2733 ,-
1893 2682 1897 2698 ‚-
1892 2622 1899 2676 ..η-υ
1894 2590 1898 2604 ⁴.
1892 2230 1899 2576 wa-q-Jv‘m-fl—...n-
1892 1994 1899 2222 <me-,⁴²
1893 1947 1898 1990 -Λ,
1892 1798 1899 1942 --ma-m..
1894 1759 1898 1794 .....
1893 1647 1899 1755 -.„...„-
1894 1628 1898 1641 υ
