<?xml version="1.0" encoding="UTF-8"?>
<!DOCTYPE html PUBLIC "-//W3C//DTD XHTML 1.0 Transitional//EN"
    "http://www.w3.org/TR/xhtml1/DTD/xhtml1-transitional.dtd">
<html xmlns="http://www.w3.org/1999/xhtml" xml:lang="en" lang="en">
 <head>
  <title>
</title>
<meta http-equiv="Content-Type" content="text/html;charset=utf-8" />
  <meta name='ocr-system' content='tesseract 3.04.00' />
  <meta name='ocr-capabilities' content='ocr_page ocr_carea ocr_par ocr_line ocrx_word'/>
</head>
<body>
  <div class='ocr_page' id='page_1' title='image "actaconciliitrid00paleuoft_0497.png"; bbox 0 0 1905 3254; ppageno 0'>
   <div class='ocr_carea' id='block_1_1' title="bbox 670 300 1517 346">
    <p class='ocr_par' dir='ltr' id='par_1_1' title="bbox 670 300 1517 346">
     <span class='ocr_line' id='line_1_1' title="bbox 670 300 1517 346; baseline -0.009 0"><span class='ocrx_word' id='word_1_1' title='bbox 670 315 785 346; x_wconf 80' lang='lat' dir='ltr'>SESS.</span> <span class='ocrx_word' id='word_1_2' title='bbox 811 316 891 346; x_wconf 84' lang='lat' dir='ltr'>vn.</span> <span class='ocrx_word' id='word_1_3' title='bbox 1433 300 1517 339; x_wconf 85' lang='lat'>353</span> 
     </span>
    </p>
   </div>
   <div class='ocr_carea' id='block_1_2' title="bbox 53 417 1526 2857">
    <p class='ocr_par' dir='ltr' id='par_1_2' title="bbox 53 417 1521 1784">
     <span class='ocr_line' id='line_1_2' title="bbox 53 417 1512 468; baseline 0.001 -7"><span class='ocrx_word' id='word_1_4' title='bbox 53 417 153 468; x_wconf 88' lang='lat' dir='ltr'>Dei,</span> <span class='ocrx_word' id='word_1_5' title='bbox 185 434 218 460; x_wconf 89' lang='lat' dir='ltr'>c.</span> <span class='ocrx_word' id='word_1_6' title='bbox 250 420 364 462; x_wconf 91' lang='lat' dir='ltr'>inter</span> <span class='ocrx_word' id='word_1_7' title='bbox 393 420 486 462; x_wconf 85' lang='lat' dir='ltr'>haec</span> <span class='ocrx_word' id='word_1_8' title='bbox 517 421 571 462; x_wconf 91' lang='lat' dir='ltr'>de</span> <span class='ocrx_word' id='word_1_9' title='bbox 602 436 785 463; x_wconf 90' lang='lat' dir='ltr'>consecr.</span> <span class='ocrx_word' id='word_1_10' title='bbox 819 421 916 463; x_wconf 87' lang='lat' dir='ltr'>dist.</span> <span class='ocrx_word' id='word_1_11' title='bbox 941 423 988 463; x_wconf 92' lang='lat' dir='ltr'>l:</span> <span class='ocrx_word' id='word_1_12' title='bbox 1027 437 1164 463; x_wconf 91' lang='lat' dir='ltr'>unum</span> <span class='ocrx_word' id='word_1_13' title='bbox 1197 428 1345 463; x_wconf 85' lang='lat' dir='ltr'>autem</span> <span class='ocrx_word' id='word_1_14' title='bbox 1378 421 1512 462; x_wconf 86' lang='lat' dir='ltr'>fuisse</span> 
     </span>
     <span class='ocr_line' id='line_1_3' title="bbox 53 493 1513 551; baseline 0.001 -18"><span class='ocrx_word' id='word_1_15' title='bbox 53 498 225 534; x_wconf 79' lang='lat' dir='ltr'>tantum</span> <span class='ocrx_word' id='word_1_16' title='bbox 262 507 287 534; x_wconf 82' lang='lat' dir='ltr'>a</span> <span class='ocrx_word' id='word_1_17' title='bbox 323 493 500 535; x_wconf 88' lang='lat' dir='ltr'>Christo</span> <span class='ocrx_word' id='word_1_18' title='bbox 530 501 725 535; x_wconf 82' lang='lat' dir='ltr'>creatum</span> <span class='ocrx_word' id='word_1_19' title='bbox 762 496 1049 551; x_wconf 82' lang='lat' dir='ltr'>Episcopum,</span> <span class='ocrx_word' id='word_1_20' title='bbox 1084 496 1283 544; x_wconf 87' lang='lat' dir='ltr'>Petrum,</span> <span class='ocrx_word' id='word_1_21' title='bbox 1317 501 1369 536; x_wconf 86' lang='lat' dir='ltr'>ut</span> <span class='ocrx_word' id='word_1_22' title='bbox 1399 500 1513 536; x_wconf 88' lang='lat' dir='ltr'>esset</span> 
     </span>
     <span class='ocr_line' id='line_1_4' title="bbox 55 565 1516 616; baseline -0.001 -10"><span class='ocrx_word' id='word_1_23' title='bbox 55 579 190 606; x_wconf 91' lang='lat' dir='ltr'>unum</span> <span class='ocrx_word' id='word_1_24' title='bbox 212 565 322 606; x_wconf 92' lang='lat' dir='ltr'>ovile</span> <span class='ocrx_word' id='word_1_25' title='bbox 344 572 388 606; x_wconf 91' lang='lat' dir='ltr'>et</span> <span class='ocrx_word' id='word_1_26' title='bbox 410 581 526 606; x_wconf 90' lang='lat' dir='ltr'>unus</span> <span class='ocrx_word' id='word_1_27' title='bbox 546 566 729 616; x_wconf 79' lang='lat' dir='ltr'>Pastor3</span> <span class='ocrx_word' id='word_1_28' title='bbox 763 581 861 607; x_wconf 89' lang='lat' dir='ltr'>cum</span> <span class='ocrx_word' id='word_1_29' title='bbox 884 573 988 607; x_wconf 89' lang='lat' dir='ltr'>tunc</span> <span class='ocrx_word' id='word_1_30' title='bbox 1010 566 1225 607; x_wconf 79' lang='lat' dir='ltr'>distinctae</span> <span class='ocrx_word' id='word_1_31' title='bbox 1256 580 1342 606; x_wconf 93' lang='lat' dir='ltr'>non</span> <span class='ocrx_word' id='word_1_32' title='bbox 1373 571 1516 606; x_wconf 86' lang='lat' dir='ltr'>essent</span> 
     </span>
     <span class='ocr_line' id='line_1_5' title="bbox 55 637 1517 694; baseline -0.001 -15"><span class='ocrx_word' id='word_1_33' title='bbox 55 637 297 679; x_wconf 86' lang='lat' dir='ltr'>Provinciae</span> <span class='ocrx_word' id='word_1_34' title='bbox 320 653 352 678; x_wconf 90' lang='lat' dir='ltr'>c.</span> <span class='ocrx_word' id='word_1_35' title='bbox 376 639 489 679; x_wconf 88' lang='lat' dir='ltr'>sicut</span> <span class='ocrx_word' id='word_1_36' title='bbox 503 638 596 687; x_wconf 89' lang='lat' dir='ltr'><strong>Vir,</strong></span> <span class='ocrx_word' id='word_1_37' title='bbox 620 646 664 680; x_wconf 89' lang='lat' dir='ltr'>ct</span> <span class='ocrx_word' id='word_1_38' title='bbox 686 654 719 680; x_wconf 91' lang='lat' dir='ltr'>c.</span> <span class='ocrx_word' id='word_1_39' title='bbox 744 639 855 680; x_wconf 90' lang='lat' dir='ltr'>sicut</span> <span class='ocrx_word' id='word_1_40' title='bbox 878 638 915 680; x_wconf 89' lang='lat'>7.</span> <span class='ocrx_word' id='word_1_41' title='bbox 944 640 977 679; x_wconf 92' lang='lat' dir='ltr'>l.</span> <span class='ocrx_word' id='word_1_42' title='bbox 1001 645 1046 679; x_wconf 89' lang='lat' dir='ltr'>et</span> <span class='ocrx_word' id='word_1_43' title='bbox 1066 654 1099 679; x_wconf 92' lang='lat' dir='ltr'>c.</span> <span class='ocrx_word' id='word_1_44' title='bbox 1124 639 1237 680; x_wconf 89' lang='lat' dir='ltr'>inter</span> <span class='ocrx_word' id='word_1_45' title='bbox 1259 638 1517 694; x_wconf 86' lang='lat' dir='ltr'>Corporalia</span> 
     </span>
     <span class='ocr_line' id='line_1_6' title="bbox 54 708 1515 766; baseline -0.001 -16"><span class='ocrx_word' id='word_1_46' title='bbox 54 708 107 750; x_wconf 90' lang='lat' dir='ltr'>de</span> <span class='ocrx_word' id='word_1_47' title='bbox 137 710 331 751; x_wconf 86' lang='lat' dir='ltr'><strong>translat.</strong></span> <span class='ocrx_word' id='word_1_48' title='bbox 364 711 513 766; x_wconf 90' lang='lat' dir='ltr'>Episc.</span> <span class='ocrx_word' id='word_1_49' title='bbox 537 711 580 751; x_wconf 91' lang='lat' dir='ltr'>in</span> <span class='ocrx_word' id='word_1_50' title='bbox 603 727 635 752; x_wconf 88' lang='lat' dir='ltr'>c.</span> <span class='ocrx_word' id='word_1_51' title='bbox 661 717 931 751; x_wconf 86' lang='lat' dir='ltr'>sacrosancta</span> <span class='ocrx_word' id='word_1_52' title='bbox 953 711 1021 751; x_wconf 83' lang='grc'>22.</span> <span class='ocrx_word' id='word_1_53' title='bbox 1045 710 1144 751; x_wconf 88' lang='lat' dir='ltr'>dist.</span> <span class='ocrx_word' id='word_1_54' title='bbox 1169 716 1212 750; x_wconf 88' lang='lat' dir='ltr'>et</span> <span class='ocrx_word' id='word_1_55' title='bbox 1234 726 1264 751; x_wconf 92' lang='lat' dir='ltr'>c.</span> <span class='ocrx_word' id='word_1_56' title='bbox 1287 710 1423 751; x_wconf 90' lang='lat' dir='ltr'>ordin.</span> <span class='ocrx_word' id='word_1_57' title='bbox 1449 710 1515 751; x_wconf 86' lang='lat'>75.</span> 
     </span>
     <span class='ocr_line' id='line_1_7' title="bbox 53 781 1518 838; baseline -0.001 -14"><span class='ocrx_word' id='word_1_58' title='bbox 53 781 152 824; x_wconf 87' lang='lat' dir='ltr'>dist.</span> <span class='ocrx_word' id='word_1_59' title='bbox 176 789 231 824; x_wconf 90' lang='lat' dir='ltr'>et.</span> <span class='ocrx_word' id='word_1_60' title='bbox 255 798 290 824; x_wconf 90' lang='grc'>0.</span> <span class='ocrx_word' id='word_1_61' title='bbox 315 798 444 838; x_wconf 90' lang='lat' dir='ltr'>porro</span> <span class='ocrx_word' id='word_1_62' title='bbox 465 783 533 823; x_wconf 83' lang='lat'>66.</span> <span class='ocrx_word' id='word_1_63' title='bbox 559 783 683 824; x_wconf 85' lang='lat' dir='ltr'>dist.:</span> <span class='ocrx_word' id='word_1_64' title='bbox 707 783 763 824; x_wconf 92' lang='lat' dir='ltr'>ab</span> <span class='ocrx_word' id='word_1_65' title='bbox 784 797 834 823; x_wconf 93' lang='lat' dir='ltr'>eo</span> <span class='ocrx_word' id='word_1_66' title='bbox 857 782 1014 823; x_wconf 88' lang='lat' dir='ltr'>deinde</span> <span class='ocrx_word' id='word_1_67' title='bbox 1047 786 1235 838; x_wconf 88' lang='lat' dir='ltr'>ejusque</span> <span class='ocrx_word' id='word_1_68' title='bbox 1267 783 1518 824; x_wconf 88' lang='lat' dir='ltr'>successori-</span> 
     </span>
     <span class='ocr_line' id='line_1_8' title="bbox 54 854 1516 912; baseline 0.001 -18"><span class='ocrx_word' id='word_1_69' title='bbox 54 854 137 894; x_wconf 92' lang='lat' dir='ltr'>bus</span> <span class='ocrx_word' id='word_1_70' title='bbox 169 854 277 895; x_wconf 90' lang='lat' dir='ltr'>alios</span> <span class='ocrx_word' id='word_1_71' title='bbox 308 855 434 912; x_wconf 87' lang='lat' dir='ltr'>Epos</span> <span class='ocrx_word' id='word_1_72' title='bbox 466 854 741 903; x_wconf 86' lang='lat' dir='ltr'>descendere,</span> <span class='ocrx_word' id='word_1_73' title='bbox 776 861 820 895; x_wconf 89' lang='lat' dir='ltr'>et</span> <span class='ocrx_word' id='word_1_74' title='bbox 849 854 960 895; x_wconf 90' lang='lat' dir='ltr'>sicut</span> <span class='ocrx_word' id='word_1_75' title='bbox 990 855 1033 895; x_wconf 93' lang='lat' dir='ltr'>in</span> <span class='ocrx_word' id='word_1_76' title='bbox 1055 854 1279 895; x_wconf 86' lang='lat' dir='ltr'>formando</span> <span class='ocrx_word' id='word_1_77' title='bbox 1299 854 1516 895; x_wconf 88' lang='lat' dir='ltr'>hominem</span> 
     </span>
     <span class='ocr_line' id='line_1_9' title="bbox 54 927 1517 983; baseline -0.001 -15"><span class='ocrx_word' id='word_1_78' title='bbox 54 934 313 968; x_wconf 89' lang='lat' dir='ltr'>concurrunt</span> <span class='ocrx_word' id='word_1_79' title='bbox 348 928 494 968; x_wconf 86' lang='lat' dir='ltr'>anima</span> <span class='ocrx_word' id='word_1_80' title='bbox 525 934 569 969; x_wconf 90' lang='lat' dir='ltr'>et</span> <span class='ocrx_word' id='word_1_81' title='bbox 597 942 768 982; x_wconf 84' lang='lat' dir='ltr'>corpus,</span> <span class='ocrx_word' id='word_1_82' title='bbox 795 928 853 968; x_wconf 89' lang='lat' dir='ltr'>sic</span> <span class='ocrx_word' id='word_1_83' title='bbox 878 928 922 967; x_wconf 91' lang='lat' dir='ltr'>in</span> <span class='ocrx_word' id='word_1_84' title='bbox 945 927 1171 968; x_wconf 85' lang='lat' dir='ltr'>formando</span> <span class='ocrx_word' id='word_1_85' title='bbox 1190 927 1408 969; x_wconf 89' lang='lat' dir='ltr'>hominem</span> <span class='ocrx_word' id='word_1_86' title='bbox 1431 927 1517 983; x_wconf 91' lang='lat' dir='ltr'>spi-</span> 
     </span>
     <span class='ocr_line' id='line_1_10' title="bbox 53 999 1518 1055; baseline 0.001 -16"><span class='ocrx_word' id='word_1_87' title='bbox 53 999 258 1040; x_wconf 89' lang='lat' dir='ltr'>ritualem</span> <span class='ocrx_word' id='word_1_88' title='bbox 276 1015 526 1041; x_wconf 89' lang='lat' dir='ltr'>concurrere</span> <span class='ocrx_word' id='word_1_89' title='bbox 543 1006 805 1055; x_wconf 88' lang='lat' dir='ltr'>potestatem</span> <span class='ocrx_word' id='word_1_90' title='bbox 821 999 1026 1047; x_wconf 85' lang='lat' dir='ltr'>divinam,</span> <span class='ocrx_word' id='word_1_91' title='bbox 1045 1015 1143 1055; x_wconf 87' lang='lat' dir='ltr'>quae</span> <span class='ocrx_word' id='word_1_92' title='bbox 1162 999 1323 1041; x_wconf 89' lang='lat' dir='ltr'>dicitur</span> <span class='ocrx_word' id='word_1_93' title='bbox 1343 1000 1518 1040; x_wconf 52' lang='lat' dir='ltr'>ordinis,</span> 
     </span>
     <span class='ocr_line' id='line_1_11' title="bbox 55 1073 1520 1130; baseline 0.001 -16"><span class='ocrx_word' id='word_1_94' title='bbox 55 1079 100 1114; x_wconf 88' lang='lat' dir='ltr'>et</span> <span class='ocrx_word' id='word_1_95' title='bbox 132 1073 278 1121; x_wconf 83' lang='lat' dir='ltr'>aliam,</span> <span class='ocrx_word' id='word_1_96' title='bbox 321 1089 421 1129; x_wconf 86' lang='lat' dir='ltr'>quae</span> <span class='ocrx_word' id='word_1_97' title='bbox 458 1073 631 1122; x_wconf 85' lang='lat' dir='ltr'>dicitur,</span> <span class='ocrx_word' id='word_1_98' title='bbox 674 1073 1015 1122; x_wconf 84' lang='lat' dir='ltr'>Jurisdictionis,</span> <span class='ocrx_word' id='word_1_99' title='bbox 1049 1089 1148 1129; x_wconf 83' lang='lat' dir='ltr'>quae</span> <span class='ocrx_word' id='word_1_100' title='bbox 1180 1090 1265 1115; x_wconf 89' lang='lat' dir='ltr'>non</span> <span class='ocrx_word' id='word_1_101' title='bbox 1297 1074 1462 1130; x_wconf 80' lang='lat' dir='ltr'><strong>pendet</strong></span> <span class='ocrx_word' id='word_1_102' title='bbox 1495 1089 1520 1115; x_wconf 88' lang='lat' dir='ltr'>a</span> 
     </span>
     <span class='ocr_line' id='line_1_12' title="bbox 56 1136 1518 1201; baseline 0.002 -17"><span class='ocrx_word' id='word_1_103' title='bbox 56 1143 223 1193; x_wconf 85' lang='lat' dir='ltr'>Priore,</span> <span class='ocrx_word' id='word_1_104' title='bbox 250 1145 312 1185; x_wconf 87' lang='lat'>15.</span> <span class='ocrx_word' id='word_1_105' title='bbox 337 1160 435 1185; x_wconf 91' lang='lat' dir='ltr'>cum</span> <span class='ocrx_word' id='word_1_106' title='bbox 458 1145 512 1186; x_wconf 89' lang='lat' dir='ltr'>de</span> <span class='ocrx_word' id='word_1_107' title='bbox 530 1146 654 1186; x_wconf 81' lang='lat' dir='ltr'><strong>elect.</strong></span> <span class='ocrx_word' id='word_1_108' title='bbox 680 1145 736 1186; x_wconf 81' lang='lat' dir='ltr'>vi.</span> <span class='ocrx_word' id='word_1_109' title='bbox 756 1161 789 1186; x_wconf 90' lang='lat' dir='ltr'>c.</span> <span class='ocrx_word' id='word_1_110' title='bbox 808 1145 1018 1186; x_wconf 77' lang='lat' dir='ltr'>Ecclesiae</span> <span class='ocrx_word' id='word_1_111' title='bbox 1040 1145 1094 1186; x_wconf 93' lang='lat' dir='ltr'>de</span> <span class='ocrx_word' id='word_1_112' title='bbox 1111 1161 1241 1201; x_wconf 88' lang='lat' dir='ltr'>supp.</span> <span class='ocrx_word' id='word_1_113' title='bbox 1264 1136 1380 1201; x_wconf 84' lang='lat' dir='ltr'>negl.</span> <span class='ocrx_word' id='word_1_114' title='bbox 1402 1146 1518 1187; x_wconf 91' lang='lat' dir='ltr'>Prel.</span> 
     </span>
     <span class='ocr_line' id='line_1_13' title="bbox 53 1217 1519 1274; baseline 0.002 -18"><span class='ocrx_word' id='word_1_115' title='bbox 53 1231 88 1257; x_wconf 91' lang='grc'>0.</span> <span class='ocrx_word' id='word_1_116' title='bbox 112 1231 211 1257; x_wconf 92' lang='lat' dir='ltr'>cum</span> <span class='ocrx_word' id='word_1_117' title='bbox 232 1217 334 1258; x_wconf 91' lang='lat' dir='ltr'>olim</span> <span class='ocrx_word' id='word_1_118' title='bbox 356 1218 410 1258; x_wconf 93' lang='lat' dir='ltr'>de</span> <span class='ocrx_word' id='word_1_119' title='bbox 441 1223 591 1274; x_wconf 87' lang='lat' dir='ltr'>major.</span> <span class='ocrx_word' id='word_1_120' title='bbox 616 1224 660 1259; x_wconf 90' lang='lat' dir='ltr'>et</span> <span class='ocrx_word' id='word_1_121' title='bbox 691 1218 757 1259; x_wconf 91' lang='lat' dir='ltr'>ob.</span> <span class='ocrx_word' id='word_1_122' title='bbox 783 1225 825 1259; x_wconf 92' lang='lat' dir='ltr'>et</span> <span class='ocrx_word' id='word_1_123' title='bbox 846 1218 899 1259; x_wconf 90' lang='lat' dir='ltr'>de</span> <span class='ocrx_word' id='word_1_124' title='bbox 920 1217 987 1259; x_wconf 86' lang='lat' dir='ltr'>his</span> <span class='ocrx_word' id='word_1_125' title='bbox 1010 1218 1103 1259; x_wconf 90' lang='lat' dir='ltr'>eod.</span> <span class='ocrx_word' id='word_1_126' title='bbox 1124 1219 1190 1260; x_wconf 90' lang='lat' dir='ltr'>tit.</span> <span class='ocrx_word' id='word_1_127' title='bbox 1216 1235 1248 1260; x_wconf 91' lang='grc'>0.</span> <span class='ocrx_word' id='word_1_128' title='bbox 1274 1220 1519 1260; x_wconf 83' lang='lat' dir='ltr'>Transmis-</span> 
     </span>
     <span class='ocr_line' id='line_1_14' title="bbox 53 1289 1521 1346; baseline 0.002 -16"><span class='ocrx_word' id='word_1_129' title='bbox 53 1303 145 1330; x_wconf 84' lang='lat' dir='ltr'>sam</span> <span class='ocrx_word' id='word_1_130' title='bbox 167 1289 221 1330; x_wconf 90' lang='grc'>(10</span> <span class='ocrx_word' id='word_1_131' title='bbox 244 1289 387 1341; x_wconf 68' lang='lat' dir='ltr'>elect„</span> <span class='ocrx_word' id='word_1_132' title='bbox 408 1306 508 1332; x_wconf 86' lang='lat' dir='ltr'>nam</span> <span class='ocrx_word' id='word_1_133' title='bbox 533 1290 769 1346; x_wconf 88' lang='lat' dir='ltr'>aliquando</span> <span class='ocrx_word' id='word_1_134' title='bbox 789 1291 921 1332; x_wconf 88' lang='lat' dir='ltr'>datur</span> <span class='ocrx_word' id='word_1_135' title='bbox 942 1291 1194 1340; x_wconf 79' lang='lat' dir='ltr'>Character,</span> <span class='ocrx_word' id='word_1_136' title='bbox 1214 1293 1292 1333; x_wconf 91' lang='lat' dir='ltr'>ubi</span> <span class='ocrx_word' id='word_1_137' title='bbox 1313 1293 1435 1333; x_wconf 87' lang='lat' dir='ltr'>nulla</span> <span class='ocrx_word' id='word_1_138' title='bbox 1457 1299 1521 1333; x_wconf 83' lang='lat' dir='ltr'>est</span> 
     </span>
     <span class='ocr_line' id='line_1_15' title="bbox 55 1361 1520 1418; baseline 0.003 -16"><span class='ocrx_word' id='word_1_139' title='bbox 55 1361 88 1402; x_wconf 92' lang='lat' dir='ltr'><strong>J</strong></span> <span class='ocrx_word' id='word_1_140' title='bbox 91 1361 315 1403; x_wconf 89' lang='lat' dir='ltr'>urisdictio</span> <span class='ocrx_word' id='word_1_141' title='bbox 327 1379 338 1413; x_wconf 79' lang='lat'><em>3</em></span> <span class='ocrx_word' id='word_1_142' title='bbox 363 1363 598 1418; x_wconf 88' lang='lat' dir='ltr'>aliquando</span> <span class='ocrx_word' id='word_1_143' title='bbox 615 1365 645 1405; x_wconf 86' lang='lat' dir='ltr'>J</span> <span class='ocrx_word' id='word_1_144' title='bbox 650 1363 872 1404; x_wconf 90' lang='lat' dir='ltr'>urisdictio</span> <span class='ocrx_word' id='word_1_145' title='bbox 895 1365 1091 1406; x_wconf 87' lang='lat' dir='ltr'>consistit</span> <span class='ocrx_word' id='word_1_146' title='bbox 1114 1371 1157 1406; x_wconf 90' lang='lat' dir='ltr'>et</span> <span class='ocrx_word' id='word_1_147' title='bbox 1172 1365 1413 1406; x_wconf 81' lang='lat' dir='ltr'>Character</span> <span class='ocrx_word' id='word_1_148' title='bbox 1433 1380 1520 1406; x_wconf 92' lang='lat' dir='ltr'>non</span> 
     </span>
     <span class='ocr_line' id='line_1_16' title="bbox 56 1434 1518 1494; baseline 0.003 -18"><span class='ocrx_word' id='word_1_149' title='bbox 56 1434 243 1485; x_wconf 85' lang='lat' dir='ltr'><strong>adsistit,</strong></span> <span class='ocrx_word' id='word_1_150' title='bbox 267 1451 299 1477; x_wconf 88' lang='grc'>0.</span> <span class='ocrx_word' id='word_1_151' title='bbox 333 1438 446 1478; x_wconf 89' lang='lat' dir='ltr'>inter</span> <span class='ocrx_word' id='word_1_152' title='bbox 478 1437 718 1493; x_wconf 88' lang='lat' dir='ltr'>corporalia</span> <span class='ocrx_word' id='word_1_153' title='bbox 751 1437 805 1478; x_wconf 92' lang='lat' dir='ltr'>de</span> <span class='ocrx_word' id='word_1_154' title='bbox 838 1438 987 1478; x_wconf 86' lang='lat' dir='ltr'>transl.</span> <span class='ocrx_word' id='word_1_155' title='bbox 1012 1438 1100 1494; x_wconf 88' lang='lat' dir='ltr'>Ep.</span> <span class='ocrx_word' id='word_1_156' title='bbox 1124 1454 1157 1479; x_wconf 90' lang='lat' dir='ltr'>c.</span> <span class='ocrx_word' id='word_1_157' title='bbox 1183 1440 1446 1480; x_wconf 79' lang='lat' dir='ltr'>transmissae</span> <span class='ocrx_word' id='word_1_158' title='bbox 1483 1456 1518 1481; x_wconf 87' lang='lat' dir='ltr'>e.</span> 
     </span>
     <span class='ocr_line' id='line_1_17' title="bbox 53 1509 1519 1567; baseline 0.003 -18"><span class='ocrx_word' id='word_1_159' title='bbox 53 1509 345 1566; x_wconf 83' lang='lat' dir='ltr'>suffraganeis</span> <span class='ocrx_word' id='word_1_160' title='bbox 366 1511 419 1552; x_wconf 84' lang='grc'>(10</span> <span class='ocrx_word' id='word_1_161' title='bbox 442 1511 565 1552; x_wconf 87' lang='lat' dir='ltr'>elect.</span> <span class='ocrx_word' id='word_1_162' title='bbox 589 1527 624 1552; x_wconf 93' lang='lat' dir='ltr'>c.</span> <span class='ocrx_word' id='word_1_163' title='bbox 650 1527 765 1567; x_wconf 89' lang='lat' dir='ltr'>aqua</span> <span class='ocrx_word' id='word_1_164' title='bbox 787 1527 884 1552; x_wconf 89' lang='lat' dir='ltr'>eum</span> <span class='ocrx_word' id='word_1_165' title='bbox 912 1511 1018 1567; x_wconf 85' lang='lat' dir='ltr'>glos.</span> <span class='ocrx_word' id='word_1_166' title='bbox 1048 1510 1102 1552; x_wconf 91' lang='lat' dir='ltr'>de</span> <span class='ocrx_word' id='word_1_167' title='bbox 1135 1527 1318 1553; x_wconf 89' lang='lat' dir='ltr'>consecr.</span> <span class='ocrx_word' id='word_1_168' title='bbox 1351 1513 1519 1553; x_wconf 86' lang='lat' dir='ltr'>Eccles.</span> 
     </span>
     <span class='ocr_line' id='line_1_18' title="bbox 58 1582 1519 1640; baseline 0.002 -16"><span class='ocrx_word' id='word_1_169' title='bbox 58 1582 201 1624; x_wconf 90' lang='lat' dir='ltr'>Innoc.</span> <span class='ocrx_word' id='word_1_170' title='bbox 229 1584 348 1625; x_wconf 89' lang='lat' dir='ltr'>Abb.</span> <span class='ocrx_word' id='word_1_171' title='bbox 382 1600 415 1625; x_wconf 90' lang='lat' dir='ltr'>c.</span> <span class='ocrx_word' id='word_1_172' title='bbox 449 1592 615 1640; x_wconf 88' lang='lat' dir='ltr'>quanto</span> <span class='ocrx_word' id='word_1_173' title='bbox 638 1585 691 1626; x_wconf 88' lang='lat' dir='ltr'>de</span> <span class='ocrx_word' id='word_1_174' title='bbox 719 1585 970 1626; x_wconf 85' lang='lat' dir='ltr'>consuetud.</span> <span class='ocrx_word' id='word_1_175' title='bbox 1005 1585 1111 1640; x_wconf 85' lang='lat' dir='ltr'>glos.</span> <span class='ocrx_word' id='word_1_176' title='bbox 1142 1601 1176 1626; x_wconf 89' lang='lat' dir='ltr'>c.</span> <span class='ocrx_word' id='word_1_177' title='bbox 1214 1587 1250 1626; x_wconf 94' lang='grc'>1.</span> <span class='ocrx_word' id='word_1_178' title='bbox 1284 1585 1338 1626; x_wconf 89' lang='grc'>(10</span> <span class='ocrx_word' id='word_1_179' title='bbox 1370 1586 1519 1628; x_wconf 90' lang='lat' dir='ltr'>transl.</span> 
     </span>
     <span class='ocr_line' id='line_1_19' title="bbox 54 1654 1520 1713; baseline 0.001 -18"><span class='ocrx_word' id='word_1_180' title='bbox 54 1654 204 1710; x_wconf 88' lang='lat' dir='ltr'>Episc.</span> <span class='ocrx_word' id='word_1_181' title='bbox 227 1671 260 1696; x_wconf 91' lang='lat' dir='ltr'>c.</span> <span class='ocrx_word' id='word_1_182' title='bbox 294 1656 348 1697; x_wconf 90' lang='lat' dir='ltr'>de</span> <span class='ocrx_word' id='word_1_183' title='bbox 371 1672 422 1698; x_wconf 91' lang='lat' dir='ltr'>eo</span> <span class='ocrx_word' id='word_1_184' title='bbox 453 1657 571 1713; x_wconf 88' lang='lat' dir='ltr'>quod</span> <span class='ocrx_word' id='word_1_185' title='bbox 599 1658 775 1713; x_wconf 88' lang='lat' dir='ltr'>Episc.:</span> <span class='ocrx_word' id='word_1_186' title='bbox 814 1657 924 1697; x_wconf 91' lang='lat' dir='ltr'>adde</span> <span class='ocrx_word' id='word_1_187' title='bbox 955 1656 1119 1697; x_wconf 91' lang='lat' dir='ltr'>Concil.</span> <span class='ocrx_word' id='word_1_188' title='bbox 1155 1656 1415 1697; x_wconf 84' lang='lat' dir='ltr'>Chalcedon.</span> <span class='ocrx_word' id='word_1_189' title='bbox 1440 1664 1520 1697; x_wconf 86' lang='lat' dir='ltr'>act.</span> 
     </span>
     <span class='ocr_line' id='line_1_20' title="bbox 62 1727 1331 1784; baseline 0.002 -18"><span class='ocrx_word' id='word_1_190' title='bbox 62 1727 107 1767; x_wconf 93' lang='lat' dir='ltr'>ll</span> <span class='ocrx_word' id='word_1_191' title='bbox 135 1733 178 1767; x_wconf 92' lang='lat' dir='ltr'>et</span> <span class='ocrx_word' id='word_1_192' title='bbox 203 1728 266 1767; x_wconf 94' lang='grc'>12.</span> <span class='ocrx_word' id='word_1_193' title='bbox 291 1728 369 1768; x_wconf 84' lang='lat' dir='ltr'>ubi</span> <span class='ocrx_word' id='word_1_194' title='bbox 390 1729 641 1784; x_wconf 85' lang='lat' dir='ltr'>Episcopus</span> <span class='ocrx_word' id='word_1_195' title='bbox 663 1728 907 1770; x_wconf 86' lang='lat' dir='ltr'>ostenditur</span> <span class='ocrx_word' id='word_1_196' title='bbox 928 1729 1070 1770; x_wconf 82' lang='lat' dir='ltr'>dictus</span> <span class='ocrx_word' id='word_1_197' title='bbox 1092 1729 1147 1769; x_wconf 88' lang='lat' dir='ltr'>ab</span> <span class='ocrx_word' id='word_1_198' title='bbox 1169 1729 1331 1769; x_wconf 89' lang='lat' dir='ltr'>ordine.</span> 
     </span>
    </p>

    <p class='ocr_par' dir='ltr' id='par_1_3' title="bbox 57 1799 1524 2439">
     <span class='ocr_line' id='line_1_21' title="bbox 115 1799 1522 1857; baseline 0.001 -16"><span class='ocrx_word' id='word_1_199' title='bbox 115 1799 362 1856; x_wconf 84' lang='lat' dir='ltr'>Episcopus</span> <span class='ocrx_word' id='word_1_200' title='bbox 380 1801 844 1857; x_wconf 58' lang='lat' dir='ltr'>B&#39;Iolignatensis¹——id</span> <span class='ocrx_word' id='word_1_201' title='bbox 865 1801 1062 1848; x_wconf 78' lang='lat' dir='ltr'>verbum,</span> <span class='ocrx_word' id='word_1_202' title='bbox 1100 1802 1370 1856; x_wconf 86' lang='lat' dir='ltr'>Superiores,</span> <span class='ocrx_word' id='word_1_203' title='bbox 1404 1802 1522 1857; x_wconf 89' lang='lat' dir='ltr'>quod</span> 
     </span>
     <span class='ocr_line' id='line_1_22' title="bbox 57 1872 1522 1928; baseline 0.002 -16"><span class='ocrx_word' id='word_1_204' title='bbox 57 1872 227 1928; x_wconf 86' lang='lat' dir='ltr'>aliquos</span> <span class='ocrx_word' id='word_1_205' title='bbox 268 1872 463 1920; x_wconf 86' lang='lat' dir='ltr'>offendit,</span> <span class='ocrx_word' id='word_1_206' title='bbox 497 1880 612 1914; x_wconf 86' lang='lat' dir='ltr'>recte</span> <span class='ocrx_word' id='word_1_207' title='bbox 651 1888 743 1914; x_wconf 89' lang='lat' dir='ltr'>esse</span> <span class='ocrx_word' id='word_1_208' title='bbox 784 1874 974 1928; x_wconf 87' lang='lat' dir='ltr'>positum</span> <span class='ocrx_word' id='word_1_209' title='bbox 1008 1887 1087 1927; x_wconf 89' lang='lat' dir='ltr'>pro</span> <span class='ocrx_word' id='word_1_210' title='bbox 1125 1873 1367 1921; x_wconf 83' lang='lat' dir='ltr'>altioribus,</span> <span class='ocrx_word' id='word_1_211' title='bbox 1397 1882 1447 1914; x_wconf 92' lang='lat' dir='ltr'>ut</span> <span class='ocrx_word' id='word_1_212' title='bbox 1479 1876 1522 1915; x_wconf 92' lang='lat' dir='ltr'>in</span> 
     </span>
     <span class='ocr_line' id='line_1_23' title="bbox 59 1945 1523 2002; baseline 0.001 -16"><span class='ocrx_word' id='word_1_213' title='bbox 59 1945 167 2002; x_wconf 86' lang='lat' dir='ltr'>psal.</span> <span class='ocrx_word' id='word_1_214' title='bbox 195 1946 289 1987; x_wconf 83' lang='lat'>103.</span> <span class='ocrx_word' id='word_1_215' title='bbox 323 1945 492 2002; x_wconf 85' lang='lat' dir='ltr'>Rigans</span> <span class='ocrx_word' id='word_1_216' title='bbox 513 1952 681 1987; x_wconf 90' lang='lat' dir='ltr'>montes</span> <span class='ocrx_word' id='word_1_217' title='bbox 703 1946 755 1986; x_wconf 93' lang='lat' dir='ltr'>de</span> <span class='ocrx_word' id='word_1_218' title='bbox 778 1945 1093 2001; x_wconf 87' lang='lat' dir='ltr'>superioribus.</span> <span class='ocrx_word' id='word_1_219' title='bbox 1157 1946 1210 1986; x_wconf 93' lang='lat' dir='ltr'>In</span> <span class='ocrx_word' id='word_1_220' title='bbox 1242 1946 1308 1987; x_wconf 89' lang='lat' dir='ltr'>VI</span> <span class='ocrx_word' id='word_1_221' title='bbox 1344 1946 1523 1988; x_wconf 87' lang='lat' dir='ltr'>Canone</span> 
     </span>
     <span class='ocr_line' id='line_1_24' title="bbox 58 2018 1524 2073; baseline 0.001 -13"><span class='ocrx_word' id='word_1_222' title='bbox 58 2019 307 2061; x_wconf 84' lang='lat' dir='ltr'>addendum</span> <span class='ocrx_word' id='word_1_223' title='bbox 353 2034 457 2067; x_wconf 79' lang='lat' dir='ltr'>esse,</span> <span class='ocrx_word' id='word_1_224' title='bbox 506 2019 856 2069; x_wconf 82' lang='lat' dir='ltr'>sacerdotalium,</span> <span class='ocrx_word' id='word_1_225' title='bbox 898 2033 974 2058; x_wconf 90' lang='lat' dir='ltr'>nec</span> <span class='ocrx_word' id='word_1_226' title='bbox 1030 2018 1370 2073; x_wconf 86' lang='lat' dir='ltr'>comprehendat</span> <span class='ocrx_word' id='word_1_227' title='bbox 1416 2020 1524 2061; x_wconf 89' lang='lat' dir='ltr'>alios</span> 
     </span>
     <span class='ocr_line' id='line_1_25' title="bbox 59 2091 1522 2147; baseline 0.001 -14"><span class='ocrx_word' id='word_1_228' title='bbox 59 2106 202 2133; x_wconf 81' lang='lat' dir='ltr'>sacros</span> <span class='ocrx_word' id='word_1_229' title='bbox 236 2092 419 2133; x_wconf 87' lang='lat' dir='ltr'>ordines.</span> <span class='ocrx_word' id='word_1_230' title='bbox 484 2091 537 2132; x_wconf 92' lang='lat' dir='ltr'>In</span> <span class='ocrx_word' id='word_1_231' title='bbox 559 2092 751 2147; x_wconf 83' lang='lat' dir='ltr'>reliquis,</span> <span class='ocrx_word' id='word_1_232' title='bbox 778 2091 1090 2132; x_wconf 83' lang='lat' dir='ltr'>authoritatem</span> <span class='ocrx_word' id='word_1_233' title='bbox 1115 2091 1250 2146; x_wconf 88' lang='lat' dir='ltr'>Papae</span> <span class='ocrx_word' id='word_1_234' title='bbox 1273 2107 1522 2147; x_wconf 85' lang='lat' dir='ltr'>supremam</span> 
     </span>
     <span class='ocr_line' id='line_1_26' title="bbox 59 2165 1524 2219; baseline 0 -13"><span class='ocrx_word' id='word_1_235' title='bbox 59 2180 165 2213; x_wconf 86' lang='lat' dir='ltr'>esse,</span> <span class='ocrx_word' id='word_1_236' title='bbox 207 2172 251 2206; x_wconf 86' lang='lat' dir='ltr'>et</span> <span class='ocrx_word' id='word_1_237' title='bbox 291 2165 465 2207; x_wconf 89' lang='lat' dir='ltr'>decreta</span> <span class='ocrx_word' id='word_1_238' title='bbox 507 2166 769 2206; x_wconf 79' lang='lat' dir='ltr'>Pontificum</span> <span class='ocrx_word' id='word_1_239' title='bbox 812 2179 836 2204; x_wconf 87' lang='lat' dir='ltr'>a</span> <span class='ocrx_word' id='word_1_240' title='bbox 879 2165 937 2204; x_wconf 48' lang='grc' dir='ltr'>δι’)</span> <span class='ocrx_word' id='word_1_241' title='bbox 984 2165 1241 2219; x_wconf 84' lang='lat' dir='ltr'>Augustino</span> <span class='ocrx_word' id='word_1_242' title='bbox 1283 2165 1524 2207; x_wconf 86' lang='lat' dir='ltr'>Canonicas</span> 
     </span>
     <span class='ocr_line' id='line_1_27' title="bbox 58 2236 1523 2294; baseline 0 -16"><span class='ocrx_word' id='word_1_243' title='bbox 58 2237 298 2294; x_wconf 83' lang='lat' dir='ltr'>scripturas</span> <span class='ocrx_word' id='word_1_244' title='bbox 320 2238 549 2293; x_wconf 83' lang='lat' dir='ltr'>appellari,</span> <span class='ocrx_word' id='word_1_245' title='bbox 572 2253 606 2278; x_wconf 87' lang='lat' dir='ltr'>c.</span> <span class='ocrx_word' id='word_1_246' title='bbox 631 2238 673 2277; x_wconf 89' lang='lat' dir='ltr'>in</span> <span class='ocrx_word' id='word_1_247' title='bbox 697 2236 938 2277; x_wconf 87' lang='lat' dir='ltr'>Canonicas</span> <span class='ocrx_word' id='word_1_248' title='bbox 961 2238 1026 2276; x_wconf 90' lang='grc'>22.</span> <span class='ocrx_word' id='word_1_249' title='bbox 1051 2236 1151 2277; x_wconf 89' lang='lat' dir='ltr'>dist.</span> <span class='ocrx_word' id='word_1_250' title='bbox 1176 2243 1219 2277; x_wconf 89' lang='lat' dir='ltr'>et</span> <span class='ocrx_word' id='word_1_251' title='bbox 1243 2236 1401 2277; x_wconf 76' lang='lat' dir='ltr'>habere</span> <span class='ocrx_word' id='word_1_252' title='bbox 1423 2252 1523 2278; x_wconf 81' lang='lat' dir='ltr'>euin</span> 
     </span>
     <span class='ocr_line' id='line_1_28' title="bbox 61 2309 1522 2366; baseline 0.001 -16"><span class='ocrx_word' id='word_1_253' title='bbox 61 2309 375 2365; x_wconf 85' lang='lat' dir='ltr'>plenitudinem</span> <span class='ocrx_word' id='word_1_254' title='bbox 411 2311 642 2366; x_wconf 85' lang='lat' dir='ltr'>potestatis</span> <span class='ocrx_word' id='word_1_255' title='bbox 673 2311 716 2350; x_wconf 91' lang='lat' dir='ltr'>in</span> <span class='ocrx_word' id='word_1_256' title='bbox 749 2309 1099 2354; x_wconf 84' lang='lat' dir='ltr'>Beneficialibus,</span> <span class='ocrx_word' id='word_1_257' title='bbox 1127 2324 1175 2349; x_wconf 88' lang='lat' dir='ltr'>ac</span> <span class='ocrx_word' id='word_1_258' title='bbox 1198 2324 1324 2363; x_wconf 91' lang='lat' dir='ltr'>posse</span> <span class='ocrx_word' id='word_1_259' title='bbox 1347 2324 1522 2365; x_wconf 83' lang='lat' dir='ltr'>aequare</span> 
     </span>
     <span class='ocr_line' id='line_1_29' title="bbox 60 2383 507 2439; baseline -0.002 -15"><span class='ocrx_word' id='word_1_260' title='bbox 60 2383 280 2439; x_wconf 87' lang='lat' dir='ltr'>quadrata</span> <span class='ocrx_word' id='word_1_261' title='bbox 300 2384 507 2425; x_wconf 87' lang='lat' dir='ltr'>rotundis.</span> 
     </span>
    </p>

    <p class='ocr_par' dir='ltr' id='par_1_4' title="bbox 63 2453 1524 2577">
     <span class='ocr_line' id='line_1_30' title="bbox 120 2453 1524 2511; baseline 0 -16"><span class='ocrx_word' id='word_1_262' title='bbox 120 2455 276 2496; x_wconf 87' lang='lat' dir='ltr'>Abbas</span> <span class='ocrx_word' id='word_1_263' title='bbox 309 2455 773 2511; x_wconf 81' lang='lat' dir='ltr'>Cisterciensis—Ego</span> <span class='ocrx_word' id='word_1_264' title='bbox 805 2456 1012 2510; x_wconf 86' lang='lat' dir='ltr'>profiteor</span> <span class='ocrx_word' id='word_1_265' title='bbox 1035 2455 1278 2509; x_wconf 84' lang='lat' dir='ltr'>Episcopos</span> <span class='ocrx_word' id='word_1_266' title='bbox 1301 2468 1325 2494; x_wconf 86' lang='lat' dir='ltr'>a</span> <span class='ocrx_word' id='word_1_267' title='bbox 1348 2453 1524 2495; x_wconf 85' lang='lat' dir='ltr'>Christo</span> 
     </span>
     <span class='ocr_line' id='line_1_31' title="bbox 63 2527 1465 2577; baseline 0 -9"><span class='ocrx_word' id='word_1_268' title='bbox 63 2527 301 2577; x_wconf 86' lang='lat' dir='ltr'>institutos,</span> <span class='ocrx_word' id='word_1_269' title='bbox 323 2530 387 2570; x_wconf 86' lang='lat' dir='ltr'>ita</span> <span class='ocrx_word' id='word_1_270' title='bbox 407 2536 458 2570; x_wconf 90' lang='lat' dir='ltr'>ut</span> <span class='ocrx_word' id='word_1_271' title='bbox 475 2544 499 2570; x_wconf 88' lang='lat' dir='ltr'>a</span> <span class='ocrx_word' id='word_1_272' title='bbox 520 2530 700 2570; x_wconf 83' lang='lat' dir='ltr'>Summo</span> <span class='ocrx_word' id='word_1_273' title='bbox 723 2529 930 2570; x_wconf 81' lang='lat' dir='ltr'>Pontifice</span> <span class='ocrx_word' id='word_1_274' title='bbox 954 2529 1150 2569; x_wconf 87' lang='lat' dir='ltr'>Romano</span> <span class='ocrx_word' id='word_1_275' title='bbox 1173 2534 1465 2568; x_wconf 84' lang='lat' dir='ltr'>assumantur.</span> 
     </span>
    </p>

    <p class='ocr_par' dir='ltr' id='par_1_5' title="bbox 62 2601 1526 2803">
     <span class='ocr_line' id='line_1_32' title="bbox 122 2601 1523 2658; baseline 0 -16"><span class='ocrx_word' id='word_1_276' title='bbox 122 2601 277 2642; x_wconf 90' lang='lat' dir='ltr'>Abbas</span> <span class='ocrx_word' id='word_1_277' title='bbox 299 2601 820 2658; x_wconf 85' lang='lat' dir='ltr'>Clarevallensis—quod</span> <span class='ocrx_word' id='word_1_278' title='bbox 842 2602 1009 2657; x_wconf 86' lang='lat' dir='ltr'>duplex</span> <span class='ocrx_word' id='word_1_279' title='bbox 1030 2608 1095 2642; x_wconf 87' lang='lat' dir='ltr'>est</span> <span class='ocrx_word' id='word_1_280' title='bbox 1119 2602 1310 2642; x_wconf 83' lang='lat' dir='ltr'>vocatio:</span> <span class='ocrx_word' id='word_1_281' title='bbox 1341 2602 1523 2649; x_wconf 86' lang='lat' dir='ltr'>interna,</span> 
     </span>
     <span class='ocr_line' id='line_1_33' title="bbox 62 2673 1523 2730; baseline 0.001 -17"><span class='ocrx_word' id='word_1_282' title='bbox 62 2687 162 2728; x_wconf 84' lang='lat' dir='ltr'>quae</span> <span class='ocrx_word' id='word_1_283' title='bbox 185 2675 233 2714; x_wconf 87' lang='lat' dir='ltr'>fit</span> <span class='ocrx_word' id='word_1_284' title='bbox 256 2689 281 2714; x_wconf 91' lang='lat' dir='ltr'>a</span> <span class='ocrx_word' id='word_1_285' title='bbox 302 2674 412 2723; x_wconf 80' lang='lat' dir='ltr'>Deo,</span> <span class='ocrx_word' id='word_1_286' title='bbox 434 2682 477 2716; x_wconf 91' lang='lat' dir='ltr'>et</span> <span class='ocrx_word' id='word_1_287' title='bbox 497 2681 562 2715; x_wconf 87' lang='lat' dir='ltr'>est</span> <span class='ocrx_word' id='word_1_288' title='bbox 590 2675 854 2730; x_wconf 79' lang='lat' dir='ltr'>spiritualis3</span> <span class='ocrx_word' id='word_1_289' title='bbox 887 2674 974 2715; x_wconf 78' lang='lat' dir='ltr'>alia</span> <span class='ocrx_word' id='word_1_290' title='bbox 996 2681 1188 2720; x_wconf 86' lang='lat' dir='ltr'>externa,</span> <span class='ocrx_word' id='word_1_291' title='bbox 1222 2673 1420 2715; x_wconf 84' lang='lat' dir='ltr'>tribuens</span> <span class='ocrx_word' id='word_1_292' title='bbox 1441 2674 1523 2714; x_wconf 85' lang='lat' dir='ltr'>Ju-</span> 
     </span>
     <span class='ocr_line' id='line_1_34' title="bbox 64 2745 1526 2803; baseline 0.001 -16"><span class='ocrx_word' id='word_1_293' title='bbox 64 2745 371 2794; x_wconf 84' lang='lat' dir='ltr'>risdietioncm,</span> <span class='ocrx_word' id='word_1_294' title='bbox 411 2754 454 2789; x_wconf 87' lang='lat' dir='ltr'>et</span> <span class='ocrx_word' id='word_1_295' title='bbox 486 2755 634 2789; x_wconf 85' lang='lat' dir='ltr'>manat</span> <span class='ocrx_word' id='word_1_296' title='bbox 669 2764 693 2789; x_wconf 87' lang='lat' dir='ltr'>a</span> <span class='ocrx_word' id='word_1_297' title='bbox 727 2749 862 2803; x_wconf 83' lang='lat' dir='ltr'>Papa.</span> <span class='ocrx_word' id='word_1_298' title='bbox 925 2748 1041 2788; x_wconf 84' lang='lat' dir='ltr'>Nam</span> <span class='ocrx_word' id='word_1_299' title='bbox 1086 2748 1226 2794; x_wconf 83' lang='lat' dir='ltr'>aliter,</span> <span class='ocrx_word' id='word_1_300' title='bbox 1269 2747 1303 2787; x_wconf 89' lang='lat' dir='ltr'>si</span> <span class='ocrx_word' id='word_1_301' title='bbox 1345 2748 1526 2788; x_wconf 83' lang='lat' dir='ltr'>materia</span> 
     </span>
    </p>

    <p class='ocr_par' dir='ltr' id='par_1_6' title="bbox 777 2837 822 2857">
     <span class='ocr_line' id='line_1_35' title="bbox 777 2837 822 2857; baseline 0 0"><span class='ocrx_word' id='word_1_302' title='bbox 777 2837 782 2853; x_wconf 88' lang='lat' dir='ltr'>l</span> <span class='ocrx_word' id='word_1_303' title='bbox 810 2838 822 2857; x_wconf 62' lang='lat'>¹)</span> 
     </span>
    </p>
   </div>
   <div class='ocr_carea' id='block_1_3' title="bbox 1220 2896 1290 2933">
    <p class='ocr_par' dir='ltr' id='par_1_7' title="bbox 1220 2896 1290 2933">
     <span class='ocr_line' id='line_1_36' title="bbox 1220 2896 1290 2933; baseline 0 0"><span class='ocrx_word' id='word_1_304' title='bbox 1220 2896 1290 2933; x_wconf 68' lang='lat' dir='ltr'>‘ZA</span> 
     </span>
    </p>
   </div>
  </div>
 </body>
</html>
