1905 3254
718 293 832 324 SEss.
861 296 888 325 1.
1479 290 1534 330 33

73 388 335 435 Tridentum
373 404 574 438 venerat:
605 397 810 457 deinceps
832 402 1103 453 cardinales,
1137 408 1252 450 inter
1285 424 1392 466 quos
1433 411 1528 453 Ma-

69 460 269 504 druccius
286 467 488 509 sericeam
507 470 651 511 albam
665 473 851 521 mitram,
867 477 1025 533 reliqui
1042 479 1177 536 legati
1200 482 1369 523 mitram
1386 485 1530 525 textili

69 549 174 576 auro
207 539 431 593 gerebant.
494 541 611 585 Hinc
634 544 872 589 Oratorum
894 550 1103 593 laicorum
1136 554 1255 595 locus
1283 564 1399 598 erat:
1431 566 1530 613 post

67 610 365 663 sequebantur
389 613 628 658 Generales
665 618 962 677 Religionum,
987 626 1182 668 Auditor
1202 628 1346 681 Rotae,
1376 631 1526 672 Advo-

65 688 198 730 catus,
233 684 472 736 Promotor,
509 689 797 747 Magistratus
819 695 1037 747 Civitatis,
1077 707 1119 741 et
1140 703 1345 756 permixti
1367 703 1526 747 deinde

66 756 350 811 quamplures
381 761 561 804 nobiles.
624 764 801 822 Hicque
824 769 1053 812 incedendi
1074 788 1166 814 mos
1184 775 1225 815 in
1248 775 1345 816 aliis
1368 777 1524 819 deinde

65 827 330 872 solemnibus
346 834 750 889 supplicationibus,
775 856 876 896 quie
896 844 1028 885 variis
1045 848 1343 889 occasionibus
1359 849 1522 892 habitae

62 899 255 954 fuerunt,
277 913 479 948 servatus
520 917 597 951 est.
652 912 744 954 Ubi
776 924 1037 970 perventum
1073 927 1136 960 est
1173 921 1229 962 ad
1262 922 1520 975 Ecclesiam,

65 972 321 1017 Cardinales
363 979 586 1037 insigniori
626 984 731 1033 loco,
758 988 902 1029 Altari
933 990 1016 1045 ipsi
1058 995 1266 1048 proximo,
1300 1012 1522 1054 purpureo

59 1048 258 1103 stragulo
279 1053 506 1108 magnifice
540 1063 702 1105 ornato,
734 1058 903 1115 adjecto
936 1070 1035 1117 post
1067 1080 1138 1105 eos
1158 1066 1284 1109 Duce
1308 1069 1520 1121 Mantuae,

59 1119 348 1164 collocantur:
393 1125 600 1169 Oratores
634 1130 931 1175 Ecclesiastici
982 1135 1037 1177 ad
1075 1139 1308 1190 sinistram,
1348 1144 1519 1186 inferio-

57 1192 178 1234 ribus
209 1202 354 1238 tamen
391 1199 521 1246 sellis,
565 1202 662 1244 laici
695 1213 854 1248 eontra.
917 1208 1097 1251 Praelati
1132 1215 1277 1255 caeteri
1310 1215 1520 1272 disposita

58 1268 269 1321 aequabili
301 1270 394 1312 loeo
431 1274 641 1316 subsellia
681 1278 832 1320 eodem
875 1281 1038 1331 ordine,
1088 1285 1162 1340 qui
1200 1287 1243 1327 in
1280 1303 1517 1347 congrega-

56 1336 248 1380 tionibus
289 1351 500 1391 servatur,
534 1348 761 1403 arripiunt.
816 1350 1088 1396 Mantuanus
1123 1358 1216 1413 ipse
1245 1360 1415 1403 missam
1451 1379 1516 1403 so-

54 1410 184 1453 lemni
224 1430 396 1472 pompa,
435 1420 553 1474 quod
594 1423 784 1477 primum
827 1426 910 1467 fuit
950 1444 1116 1471 sacrum
1160 1433 1216 1473 ab
1248 1449 1298 1474 eo
1340 1437 1515 1490 publice

53 1493 287 1540 peractum,
321 1490 500 1547 reliquis
531 1492 686 1536 deinde
715 1499 975 1541 sessionibus
997 1503 1093 1544 aliis
1116 1505 1317 1549 Praelatis
1338 1510 1515 1552 manda-

51 1562 156 1605 tum,
179 1558 232 1600 de
254 1575 370 1602 moro
393 1563 644 1607 celebravit.
685 1567 801 1610 Hinc
833 1586 951 1613 sacra
973 1576 1127 1622 concio,
1152 1593 1251 1632 quae
1266 1579 1511 1635 legatorum

50 1629 230 1672 arbitrio
260 1631 441 1675 diversis
481 1639 696 1692 patribus,
734 1649 783 1682 ut
823 1659 890 1684 res
931 1646 1107 1695 serebat,
1148 1649 1509 1697 distribuebatur.

48 1700 118 1742 Eo
139 1701 208 1743 die
231 1718 257 1744 a
284 1705 481 1763 Gaspare
503 1709 556 1750 de
580 1711 728 1761 Fosso‚
752 1715 913 1758 ordinis
938 1718 1235 1772 Miniumrum,
1260 1726 1509 1783 Archiepis-

49 1789 154 1830 copo
176 1775 388 1833 Rhegino,
421 1782 523 1823 satis
543 1785 615 1840 pie
638 1785 788 1828 habita
815 1796 892 1830 est.
958 1791 1156 1849 Indeque
1182 1798 1508 1851 precationibus

49 1847 212 1897 multis,
240 1856 404 1893 summa
435 1870 529 1896 cum
563 1862 801 1903 ceremonia
828 1863 1050 1913 adhibitis,
1081 1874 1215 1923 atque
1247 1870 1405 1913 litaniis
1441 1888 1506 1915 sa-

46 1921 217 1977 crisque
239 1926 414 1967 canticis
437 1928 490 1968 ad
514 1930 703 1987 Spiritus
723 1935 866 1976 Sancti
891 1939 1077 1993 gratiam
1100 1941 1413 1996 implorandam
1436 1948 1507 2004 pie

44 1993 162 2043 fusis,
200 2000 458 2056 caeterisque
490 2006 692 2047 omnibus
730 2010 909 2065 antiquo
937 2014 1023 2053 ritu
1048 2028 1100 2054 ex
1122 2018 1382 2070 pontificalis
1404 2021 1505 2063 libri

41 2067 139 2124 lege
173 2072 388 2126 confectis,
426 2076 585 2134 Legati
618 2096 763 2123 omnes
804 2084 859 2124 ad
883 2086 1050 2128 Altaris
1098 2099 1374 2146 suggestum,
1427 2097 1503 2137 ubi

43 2155 181 2198 usque
203 2144 257 2185 ad
277 2148 474 2190 sessionis
495 2158 737 2195 extremum
761 2171 786 2196 a
815 2158 991 2213 regione
1018 2163 1300 2215 praelatorum
1331 2169 1502 2211 assidue

40 2215 246 2267 solebant,
269 2234 314 2261 se
336 2224 664 2267 transtulerunt.
729 2228 845 2270 Tum
870 2231 1119 2289 Episcopus
1141 2236 1403 2283 Thelesinus
1426 2244 1500 2284 Se-

41 2292 248 2333 cretarius
270 2308 323 2334 ex
356 2298 578 2351 superiore
604 2300 695 2341 loco
719 2302 898 2344 Bullam
923 2306 1190 2351 Sanctissimi
1212 2311 1302 2353 Dni
1325 2315 1407 2356 Nri
1432 2318 1498 2358 Pii

41 2361 105 2403 IV
135 2366 336 2408 recitavit
367 2369 419 2410 de
456 2369 640 2413 Concilii
682 2374 815 2431 hujrls
850 2378 1142 2423 celebratione
1173 2384 1335 2427 editam
1370 2392 1498 2432 tertio

39 2434 139 2478 Kal.
173 2438 429 2484 Decembris
461 2443 680 2497 MDLX3
721 2449 942 2506 simulque
987 2455 1183 2510 eJusdem
1221 2460 1424 2504 mandata
1452 2465 1494 2504 in

39 2506 290 2554 cardinales
312 2515 483 2571 legatos
504 2518 559 2559 ad
581 2522 643 2561 S¹¹¹
668 2522 901 2576 Synodum.

93 2583 283 2642 Postque
318 2589 536 2632 Praelatus
577 2593 652 2635 ille
690 2598 766 2651 qui
801 2613 970 2640 sacrum
1003 2610 1209 2657 operatus
1249 2614 1354 2656 erat,
1395 2610 1492 2663 (hoe

37 2662 181 2698 autem
227 2659 297 2701 die
350 2663 681 2723 Archicpiscopi
747 2669 939 2727 Rhegini
992 2683 1152 2729 praeter
1201 2678 1391 2722 ordinem
1448 2685 1492 2725 id

37 2742 189 2772 munus
210 2733 325 2788 fuit‚)
361 2740 651 2792 procumbens
675 2742 729 2783 ad
750 2743 1017 2800 Legatorum
1041 2764 1197 2804 genua,
1223 2754 1489 2809 pugillarem

34 2814 56 2840 0
78 2805 275 2848 manibus
295 2824 444 2851 eorum
466 2814 728 2869 excipiebat,
750 2818 826 2859 ubi
849 2819 1025 2862 decreta
1047 2822 1211 2877 pridem
1238 2841 1262 2866 a
1284 2827 1490 2873 Patribus

1228 2912 1256 2938 ι)
