1905 3254
678 272 789 301 sess.
816 272 891 302 vn.
1429 265 1511 308 577

110 371 345 413 Lectorum
376 381 587 428 praeterea
626 377 769 418 multa
806 379 988 422 fuerunt
1017 382 1060 422 in
1088 383 1288 426 Ecclesia
1313 400 1505 434 munera,

53 458 151 484 nam
176 445 242 484 Stae
264 445 392 486 Plebi
412 446 547 487 libros
564 450 723 490 veteris
751 450 1024 493 Testamenti
1049 470 1102 495 ex
1125 464 1351 511 suggestu,
1375 459 1506 499 etiam

52 517 310 573 Evangelia,
334 534 418 560 non
441 526 586 561 tamen
609 522 798 564 salutato
822 526 999 580 populo,
1024 527 1246 583 legebant.
1306 531 1506 587 Itemque

53 591 109 631 ab
131 591 351 648 Episcopo
374 593 444 633 vel
473 594 680 635 Ecclesiae
702 595 874 638 doctore
895 601 1151 653 exponenda
1172 611 1307 644 erant.
1369 606 1505 646 Nota-

52 665 212 706 riorum
244 674 459 721 praeterea
486 674 528 708 et
564 669 814 709 Scribarum
850 671 1038 712 officium
1071 665 1342 724 exercebant,
1373 684 1421 717 ut
1454 693 1506 719 ex

51 737 131 779 hoc
163 739 370 794 conjicere
403 739 543 787 liceat,
568 755 639 780 eos
671 740 948 782 bibliothecis
984 744 1210 798 prsefectos
1231 747 1375 788 fuisse.
1439 749 1507 790 Ad

49 808 142 850 haec
182 810 389 852 lectiones
426 813 672 860 cantabant,
715 828 873 869 panem
917 822 959 855 et
995 831 1142 858 omnes
1177 833 1307 859 novos
1343 820 1506 861 fructus

51 882 392 933 benedicebant;
416 900 515 941 quae
537 885 714 941 quidem
740 901 921 927 munera
936 888 978 927 in
993 904 1117 929 usum
1137 892 1331 932 revocari
1350 893 1506 934 Sancta

53 954 255 1011 Synodus
276 955 489 1006 hortatur,
514 966 644 1014 prout
671 959 835 1015 singuli
857 960 1069 1016 Episcopi
1096 963 1304 1005 Ecclesiis
1326 966 1414 1006 suis
1435 980 1505 1007 ex-

51 1028 201 1084 pedire
223 1029 531 1086 judicaverint.
595 1032 793 1072 Primum
825 1033 936 1073 enini
968 1036 1142 1088 poterit,
1179 1044 1254 1077 aut
1283 1052 1335 1078 ex
1368 1040 1506 1079 veteri

49 1101 345 1149 Testamento.
370 1111 448 1145 aut
480 1120 533 1145 ex
555 1105 830 1161 Evangehis,
854 1113 930 1146 aut
958 1122 1011 1148 ex
1047 1116 1289 1150 sanctorum
1324 1111 1502 1152 Patrum

51 1175 312 1217 tractatibus
347 1191 397 1218 eo
431 1178 638 1234 temporis
674 1179 814 1233 spatio
847 1178 902 1219 ad
939 1179 1131 1221 fidelium
1179 1182 1502 1226 aedificationem

51 1248 220 1304 aliquid
241 1248 346 1305 legi,
371 1266 468 1291 cum
490 1251 681 1307 populus
701 1251 770 1292 vel
792 1267 973 1301 sacrum,
1000 1254 1069 1294 vel
1091 1254 1293 1296 horarum
1320 1257 1504 1299 Canoni-

0 1318 19 1356 “-
49 1337 196 1362 carum
227 1322 535 1372 Psalmodiam,
570 1332 646 1366 aut
678 1327 922 1367 concionem
958 1336 1159 1383 expectat
1176 1347 1186 1379 3
1220 1345 1360 1386 neque
1393 1333 1505 1372 enim

46 1409 239 1449 parvum
272 1395 551 1438 intervallum
587 1398 816 1440 intercedit
846 1407 1083 1456 antequam
1102 1401 1194 1443 hcec
1215 1404 1504 1453 celebrantur,

47 1483 101 1509 ex
137 1483 224 1524 quo
254 1469 452 1525 Populus
485 1470 540 1511 ad
575 1471 815 1512 Ecclesiam
851 1475 1064 1514 convenit.
1128 1475 1300 1517 Deinde
1332 1492 1447 1525 vero,
1471 1479 1505 1518 si

50 1540 212 1582 Concio
235 1550 359 1584 extra
386 1543 621 1585 Missarum
650 1545 859 1586 solemnia
887 1545 1117 1596 habeatur,
1141 1550 1359 1590 commode
1381 1552 1504 1591 resti-

46 1621 198 1657 tuatur
219 1616 373 1658 Lectio
395 1633 449 1658 ex
471 1619 602 1660 sacris
633 1620 756 1661 libris
774 1637 784 1670 3
815 1627 911 1662 tum
934 1628 983 1662 ut
1007 1623 1199 1678 populus
1227 1623 1281 1663 ad
1303 1623 1389 1664 Dei
1410 1639 1502 1665 ver-

48 1687 156 1729 bum
179 1688 445 1731 audiendum
469 1693 608 1748 magis
629 1694 855 1742 excitetur,
875 1701 970 1735 tum
994 1695 1123 1736 etiam
1149 1702 1196 1736 ut
1220 1694 1503 1737 concionator

45 1760 194 1816 aliqua
224 1763 392 1805 ratione
434 1764 718 1808 admoneatur
755 1766 868 1807 illud
896 1768 981 1808 sibi
1013 1768 1223 1823 imprimis
1258 1768 1501 1824 injunctum

45 1848 153 1882 esse,
194 1841 244 1876 ut
282 1836 541 1880 Sanctarum
577 1839 904 1894 Scripturarum
940 1841 1106 1895 pabulo
1148 1840 1294 1881 fideles
1325 1842 1498 1882 reficiat.

45 1908 109 1948 At
131 1922 234 1949 vero
249 1916 412 1964 praeter
434 1910 608 1952 illarum
623 1911 953 1968 prophetiarum
969 1913 1206 1961 lectionem,
1222 1928 1318 1968 quae
1338 1914 1500 1954 Sanctis

44 1981 310 2037 quibusdam
339 1983 495 2024 diebus
535 1985 579 2025 in
615 1985 753 2027 Missa
785 1994 884 2027 ante
921 1987 1149 2042 epistolam
1184 1988 1244 2027 eis
1276 1987 1499 2043 leguntur,

44 2061 254 2110 poterunt
281 2056 413 2096 etiam
445 2057 674 2099 Lectiones
705 2060 989 2101 matutinales
1018 2061 1100 2100 illis
1133 2061 1367 2109 committi3
1400 2075 1496 2101 nam

43 2133 87 2168 et
117 2136 305 2169 correcte
335 2130 475 2185 magis
505 2139 548 2172 et
583 2131 786 2174 distincte
813 2134 1079 2190 legerentur,
1104 2149 1234 2189 quam
1257 2133 1384 2174 hodie
1404 2134 1498 2174 fieri

45 2202 284 2250 consuevit,
307 2218 403 2243 cum
425 2218 509 2244 non
530 2219 583 2245 ex
613 2212 820 2261 tempore,
845 2206 920 2247 sed
949 2206 1146 2247 meditati
1177 2222 1248 2247 eas
1282 2208 1367 2247 sint
1402 2221 1498 2262 pro-

43 2276 304 2317 nunciaturi.
368 2277 558 2334 Insuper
590 2293 740 2320 eorum
777 2295 908 2328 curae,
933 2287 976 2320 et
998 2280 1110 2327 fidei,
1134 2281 1304 2334 piorum
1336 2279 1497 2333 legato-

41 2349 151 2387 rum¹
177 2347 404 2404 catalogus
425 2356 469 2390 et
484 2350 783 2391 Instrumenta
805 2352 961 2399 omnia,
985 2352 1076 2391 sive
1099 2366 1197 2405 quae
1215 2350 1269 2390 ad
1290 2349 1497 2389 Ecclesiae

43 2420 282 2461 utilitatem
297 2428 340 2462 et
350 2421 598 2478 privilegia,
614 2424 705 2464 sive
720 2439 818 2478 qu:e
833 2424 887 2463 ad
902 2430 1142 2478 proventus
1155 2429 1199 2462 et
1212 2421 1497 2476 possessiones

42 2493 279 2546 pertinent,
301 2494 495 2535 mandari
518 2503 739 2550 poterunt.

100 2563 312 2618 Sequitur
333 2565 666 2608 Exorcistarum
688 2567 805 2614 ordo,
833 2567 908 2621 qui
931 2568 1034 2606 item
1060 2566 1180 2606 varia
1213 2579 1394 2605 munera
1425 2580 1496 2606 ex-

41 2649 184 2676 ercere
220 2647 558 2690 consueverant3
592 2642 705 2682 inter
739 2655 839 2695 quw
868 2639 978 2679 illud
1010 2639 1282 2694 praecipuum
1317 2645 1422 2685 erat,
1446 2646 1497 2679 ut

39 2707 274 2751 Daemones
296 2711 352 2752 ab
368 2712 693 2768 Energumenis
707 2712 991 2767 expellerent,
1007 2711 1106 2751 etin
1122 2710 1496 2763 administratione

672 2800 678 2817 ²
710 2799 871 2838 Legacies.

1180 2859 1265 2897 21>
