1905 3254
688 262 797 292 snss.
827 262 901 292 vn.
1448 248 1530 288 517

69 383 166 410 rum
191 368 509 410 Canonicorum
534 369 774 417 Seniorum,
799 376 843 410 et
865 371 1129 425 graviorum,
1154 386 1261 426 quos
1281 370 1364 426 ipsi
1385 370 1525 425 elege-

69 441 170 490 rint,
189 448 320 498 prout
338 442 531 498 Spiritus
545 442 731 483 Sanctus
749 444 1034 498 suggesserit,
1058 444 1324 484 constituent
1338 461 1349 493 3
1371 457 1525 498 eaque,

69 520 119 554 ut
151 529 322 571 semper
354 515 655 563 observentur,
690 516 852 570 saepius
882 515 1096 557 visitando
1132 531 1307 571 operam
1345 515 1523 556 dabunt.

69 587 268 628 Discolos
289 594 333 629 et
353 587 684 644 incorrigibiles,
718 603 765 629 ae
798 589 1008 629 malorum
1043 603 1212 629 morum
1249 590 1528 629 seminatores

68 661 223 702 acriter
245 661 442 715 punient,
465 675 536 702 eos
557 661 702 708 etiam,
733 661 766 701 si
791 676 904 717 opus
937 662 1082 708 fuerit,
1117 661 1400 717 expellend03
1436 677 1525 701 om-

67 735 229 790 niaque
251 734 566 790 impedimenta
588 734 848 783 auferentes,
881 750 1174 790 quaecumque
1197 735 1252 776 ad
1274 750 1525 776 conservan-

68 807 174 849 dum
196 815 239 849 et
261 808 519 864 erigendum
544 815 633 849 tam
654 808 777 863 pium
802 815 846 848 et
878 815 1077 848 sanetum
1109 808 1358 849 institutum
1394 809 1526 864 perti-

67 895 169 921 nere
191 880 471 928 videbuntur,
495 880 730 936 diligenter
752 880 986 922 curabunt.
1050 880 1112 920 Et
1133 880 1238 935 quia
1260 880 1315 921 ad
1339 880 1528 936 Collegii

68 953 277 993 fabricam
300 952 626 1000 instituendam,
649 959 694 993 et
716 952 771 992 ad
805 950 1045 992 mercedem
1070 952 1419 1008 praecept01·ibus
1444 952 1527 992 sol-

70 1025 270 1074 vendam,
314 1033 358 1066 et
400 1026 455 1066 ad
489 1025 688 1066 alendam
717 1027 1016 1081 juventutem,
1060 1025 1160 1065 certi
1194 1024 1361 1065 reditus
1397 1031 1528 1065 erunt

67 1100 316 1146 necessarii,
333 1099 448 1139 ultra
470 1114 534 1147 ea,
559 1113 658 1154 quae
683 1097 738 1138 ad
759 1096 1052 1137 instituendos
1075 1097 1145 1136 vel
1167 1096 1342 1137 alendos
1368 1112 1528 1152 pueros

69 1179 174 1213 sunt
195 1173 238 1213 in
263 1173 487 1228 aliquibus
511 1171 713 1212 Ecclesiis
745 1177 788 1212 et
817 1170 920 1210 locis
953 1169 1186 1216 destinata,
1222 1184 1321 1224 quae
1349 1183 1398 1209 eo
1433 1169 1528 1224 ipso

68 1245 169 1286 huic
190 1247 421 1286 seminario
443 1246 527 1286 sub
551 1245 703 1286 eadem
727 1243 942 1299 Episcopi
960 1257 1065 1282 cura
1087 1242 1311 1297 applicata
1328 1256 1529 1282 censean-

69 1325 165 1368 tur3
209 1318 323 1359 idem
363 1319 626 1374 Episcopus,
668 1331 764 1357 cum
808 1315 984 1356 consilio
1026 1314 1214 1355 duorum
1259 1330 1282 1354 a
1320 1314 1530 1370 Capitulo

69 1389 440 1446 deputandorum,
475 1397 518 1431 et
550 1389 738 1430 duorum
769 1387 822 1428 de
858 1387 1000 1434 Clero,
1034 1402 1086 1428 ex
1110 1386 1327 1427 fructibus
1351 1387 1531 1443 integris

72 1477 232 1504 mensae
264 1463 545 1519 Episcopalis
581 1469 623 1503 et
660 1461 873 1517 Capituli.
909 1466 952 1501 et
989 1475 1351 1516 quarumcunque.
1387 1460 1530 1516 digni-

71 1542 230 1586 tatum,
251 1543 579 1592 personatuum,
601 1534 850 1580 officiorum,
872 1532 1237 1578 Canonicatuum,
1260 1532 1528 1586 portionum,

72 1610 368 1650 Abbatiarum
392 1616 434 1650 et
459 1609 737 1649 Prioratuum
761 1608 1058 1662 cujuscunque
1088 1604 1249 1645 ordinis
1280 1605 1410 1645 etiam
1446 1603 1530 1645 Re-

73 1683 254 1740 gularis‚
284 1690 362 1724 aut
386 1682 626 1738 qualitatis,
651 1681 721 1722 vel
743 1680 1003 1721 conditionis
1026 1679 1201 1726 fuerint,
1225 1685 1270 1718 et
1293 1677 1528 1718 Beneficio-

70 1774 170 1800 rum
195 1773 557 1815 quorumcunque
591 1758 720 1798 etiam
756 1757 790 1797 si
823 1762 1040 1810 exempta,
1076 1755 1147 1795 vel
1183 1754 1278 1794 aliis
1309 1754 1529 1801 Ecclesiis,

71 1832 357 1879 monasteriis,
381 1830 691 1887 hospitalibus,
716 1837 758 1871 et
780 1830 876 1870 aliis
899 1827 1131 1884 quibusvis
1152 1827 1256 1867 locis
1277 1827 1375 1882 piis,
1398 1828 1527 1868 etiam

73 1905 290 1961 exemptis
327 1919 509 1953 annexa,
553 1911 597 1945 et
637 1919 691 1945 ex
729 1903 903 1944 fabricis
937 1900 1230 1941 Ecclesiarum
1269 1906 1312 1940 et
1346 1900 1530 1940 aliorum

72 1981 279 2028 locorum,
303 1982 433 2021 etiam
457 1995 511 2021 ex
535 1979 873 2035 quibuscunque
907 1976 1003 2017 aliis
1037 1974 1351 2015 Ecclesiasticis
1383 1973 1530 2014 rediti-

73 2055 168 2098 bus.
189 2069 267 2095 seu
288 2054 590 2110 proventibus,
610 2053 738 2093 etiam
764 2051 945 2092 aliorum
967 2047 1281 2103 Collegiorum;
1304 2046 1347 2086 in
1370 2046 1531 2101 quibus

73 2134 217 2168 tamen
253 2127 484 2168 seminaria
520 2125 778 2166 discentium
822 2123 889 2163 vel
930 2121 1176 2162 docentium
1213 2119 1268 2159 ad
1305 2134 1530 2160 commune

73 2201 284 2242 Ecclesiae
318 2200 482 2241 bonum
519 2197 867 2256 promovendum
903 2203 999 2236 actu
1039 2210 1123 2235 non
1157 2193 1399 2235 habentur:
1437 2192 1530 2234 haee

75 2274 189 2315 enim
213 2280 425 2330 exempta
447 2288 536 2314 esse
560 2271 725 2313 voluit:
761 2277 1059 2327 praeterquam
1095 2267 1259 2308 ratione
1293 2266 1529 2314 redituum,

73 2347 150 2404 qui
172 2347 384 2403 superflui
406 2353 548 2387 essent
569 2345 688 2386 ultra
719 2343 1043 2385 convenientem
1078 2340 1405 2381 seminariorum
1438 2355 1528 2381 sus-

74 2419 376 2467 tentationem,
405 2433 480 2458 seu
503 2417 762 2473 Corporum,
796 2415 865 2456 vel
889 2411 1323 2458 confraternitatum,
1357 2426 1456 2466 quae
1487 2412 1532 2452 in

75 2491 296 2532 nonnullis
316 2491 418 2532 locis
440 2490 594 2532 scholae
624 2488 920 2546 appellantur,
948 2494 991 2527 et
1022 2486 1217 2526 onmium
1251 2486 1530 2526 monasterio-

75 2579 186 2609 rum,
207 2579 292 2604 non
315 2570 460 2604 tamen
481 2562 836 2605 mendicantium,
870 2560 1001 2600 etiam
1034 2574 1086 2600 ex
1118 2558 1305 2605 decimis,
1339 2559 1532 2614 exceptis

75 2636 291 2678 militibus
321 2635 374 2676 Sti
399 2636 583 2677 Joannis
615 2632 1019 2689 Hierosolymitani,
1058 2644 1320 2686 quacunque
1351 2631 1529 2679 ratione,

78 2710 209 2752 etiam
243 2710 299 2750 ad
329 2709 461 2750 laicos
493 2715 536 2750 et
560 2708 722 2748 milites
743 2711 1044 2762 cujuscunque
1066 2703 1236 2743 militiae
1261 2709 1339 2743 aut
1358 2702 1530 2750 ordinis,

79 2783 417 2839 pertinentibus,
441 2788 608 2837 partem
634 2781 842 2835 aliquam,
878 2777 947 2818 vel
982 2776 1238 2832 portionem,
1272 2774 1530 2826 detrahent;

80 2862 123 2896 et
144 2870 237 2896 eam
268 2855 511 2910 portionem
546 2854 602 2894 sic
635 2853 889 2893 detractam.
929 2864 1089 2891 necnon
1123 2848 1332 2890 beneficia
1367 2849 1532 2905 aliquot
