1905 3254
384 317 468 360 318
1009 334 1119 365 snss.
1145 335 1221 364 vn.

383 438 530 479 triduo
554 439 784 480 seditiones
804 453 951 480 omnes
973 454 1020 480 ac
1040 446 1183 480 motus
1203 454 1382 480 suorum
1410 454 1675 496 componere,
1706 441 1839 495 inque

383 512 520 551 officio
551 518 596 551 et
625 511 834 566 obsequio
869 511 1009 552 Gallis
1041 512 1188 553 innato
1221 512 1497 552 subditorum
1533 513 1720 553 omnium
1752 513 1840 552 ani-

383 598 474 623 mos
495 584 682 624 retinere
701 600 709 623 :
732 583 809 624 sed
829 598 914 623 non
936 590 1024 624 tam
1047 599 1148 639 quae
1171 599 1251 624 sua
1272 591 1372 624 sunt
1390 584 1563 638 quaerit,
1584 598 1715 638 quam
1737 598 1838 638 quae

383 662 487 696 sunt
510 655 749 696 Catholicae
770 656 994 705 Ecclesiae‚
1018 663 1060 697 et
1082 657 1301 697 Pontificis
1328 656 1529 703 Maximi,
1553 659 1677 710 cujus
1698 655 1839 711 digni-

384 735 517 769 tatem
540 736 583 770 et
605 728 911 770 authoritatem
934 737 984 770 ut
1006 736 1165 770 sartam
1194 736 1351 770 tectam
1381 730 1426 769 in
1460 729 1607 769 Gallia
1639 729 1837 775 retineat,

382 815 467 840 non
490 801 664 841 dubitat
686 802 796 841 tanti
818 800 962 856 Regni
987 801 1243 856 Imperium,
1267 802 1400 841 vitam
1425 807 1468 841 et
1495 801 1690 841 fortunas
1719 815 1838 855 mag-

382 887 536 913 norum
574 873 841 928 Principum,
879 873 1127 921 Procerum,
1163 880 1206 913 et
1235 873 1498 913 nobiliorum
1527 874 1570 913 in
1592 874 1838 928 periculum

386 945 616 985 adducere.
679 944 769 985 Hic
792 951 857 985 est
881 945 1041 984 Galliae
1063 951 1221 985 nostrae
1243 951 1405 985 status:
1440 945 1533 985 haec
1556 945 1678 985 fundi
1704 945 1840 986 nostri

384 1017 620 1058 calamitas.
686 1016 815 1065 Quod
835 1017 870 1056 si
891 1017 988 1072 quis
1009 1032 1085 1057 nos
1106 1023 1242 1071 roget,
1272 1016 1381 1071 quid
1412 1017 1587 1057 tandem
1619 1017 1730 1057 illud
1762 1024 1838 1065 est,

384 1089 502 1145 quod
522 1104 598 1129 nos
618 1089 907 1144 Ecclesiaque
930 1096 1075 1129 vestra
1099 1089 1327 1129 Gallicana
1360 1096 1587 1144 tantopere
1611 1104 1635 1130 a
1658 1089 1841 1130 Concilii

385 1162 634 1203 Tridentini
655 1163 817 1203 Pi‘ibus
851 1162 1049 1217 expetit?
1080 1177 1165 1202 non
1198 1176 1364 1211 sumus,
1393 1162 1499 1203 Pres
1519 1162 1838 1217 sapientissimi,

384 1235 428 1274 in
468 1234 756 1290 petitionibus
788 1234 946 1273 nostris
978 1233 1135 1273 morosi
1176 1233 1245 1273 vel
1287 1232 1494 1273 difficiles.
1557 1232 1685 1273 Nihil
1718 1233 1841 1274 aliud

385 1306 592 1362 petimus,
616 1320 748 1360 quam
771 1304 888 1360 quod
910 1311 1030 1345 totus
1052 1305 1169 1345 orbis
1185 1305 1459 1345 Christianus
1481 1305 1707 1360 efflagitat,
1723 1304 1840 1360 quod

386 1394 412 1420 a
435 1378 618 1419 Concilii
647 1378 802 1418 Niceni
822 1378 1032 1418 Patribus
1053 1378 1183 1433 petiit
1204 1378 1279 1418 ille
1301 1393 1489 1434 magnus
1513 1379 1838 1420 Constantinus.

386 1451 486 1492 Hoc
506 1452 650 1506 ipsum
681 1466 706 1492 a
732 1451 857 1491 vobis
888 1451 1075 1506 requirit
1106 1451 1203 1491 Rex
1238 1451 1662 1493 Christianissimus:
1698 1453 1840 1493 omnia

383 1523 505 1564 illius
540 1523 766 1578 postulata
800 1524 1090 1571 continentur,
1126 1529 1205 1563 aut
1237 1523 1368 1563 sacris
1399 1523 1639 1564 bibliorum
1661 1523 1837 1573 Literis,

385 1602 464 1636 aut
487 1596 673 1637 vetustis
694 1596 807 1636 Eccae
831 1596 1070 1636 Catholicae
1104 1595 1321 1642 conciliis,
1357 1603 1434 1636 aut
1465 1597 1655 1651 antiquis
1689 1598 1837 1638 Ponti-

385 1667 513 1708 ficum
550 1674 594 1708 et
628 1667 765 1709 Pium
806 1667 1216 1715 Constitutionibus,
1258 1668 1454 1717 decretis,
1496 1676 1539 1710 et
1573 1669 1838 1712 canonibus.

384 1738 497 1780 Haee
519 1746 630 1789 sunt,
654 1740 760 1789 haec,
782 1741 977 1795 inquam,
1001 1747 1113 1788 sunt,
1147 1755 1332 1796 quorum
1362 1742 1536 1782 nomine
1567 1741 1664 1783 Rex
1693 1741 1839 1783 Chris-

383 1812 661 1860 tianissimus,
695 1813 808 1853 Ecc:ae
837 1812 1074 1853 Catholicae
1109 1813 1426 1869 primogenitus
1453 1814 1583 1861 filius,
1614 1815 1741 1863 Eccae,
1776 1815 1838 1855 in-

383 1899 530 1939 quam,
556 1885 792 1927 Catholicae
814 1887 926 1942 petit
955 1886 1274 1927 restitutionem
1296 1887 1341 1927 in
1363 1887 1586 1942 integrum
1607 1887 1727 1942 apud
1748 1902 1837 1936 vos,

383 1973 492 2013 quos
531 1958 590 1999 D.
627 1960 685 2000 N.
729 1959 760 2000 J
763 1974 862 2000 esus
902 1958 1106 2000 Christus
1142 1966 1353 2015 praetores
1393 1959 1615 2015 legitimos
1648 1961 1837 2010 creavit3

382 2045 524 2086 neque
545 2031 623 2073 hoc
645 2032 791 2087 ipsum
812 2032 981 2087 petitur
1002 2047 1055 2072 ex
1083 2032 1280 2073 clausula
1316 2034 1385 2085 (ut
1416 2031 1592 2085 dicitur>
1630 2033 1837 2088 generali,

381 2104 460 2145 sed
481 2121 535 2146 ex
558 2106 703 2146 verbis
725 2106 940 2161 expressis
970 2104 1100 2145 edicti
1120 2105 1240 2145 illius
1272 2104 1409 2146 divini
1438 2112 1483 2146 et
1514 2106 1732 2161 perpetui,
1765 2104 1838 2146 ad-

385 2192 536 2218 versus
559 2177 678 2233 quod
697 2192 919 2233 nunquam
942 2178 1038 2227 fuit,
1067 2193 1210 2233 neque
1241 2193 1437 2234 unquam
1471 2179 1554 2219 erit
1582 2178 1839 2233 usucapioni

383 2257 460 2291 aut
503 2251 820 2307 praescriptioni
860 2251 991 2291 locus.
1073 2251 1274 2292 Redeant
1315 2252 1440 2306 quasi
1485 2251 1753 2305 postliminio
1794 2251 1838 2291 in

382 2331 572 2365 sanctam
607 2324 695 2365 Dei
725 2324 960 2371 civitatem,
995 2330 1038 2364 et
1065 2324 1109 2364 in
1132 2323 1273 2364 lucem
1296 2323 1516 2364 hominum
1538 2322 1715 2364 tandem
1738 2337 1836 2378 pro-

382 2395 529 2447 deant,
553 2412 650 2452 quae
672 2397 882 2452 antiquus
902 2395 1037 2437 hostis
1059 2395 1223 2437 Sathan
1246 2396 1290 2437 vi
1313 2396 1489 2451 eripuit,
1513 2402 1557 2437 et
1578 2396 1709 2451 longo
1730 2402 1836 2437 tem-

382 2483 487 2524 pore
509 2470 762 2525 suppressit.
797 2470 866 2510 Sic
887 2469 1052 2510 Darius
1073 2470 1304 2510 Persarum
1326 2468 1423 2509 Rex
1444 2476 1588 2510 motus
1609 2470 1652 2509 in
1675 2469 1705 2510 J
1708 2469 1838 2510 udaea

381 2550 562 2598 propter
595 2544 853 2600 religionem
890 2543 1098 2585 excitatos
1133 2542 1327 2593 sedavit3
1361 2558 1447 2583 non
1479 2544 1594 2584 enim
1631 2542 1686 2584 ad
1717 2557 1836 2584 arma

383 2617 599 2663 continuo,
642 2632 810 2666 verum,
851 2623 902 2658 ut
941 2621 1155 2673 maJorum
1193 2631 1369 2657 suorum
1409 2617 1531 2674 leges
1572 2624 1615 2659 et
1654 2618 1838 2673 antiqua

385 2689 528 2731 edicta
549 2691 890 2746 inquirerentur,
909 2690 1067 2746 Jussit3
1099 2690 1415 2745 inventumque
1437 2689 1574 2746 Regis
1597 2689 1704 2746 Cyri
1725 2690 1835 2730 edic-

385 2767 479 2801 tum
501 2762 554 2803 de
575 2763 720 2804 reditu
742 2763 772 2805 J
775 2763 1001 2804 udaeorum
1022 2762 1066 2803 in
1087 2762 1118 2802 J
1122 2761 1310 2810 udaeam,
1343 2768 1386 2803 et
1413 2762 1592 2817 Templi
1619 2762 1834 2803 instaura-

385 2833 501 2875 tione
531 2850 555 2876 a
582 2837 821 2891 majoribus
841 2837 929 2878 suis
949 2835 1214 2891 neglectum,
1237 2834 1461 2877 mandavit
1492 2835 1750 2883 executioni,
1784 2849 1832 2875 ac
