<?xml version="1.0" encoding="UTF-8"?>
<!DOCTYPE html PUBLIC "-//W3C//DTD XHTML 1.0 Transitional//EN"
    "http://www.w3.org/TR/xhtml1/DTD/xhtml1-transitional.dtd">
<html xmlns="http://www.w3.org/1999/xhtml" xml:lang="en" lang="en">
 <head>
  <title>
</title>
<meta http-equiv="Content-Type" content="text/html;charset=utf-8" />
  <meta name='ocr-system' content='tesseract 3.04.00' />
  <meta name='ocr-capabilities' content='ocr_page ocr_carea ocr_par ocr_line ocrx_word'/>
</head>
<body>
  <div class='ocr_page' id='page_1' title='image "actaconciliitrid00paleuoft_0069.png"; bbox 0 0 1905 3254; ppageno 0'>
   <div class='ocr_carea' id='block_1_1' title="bbox 708 272 1527 314">
    <p class='ocr_par' dir='ltr' id='par_1_1' title="bbox 708 272 1527 314">
     <span class='ocr_line' id='line_1_1' title="bbox 708 272 1527 314; baseline 0 -14"><span class='ocrx_word' id='word_1_1' title='bbox 708 272 822 302; x_wconf 67' lang='lat' dir='ltr'>snss.</span> <span class='ocrx_word' id='word_1_2' title='bbox 850 272 876 301; x_wconf 83' lang='lat'>1.</span> <span class='ocrx_word' id='word_1_3' title='bbox 1473 273 1527 314; x_wconf 83' lang='lat'>23</span> 
     </span>
    </p>
   </div>
   <div class='ocr_carea' id='block_1_2' title="bbox 65 390 1526 2857">
    <p class='ocr_par' dir='ltr' id='par_1_2' title="bbox 65 390 1526 1395">
     <span class='ocr_line' id='line_1_2' title="bbox 67 390 1519 447; baseline 0.001 -15"><span class='ocrx_word' id='word_1_4' title='bbox 67 406 226 447; x_wconf 88' lang='lat' dir='ltr'>cupere</span> <span class='ocrx_word' id='word_1_5' title='bbox 266 391 363 432; x_wconf 88' lang='lat' dir='ltr'>ideo</span> <span class='ocrx_word' id='word_1_6' title='bbox 404 406 475 432; x_wconf 85' lang='lat' dir='ltr'>eos</span> <span class='ocrx_word' id='word_1_7' title='bbox 513 391 714 447; x_wconf 84' lang='lat' dir='ltr'>inprimis</span> <span class='ocrx_word' id='word_1_8' title='bbox 753 397 803 432; x_wconf 92' lang='lat' dir='ltr'>ut</span> <span class='ocrx_word' id='word_1_9' title='bbox 843 390 936 432; x_wconf 85' lang='lat' dir='ltr'>haec</span> <span class='ocrx_word' id='word_1_10' title='bbox 972 392 1221 447; x_wconf 82' lang='lat' dir='ltr'>prosecutio</span> <span class='ocrx_word' id='word_1_11' title='bbox 1261 391 1519 434; x_wconf 82' lang='lat' dir='ltr'>declaretur.</span> 
     </span>
     <span class='ocr_line' id='line_1_3' title="bbox 67 463 1521 520; baseline 0.001 -16"><span class='ocrx_word' id='word_1_12' title='bbox 67 463 251 504; x_wconf 85' lang='lat' dir='ltr'>Hortari</span> <span class='ocrx_word' id='word_1_13' title='bbox 285 479 356 505; x_wconf 88' lang='lat' dir='ltr'>eos</span> <span class='ocrx_word' id='word_1_14' title='bbox 387 470 431 505; x_wconf 89' lang='lat' dir='ltr'>ct</span> <span class='ocrx_word' id='word_1_15' title='bbox 471 478 659 512; x_wconf 88' lang='lat' dir='ltr'>monere,</span> <span class='ocrx_word' id='word_1_16' title='bbox 692 471 786 504; x_wconf 91' lang='lat' dir='ltr'>tum</span> <span class='ocrx_word' id='word_1_17' title='bbox 822 463 962 520; x_wconf 84' lang='lat' dir='ltr'>legati</span> <span class='ocrx_word' id='word_1_18' title='bbox 995 471 1088 506; x_wconf 90' lang='lat' dir='ltr'>tum</span> <span class='ocrx_word' id='word_1_19' title='bbox 1123 465 1197 505; x_wconf 88' lang='lat' dir='ltr'>alii</span> <span class='ocrx_word' id='word_1_20' title='bbox 1223 464 1406 506; x_wconf 83' lang='lat' dir='ltr'>Praelati</span> <span class='ocrx_word' id='word_1_21' title='bbox 1435 480 1521 506; x_wconf 92' lang='lat' dir='ltr'>non</span> 
     </span>
     <span class='ocr_line' id='line_1_4' title="bbox 66 534 1519 593; baseline 0.003 -18"><span class='ocrx_word' id='word_1_22' title='bbox 66 534 345 584; x_wconf 89' lang='lat' dir='ltr'>destiterunt,</span> <span class='ocrx_word' id='word_1_23' title='bbox 367 551 421 576; x_wconf 92' lang='lat' dir='ltr'>ne</span> <span class='ocrx_word' id='word_1_24' title='bbox 452 537 517 577; x_wconf 89' lang='lat' dir='ltr'>ita</span> <span class='ocrx_word' id='word_1_25' title='bbox 547 537 736 592; x_wconf 90' lang='lat' dir='ltr'>primum</span> <span class='ocrx_word' id='word_1_26' title='bbox 768 536 903 592; x_wconf 88' lang='lat' dir='ltr'>hujus</span> <span class='ocrx_word' id='word_1_27' title='bbox 933 544 1215 578; x_wconf 73' lang='lat' dir='ltr'>sacrosanctae</span> <span class='ocrx_word' id='word_1_28' title='bbox 1239 537 1401 593; x_wconf 77' lang='lat' dir='ltr'>Synodi</span> <span class='ocrx_word' id='word_1_29' title='bbox 1423 554 1519 580; x_wconf 90' lang='lat' dir='ltr'>con-</span> 
     </span>
     <span class='ocr_line' id='line_1_5' title="bbox 65 608 1520 666; baseline 0.003 -19"><span class='ocrx_word' id='word_1_30' title='bbox 65 622 261 663; x_wconf 88' lang='lat' dir='ltr'>gressum</span> <span class='ocrx_word' id='word_1_31' title='bbox 282 608 632 650; x_wconf 82' lang='lat' dir='ltr'>interturbarent</span> <span class='ocrx_word' id='word_1_32' title='bbox 651 625 658 648; x_wconf 88' lang='lat'>:</span> <span class='ocrx_word' id='word_1_33' title='bbox 692 609 802 649; x_wconf 88' lang='lat' dir='ltr'>nihil</span> <span class='ocrx_word' id='word_1_34' title='bbox 836 609 930 650; x_wconf 93' lang='lat' dir='ltr'>illos</span> <span class='ocrx_word' id='word_1_35' title='bbox 952 624 1164 665; x_wconf 80' lang='lat' dir='ltr'>quaerere,</span> <span class='ocrx_word' id='word_1_36' title='bbox 1189 610 1309 666; x_wconf 91' lang='lat' dir='ltr'>quod</span> <span class='ocrx_word' id='word_1_37' title='bbox 1332 611 1520 652; x_wconf 84' lang='lat' dir='ltr'>Sanctis-</span> 
     </span>
     <span class='ocr_line' id='line_1_6' title="bbox 66 681 1519 726; baseline 0.003 -5"><span class='ocrx_word' id='word_1_38' title='bbox 66 681 199 721; x_wconf 85' lang='lat' dir='ltr'>simus</span> <span class='ocrx_word' id='word_1_39' title='bbox 216 681 274 722; x_wconf 85' lang='lat' dir='ltr'>N.</span> <span class='ocrx_word' id='word_1_40' title='bbox 292 682 632 723; x_wconf 80' lang='lat' dir='ltr'>assentientibus</span> <span class='ocrx_word' id='word_1_41' title='bbox 644 681 917 723; x_wconf 87' lang='lat' dir='ltr'>Tridentinis</span> <span class='ocrx_word' id='word_1_42' title='bbox 932 683 1140 724; x_wconf 88' lang='lat' dir='ltr'>Patribus</span> <span class='ocrx_word' id='word_1_43' title='bbox 1157 683 1213 724; x_wconf 92' lang='lat' dir='ltr'>sit</span> <span class='ocrx_word' id='word_1_44' title='bbox 1225 691 1519 726; x_wconf 83' lang='lat' dir='ltr'>recusaturus.</span> 
     </span>
     <span class='ocr_line' id='line_1_7' title="bbox 68 752 1522 811; baseline 0.003 -18"><span class='ocrx_word' id='word_1_45' title='bbox 68 752 138 794; x_wconf 87' lang='lat' dir='ltr'>Ita</span> <span class='ocrx_word' id='word_1_46' title='bbox 159 753 272 794; x_wconf 89' lang='lat' dir='ltr'>enim</span> <span class='ocrx_word' id='word_1_47' title='bbox 296 760 340 794; x_wconf 91' lang='lat' dir='ltr'>et</span> <span class='ocrx_word' id='word_1_48' title='bbox 360 754 527 795; x_wconf 89' lang='lat' dir='ltr'>bullam</span> <span class='ocrx_word' id='word_1_49' title='bbox 549 755 792 795; x_wconf 82' lang='lat' dir='ltr'>sanctitatis</span> <span class='ocrx_word' id='word_1_50' title='bbox 813 770 905 796; x_wconf 76' lang='lat' dir='ltr'>suae</span> <span class='ocrx_word' id='word_1_51' title='bbox 927 756 1185 811; x_wconf 87' lang='lat' dir='ltr'>significare,</span> <span class='ocrx_word' id='word_1_52' title='bbox 1208 756 1312 797; x_wconf 92' lang='lat' dir='ltr'>dum</span> <span class='ocrx_word' id='word_1_53' title='bbox 1337 756 1522 798; x_wconf 90' lang='lat' dir='ltr'>Concilii</span> 
     </span>
     <span class='ocr_line' id='line_1_8' title="bbox 65 829 1523 886; baseline 0.001 -17"><span class='ocrx_word' id='word_1_54' title='bbox 65 829 388 884; x_wconf 86' lang='lat' dir='ltr'>suspensionem</span> <span class='ocrx_word' id='word_1_55' title='bbox 410 829 538 878; x_wconf 85' lang='lat' dir='ltr'>tollit,</span> <span class='ocrx_word' id='word_1_56' title='bbox 560 829 621 870; x_wconf 90' lang='lat' dir='ltr'>ita</span> <span class='ocrx_word' id='word_1_57' title='bbox 643 836 686 870; x_wconf 91' lang='lat' dir='ltr'>et</span> <span class='ocrx_word' id='word_1_58' title='bbox 707 830 946 871; x_wconf 86' lang='lat' dir='ltr'>existimari</span> <span class='ocrx_word' id='word_1_59' title='bbox 974 835 1065 886; x_wconf 85' lang='lat' dir='ltr'>jam</span> <span class='ocrx_word' id='word_1_60' title='bbox 1088 831 1291 871; x_wconf 82' lang='lat' dir='ltr'>omnibus</span> <span class='ocrx_word' id='word_1_61' title='bbox 1312 831 1523 872; x_wconf 89' lang='lat' dir='ltr'>Patribus</span> 
     </span>
     <span class='ocr_line' id='line_1_9' title="bbox 65 904 1521 960; baseline 0.002 -17"><span class='ocrx_word' id='word_1_62' title='bbox 65 917 156 943; x_wconf 91' lang='lat' dir='ltr'>esse</span> <span class='ocrx_word' id='word_1_63' title='bbox 178 904 466 959; x_wconf 88' lang='lat' dir='ltr'>propositum,</span> <span class='ocrx_word' id='word_1_64' title='bbox 488 910 538 944; x_wconf 93' lang='lat' dir='ltr'>ut</span> <span class='ocrx_word' id='word_1_65' title='bbox 569 918 621 944; x_wconf 91' lang='lat' dir='ltr'>ca</span> <span class='ocrx_word' id='word_1_66' title='bbox 652 910 938 960; x_wconf 84' lang='lat' dir='ltr'>peragantur,</span> <span class='ocrx_word' id='word_1_67' title='bbox 963 919 1064 959; x_wconf 78' lang='lat' dir='ltr'>quae</span> <span class='ocrx_word' id='word_1_68' title='bbox 1097 904 1201 945; x_wconf 90' lang='lat' dir='ltr'>olim</span> <span class='ocrx_word' id='word_1_69' title='bbox 1229 905 1406 946; x_wconf 89' lang='lat' dir='ltr'>fuerant</span> <span class='ocrx_word' id='word_1_70' title='bbox 1437 905 1521 946; x_wconf 88' lang='lat' dir='ltr'>sub</span> 
     </span>
     <span class='ocr_line' id='line_1_10' title="bbox 65 974 1522 1033; baseline 0.003 -19"><span class='ocrx_word' id='word_1_71' title='bbox 65 974 97 1015; x_wconf 86' lang='lat' dir='ltr'>J</span> <span class='ocrx_word' id='word_1_72' title='bbox 100 974 189 1015; x_wconf 87' lang='lat' dir='ltr'>ulio</span> <span class='ocrx_word' id='word_1_73' title='bbox 211 975 303 1017; x_wconf 89' lang='lat' dir='ltr'>III.</span> <span class='ocrx_word' id='word_1_74' title='bbox 327 977 584 1018; x_wconf 86' lang='lat' dir='ltr'>intermissa.</span> <span class='ocrx_word' id='word_1_75' title='bbox 649 976 874 1017; x_wconf 79' lang='lat' dir='ltr'>Caeterum</span> <span class='ocrx_word' id='word_1_76' title='bbox 902 977 1071 1032; x_wconf 88' lang='lat' dir='ltr'>optima</span> <span class='ocrx_word' id='word_1_77' title='bbox 1098 977 1280 1025; x_wconf 89' lang='lat' dir='ltr'>ratione,</span> <span class='ocrx_word' id='word_1_78' title='bbox 1305 992 1406 1033; x_wconf 83' lang='lat' dir='ltr'>quae</span> <span class='ocrx_word' id='word_1_79' title='bbox 1438 978 1522 1018; x_wconf 87' lang='lat' dir='ltr'>illis</span> 
     </span>
     <span class='ocr_line' id='line_1_11' title="bbox 67 1047 1520 1106; baseline 0.002 -18"><span class='ocrx_word' id='word_1_80' title='bbox 67 1047 170 1089; x_wconf 69' lang='lat' dir='ltr'>alias</span> <span class='ocrx_word' id='word_1_81' title='bbox 185 1049 272 1089; x_wconf 87' lang='lat' dir='ltr'>fuit</span> <span class='ocrx_word' id='word_1_82' title='bbox 293 1050 552 1105; x_wconf 85' lang='lat' dir='ltr'>significata,</span> <span class='ocrx_word' id='word_1_83' title='bbox 569 1049 878 1090; x_wconf 88' lang='lat' dir='ltr'>abstinendum</span> <span class='ocrx_word' id='word_1_84' title='bbox 902 1063 992 1089; x_wconf 85' lang='lat' dir='ltr'>esse</span> <span class='ocrx_word' id='word_1_85' title='bbox 1014 1049 1057 1089; x_wconf 89' lang='lat' dir='ltr'>in</span> <span class='ocrx_word' id='word_1_86' title='bbox 1080 1050 1272 1105; x_wconf 83' lang='lat' dir='ltr'>presenti</span> <span class='ocrx_word' id='word_1_87' title='bbox 1295 1050 1351 1090; x_wconf 88' lang='lat' dir='ltr'>ab</span> <span class='ocrx_word' id='word_1_88' title='bbox 1368 1050 1520 1106; x_wconf 85' lang='lat' dir='ltr'>hujus-</span> 
     </span>
     <span class='ocr_line' id='line_1_12' title="bbox 67 1121 1520 1179; baseline 0.003 -18"><span class='ocrx_word' id='word_1_89' title='bbox 67 1121 183 1162; x_wconf 89' lang='lat' dir='ltr'>modi</span> <span class='ocrx_word' id='word_1_90' title='bbox 211 1123 588 1179; x_wconf 78' lang='lat' dir='ltr'>promulgati01103</span> <span class='ocrx_word' id='word_1_91' title='bbox 621 1122 726 1163; x_wconf 90' lang='lat' dir='ltr'>satis</span> <span class='ocrx_word' id='word_1_92' title='bbox 754 1122 838 1162; x_wconf 90' lang='lat' dir='ltr'>illis</span> <span class='ocrx_word' id='word_1_93' title='bbox 869 1137 974 1170; x_wconf 88' lang='lat' dir='ltr'>csse,</span> <span class='ocrx_word' id='word_1_94' title='bbox 998 1123 1033 1162; x_wconf 89' lang='lat' dir='ltr'>si</span> <span class='ocrx_word' id='word_1_95' title='bbox 1060 1138 1106 1163; x_wconf 88' lang='lat' dir='ltr'>re</span> <span class='ocrx_word' id='word_1_96' title='bbox 1138 1123 1236 1178; x_wconf 86' lang='lat' dir='ltr'>ipsa</span> <span class='ocrx_word' id='word_1_97' title='bbox 1267 1131 1520 1179; x_wconf 75' lang='lat' dir='ltr'>praestetur,</span> 
     </span>
     <span class='ocr_line' id='line_1_13' title="bbox 67 1193 1522 1250; baseline 0.002 -17"><span class='ocrx_word' id='word_1_98' title='bbox 67 1193 186 1248; x_wconf 92' lang='lat' dir='ltr'>quod</span> <span class='ocrx_word' id='word_1_99' title='bbox 222 1195 367 1235; x_wconf 76' lang='lat' dir='ltr'>verbis</span> <span class='ocrx_word' id='word_1_100' title='bbox 407 1194 594 1250; x_wconf 90' lang='lat' dir='ltr'>cupiunt</span> <span class='ocrx_word' id='word_1_101' title='bbox 628 1193 853 1241; x_wconf 86' lang='lat' dir='ltr'>declarari,</span> <span class='ocrx_word' id='word_1_102' title='bbox 882 1194 1079 1249; x_wconf 81' lang='lat' dir='ltr'>graviter</span> <span class='ocrx_word' id='word_1_103' title='bbox 1111 1209 1241 1250; x_wconf 89' lang='lat' dir='ltr'>porro</span> <span class='ocrx_word' id='word_1_104' title='bbox 1278 1209 1350 1235; x_wconf 89' lang='lat' dir='ltr'>eos</span> <span class='ocrx_word' id='word_1_105' title='bbox 1385 1195 1522 1236; x_wconf 87' lang='lat' dir='ltr'>delin-</span> 
     </span>
     <span class='ocr_line' id='line_1_14' title="bbox 67 1266 1526 1322; baseline 0.002 -17"><span class='ocrx_word' id='word_1_106' title='bbox 67 1280 216 1321; x_wconf 84' lang='lat' dir='ltr'>quere,</span> <span class='ocrx_word' id='word_1_107' title='bbox 240 1267 315 1322; x_wconf 89' lang='lat' dir='ltr'>qui</span> <span class='ocrx_word' id='word_1_108' title='bbox 338 1266 452 1307; x_wconf 90' lang='lat' dir='ltr'>hisce</span> <span class='ocrx_word' id='word_1_109' title='bbox 474 1266 817 1306; x_wconf 86' lang='lat' dir='ltr'>dissentionibus</span> <span class='ocrx_word' id='word_1_110' title='bbox 837 1281 1042 1321; x_wconf 87' lang='lat' dir='ltr'>magnam</span> <span class='ocrx_word' id='word_1_111' title='bbox 1077 1266 1338 1308; x_wconf 86' lang='lat' dir='ltr'>adversariis</span> <span class='ocrx_word' id='word_1_112' title='bbox 1368 1268 1526 1309; x_wconf 87' lang='lat' dir='ltr'>nostris</span> 
     </span>
     <span class='ocr_line' id='line_1_15' title="bbox 66 1339 807 1395; baseline -0.001 -15"><span class='ocrx_word' id='word_1_113' title='bbox 66 1339 321 1380; x_wconf 87' lang='lat' dir='ltr'>criminandi</span> <span class='ocrx_word' id='word_1_114' title='bbox 346 1355 520 1380; x_wconf 87' lang='lat' dir='ltr'>causam</span> <span class='ocrx_word' id='word_1_115' title='bbox 543 1340 807 1395; x_wconf 81' lang='lat' dir='ltr'>praeberent.</span> 
     </span>
    </p>

    <p class='ocr_par' dir='ltr' id='par_1_3' title="bbox 65 1412 1525 2857">
     <span class='ocr_line' id='line_1_16' title="bbox 126 1412 1523 1469; baseline 0 -15"><span class='ocrx_word' id='word_1_116' title='bbox 126 1413 240 1454; x_wconf 89' lang='lat' dir='ltr'>Cum</span> <span class='ocrx_word' id='word_1_117' title='bbox 264 1414 411 1454; x_wconf 85' lang='lat' dir='ltr'>verbis</span> <span class='ocrx_word' id='word_1_118' title='bbox 440 1414 537 1454; x_wconf 88' lang='lat' dir='ltr'>istis</span> <span class='ocrx_word' id='word_1_119' title='bbox 571 1413 875 1469; x_wconf 86' lang='lat' dir='ltr'>Hispanorum</span> <span class='ocrx_word' id='word_1_120' title='bbox 909 1412 1088 1453; x_wconf 88' lang='lat' dir='ltr'>consilia</span> <span class='ocrx_word' id='word_1_121' title='bbox 1118 1428 1204 1453; x_wconf 92' lang='lat' dir='ltr'>non</span> <span class='ocrx_word' id='word_1_122' title='bbox 1236 1428 1417 1469; x_wconf 89' lang='lat' dir='ltr'>prorsus</span> <span class='ocrx_word' id='word_1_123' title='bbox 1451 1413 1523 1454; x_wconf 92' lang='lat' dir='ltr'>ad-</span> 
     </span>
     <span class='ocr_line' id='line_1_17' title="bbox 67 1485 1524 1541; baseline 0.001 -16"><span class='ocrx_word' id='word_1_124' title='bbox 67 1491 356 1534; x_wconf 84' lang='lat' dir='ltr'>verterentur,</span> <span class='ocrx_word' id='word_1_125' title='bbox 370 1486 524 1541; x_wconf 89' lang='lat' dir='ltr'>illique</span> <span class='ocrx_word' id='word_1_126' title='bbox 546 1485 673 1525; x_wconf 87' lang='lat' dir='ltr'>simul</span> <span class='ocrx_word' id='word_1_127' title='bbox 697 1500 844 1525; x_wconf 84' lang='lat' dir='ltr'>omnes</span> <span class='ocrx_word' id='word_1_128' title='bbox 865 1486 906 1525; x_wconf 92' lang='lat' dir='ltr'>in</span> <span class='ocrx_word' id='word_1_129' title='bbox 930 1485 1102 1525; x_wconf 51' lang='lat' dir='ltr'>¹‘edibus</span> <span class='ocrx_word' id='word_1_130' title='bbox 1121 1485 1407 1526; x_wconf 81' lang='lat' dir='ltr'>Granatensis</span> <span class='ocrx_word' id='word_1_131' title='bbox 1429 1501 1524 1527; x_wconf 90' lang='lat' dir='ltr'>con-</span> 
     </span>
     <span class='ocr_line' id='line_1_18' title="bbox 67 1557 1524 1614; baseline 0 -15"><span class='ocrx_word' id='word_1_132' title='bbox 67 1558 302 1607; x_wconf 84' lang='lat' dir='ltr'>venissent,</span> <span class='ocrx_word' id='word_1_133' title='bbox 326 1565 376 1599; x_wconf 91' lang='lat' dir='ltr'>ut</span> <span class='ocrx_word' id='word_1_134' title='bbox 407 1559 570 1599; x_wconf 87' lang='lat' dir='ltr'>certius</span> <span class='ocrx_word' id='word_1_135' title='bbox 592 1558 646 1598; x_wconf 88' lang='lat' dir='ltr'>de</span> <span class='ocrx_word' id='word_1_136' title='bbox 668 1564 760 1598; x_wconf 90' lang='lat' dir='ltr'>toto</span> <span class='ocrx_word' id='word_1_137' title='bbox 781 1557 859 1598; x_wconf 91' lang='lat' dir='ltr'>hoc</span> <span class='ocrx_word' id='word_1_138' title='bbox 882 1559 1061 1614; x_wconf 83' lang='lat' dir='ltr'>negotio</span> <span class='ocrx_word' id='word_1_139' title='bbox 1093 1557 1406 1607; x_wconf 86' lang='lat' dir='ltr'>deliberarent,</span> <span class='ocrx_word' id='word_1_140' title='bbox 1429 1566 1524 1600; x_wconf 90' lang='lat' dir='ltr'>tum</span> 
     </span>
     <span class='ocr_line' id='line_1_19' title="bbox 65 1630 1524 1688; baseline -0.001 -16"><span class='ocrx_word' id='word_1_141' title='bbox 65 1631 205 1688; x_wconf 81' lang='lat' dir='ltr'>legati</span> <span class='ocrx_word' id='word_1_142' title='bbox 226 1631 422 1673; x_wconf 90' lang='lat' dir='ltr'>indicunt</span> <span class='ocrx_word' id='word_1_143' title='bbox 443 1631 691 1687; x_wconf 83' lang='lat' dir='ltr'>generalem</span> <span class='ocrx_word' id='word_1_144' title='bbox 708 1630 1106 1685; x_wconf 76' lang='lat' dir='ltr'>Congregationem</span> <span class='ocrx_word' id='word_1_145' title='bbox 1125 1631 1335 1672; x_wconf 89' lang='lat' dir='ltr'>Patribus</span> <span class='ocrx_word' id='word_1_146' title='bbox 1351 1632 1395 1672; x_wconf 90' lang='lat' dir='ltr'>in</span> <span class='ocrx_word' id='word_1_147' title='bbox 1409 1631 1524 1672; x_wconf 89' lang='lat' dir='ltr'>diem</span> 
     </span>
     <span class='ocr_line' id='line_1_20' title="bbox 65 1702 1524 1761; baseline -0.001 -15"><span class='ocrx_word' id='word_1_148' title='bbox 65 1706 309 1761; x_wconf 85' lang='lat' dir='ltr'>proximam</span> <span class='ocrx_word' id='word_1_149' title='bbox 330 1711 599 1759; x_wconf 88' lang='lat' dir='ltr'>sequentem,</span> <span class='ocrx_word' id='word_1_150' title='bbox 623 1718 723 1758; x_wconf 81' lang='lat' dir='ltr'>quae</span> <span class='ocrx_word' id='word_1_151' title='bbox 746 1710 840 1743; x_wconf 89' lang='lat' dir='ltr'>erat</span> <span class='ocrx_word' id='word_1_152' title='bbox 861 1702 966 1743; x_wconf 86' lang='lat' dir='ltr'>XV.</span> <span class='ocrx_word' id='word_1_153' title='bbox 986 1703 1204 1744; x_wconf 88' lang='lat' dir='ltr'>Januarii.</span> <span class='ocrx_word' id='word_1_154' title='bbox 1261 1703 1425 1744; x_wconf 88' lang='lat' dir='ltr'>Cursor</span> <span class='ocrx_word' id='word_1_155' title='bbox 1446 1703 1524 1744; x_wconf 93' lang='lat' dir='ltr'>hoc</span> 
     </span>
     <span class='ocr_line' id='line_1_21' title="bbox 65 1773 1524 1829; baseline -0.003 -11"><span class='ocrx_word' id='word_1_156' title='bbox 65 1777 275 1818; x_wconf 88' lang='lat' dir='ltr'>Patribus</span> <span class='ocrx_word' id='word_1_157' title='bbox 301 1776 513 1823; x_wconf 89' lang='lat' dir='ltr'>omnibus,</span> <span class='ocrx_word' id='word_1_158' title='bbox 547 1775 766 1829; x_wconf 87' lang='lat' dir='ltr'>simulque</span> <span class='ocrx_word' id='word_1_159' title='bbox 802 1773 1018 1828; x_wconf 86' lang='lat' dir='ltr'>Hispanis</span> <span class='ocrx_word' id='word_1_160' title='bbox 1050 1773 1171 1827; x_wconf 86' lang='lat' dir='ltr'>apud</span> <span class='ocrx_word' id='word_1_161' title='bbox 1206 1774 1524 1814; x_wconf 88' lang='lat' dir='ltr'>Granatensem</span> 
     </span>
     <span class='ocr_line' id='line_1_22' title="bbox 65 1846 1524 1903; baseline -0.002 -12"><span class='ocrx_word' id='word_1_162' title='bbox 65 1851 221 1892; x_wconf 80' lang='lat' dir='ltr'>coactis</span> <span class='ocrx_word' id='word_1_163' title='bbox 253 1849 503 1891; x_wconf 85' lang='lat' dir='ltr'>denunciat.</span> <span class='ocrx_word' id='word_1_164' title='bbox 567 1848 660 1889; x_wconf 93' lang='lat' dir='ltr'>Ubi</span> <span class='ocrx_word' id='word_1_165' title='bbox 689 1847 885 1903; x_wconf 87' lang='lat' dir='ltr'>Hispani</span> <span class='ocrx_word' id='word_1_166' title='bbox 915 1846 1030 1887; x_wconf 87' lang='lat' dir='ltr'>diem</span> <span class='ocrx_word' id='word_1_167' title='bbox 1053 1853 1222 1887; x_wconf 88' lang='lat' dir='ltr'>certum</span> <span class='ocrx_word' id='word_1_168' title='bbox 1256 1846 1524 1902; x_wconf 86' lang='lat' dir='ltr'>brevemque</span> 
     </span>
     <span class='ocr_line' id='line_1_23' title="bbox 67 1920 1525 1980; baseline -0.004 -14"><span class='ocrx_word' id='word_1_169' title='bbox 67 1923 414 1980; x_wconf 85' lang='lat' dir='ltr'>Congregationi</span> <span class='ocrx_word' id='word_1_170' title='bbox 447 1923 748 1979; x_wconf 81' lang='lat' dir='ltr'>praestitutum</span> <span class='ocrx_word' id='word_1_171' title='bbox 782 1920 1052 1975; x_wconf 84' lang='lat' dir='ltr'>intelligunt,</span> <span class='ocrx_word' id='word_1_172' title='bbox 1087 1934 1222 1975; x_wconf 91' lang='lat' dir='ltr'>seque</span> <span class='ocrx_word' id='word_1_173' title='bbox 1257 1934 1347 1960; x_wconf 91' lang='lat' dir='ltr'>rem</span> <span class='ocrx_word' id='word_1_174' title='bbox 1380 1920 1525 1960; x_wconf 89' lang='lat' dir='ltr'>conari</span> 
     </span>
     <span class='ocr_line' id='line_1_24' title="bbox 65 1993 1523 2049; baseline -0.004 -9"><span class='ocrx_word' id='word_1_175' title='bbox 65 1999 267 2040; x_wconf 88' lang='lat' dir='ltr'>omnibus</span> <span class='ocrx_word' id='word_1_176' title='bbox 287 1997 475 2038; x_wconf 85' lang='lat' dir='ltr'>maxime</span> <span class='ocrx_word' id='word_1_177' title='bbox 498 1995 705 2043; x_wconf 85' lang='lat' dir='ltr'>odiosam,</span> <span class='ocrx_word' id='word_1_178' title='bbox 728 2001 785 2043; x_wconf 91' lang='lat' dir='ltr'>et,</span> <span class='ocrx_word' id='word_1_179' title='bbox 807 2001 859 2035; x_wconf 92' lang='lat' dir='ltr'>ut</span> <span class='ocrx_word' id='word_1_180' title='bbox 881 1994 1083 2034; x_wconf 92' lang='lat' dir='ltr'>nonnulli</span> <span class='ocrx_word' id='word_1_181' title='bbox 1105 2009 1159 2034; x_wconf 88' lang='lat' dir='ltr'>ex</span> <span class='ocrx_word' id='word_1_182' title='bbox 1182 1993 1243 2034; x_wconf 89' lang='lat' dir='ltr'>eis</span> <span class='ocrx_word' id='word_1_183' title='bbox 1264 1993 1523 2049; x_wconf 85' lang='lat' dir='ltr'>interpreta-</span> 
     </span>
     <span class='ocr_line' id='line_1_25' title="bbox 65 2067 1523 2127; baseline -0.005 -13"><span class='ocrx_word' id='word_1_184' title='bbox 65 2073 244 2120; x_wconf 83' lang='lat' dir='ltr'>bantur,</span> <span class='ocrx_word' id='word_1_185' title='bbox 267 2084 656 2127; x_wconf 78' lang='lat' dir='ltr'>supervacaneam,</span> <span class='ocrx_word' id='word_1_186' title='bbox 680 2084 730 2109; x_wconf 88' lang='lat' dir='ltr'>eo</span> <span class='ocrx_word' id='word_1_187' title='bbox 753 2067 871 2124; x_wconf 90' lang='lat' dir='ltr'>quod</span> <span class='ocrx_word' id='word_1_188' title='bbox 903 2067 1042 2123; x_wconf 87' lang='lat' dir='ltr'>aliqui</span> <span class='ocrx_word' id='word_1_189' title='bbox 1075 2067 1137 2108; x_wconf 87' lang='lat' dir='ltr'>ita</span> <span class='ocrx_word' id='word_1_190' title='bbox 1158 2067 1244 2107; x_wconf 88' lang='lat' dir='ltr'>sibi</span> <span class='ocrx_word' id='word_1_191' title='bbox 1267 2067 1523 2107; x_wconf 87' lang='lat' dir='ltr'>Pontificem</span> 
     </span>
     <span class='ocr_line' id='line_1_26' title="bbox 65 2141 1523 2200; baseline -0.004 -16"><span class='ocrx_word' id='word_1_192' title='bbox 65 2144 209 2200; x_wconf 90' lang='lat' dir='ltr'>ipsum</span> <span class='ocrx_word' id='word_1_193' title='bbox 250 2143 293 2183; x_wconf 88' lang='lat' dir='ltr'>in</span> <span class='ocrx_word' id='word_1_194' title='bbox 333 2141 443 2183; x_wconf 89' lang='lat' dir='ltr'>hanc</span> <span class='ocrx_word' id='word_1_195' title='bbox 485 2141 747 2182; x_wconf 82' lang='lat' dir='ltr'>sententiam</span> <span class='ocrx_word' id='word_1_196' title='bbox 790 2141 1024 2180; x_wconf 85' lang='lat' dir='ltr'>affirmasse</span> <span class='ocrx_word' id='word_1_197' title='bbox 1068 2144 1398 2186; x_wconf 84' lang='lat' dir='ltr'>attestarentur,</span> <span class='ocrx_word' id='word_1_198' title='bbox 1429 2145 1523 2178; x_wconf 89' lang='lat' dir='ltr'>tum</span> 
     </span>
     <span class='ocr_line' id='line_1_27' title="bbox 67 2211 1524 2271; baseline -0.003 -13"><span class='ocrx_word' id='word_1_199' title='bbox 67 2217 294 2258; x_wconf 88' lang='lat' dir='ltr'>unanimes</span> <span class='ocrx_word' id='word_1_200' title='bbox 315 2223 519 2257; x_wconf 90' lang='lat' dir='ltr'>statuunt</span> <span class='ocrx_word' id='word_1_201' title='bbox 542 2214 761 2271; x_wconf 84' lang='lat' dir='ltr'>agendum</span> <span class='ocrx_word' id='word_1_202' title='bbox 793 2229 885 2254; x_wconf 84' lang='lat' dir='ltr'>esse</span> <span class='ocrx_word' id='word_1_203' title='bbox 917 2227 1060 2253; x_wconf 90' lang='lat' dir='ltr'>coram</span> <span class='ocrx_word' id='word_1_204' title='bbox 1090 2212 1264 2268; x_wconf 84' lang='lat' dir='ltr'>legatis,</span> <span class='ocrx_word' id='word_1_205' title='bbox 1290 2219 1340 2252; x_wconf 89' lang='lat' dir='ltr'>ut</span> <span class='ocrx_word' id='word_1_206' title='bbox 1361 2211 1524 2253; x_wconf 87' lang='lat' dir='ltr'>decreti</span> 
     </span>
     <span class='ocr_line' id='line_1_28' title="bbox 66 2285 1524 2347; baseline -0.004 -15"><span class='ocrx_word' id='word_1_207' title='bbox 66 2291 201 2332; x_wconf 87' lang='lat' dir='ltr'>verba</span> <span class='ocrx_word' id='word_1_208' title='bbox 221 2291 418 2347; x_wconf 67' lang='lat' dir='ltr'>proxima</span> <span class='ocrx_word' id='word_1_209' title='bbox 449 2291 636 2330; x_wconf 83' lang='lat' dir='ltr'>sessione</span> <span class='ocrx_word' id='word_1_210' title='bbox 657 2289 719 2329; x_wconf 88' lang='lat' dir='ltr'>ita</span> <span class='ocrx_word' id='word_1_211' title='bbox 741 2288 1018 2342; x_wconf 86' lang='lat' dir='ltr'>incipiantur,</span> <span class='ocrx_word' id='word_1_212' title='bbox 1040 2301 1094 2326; x_wconf 91' lang='lat' dir='ltr'>ne</span> <span class='ocrx_word' id='word_1_213' title='bbox 1118 2285 1367 2326; x_wconf 89' lang='lat' dir='ltr'>Concilium</span> <span class='ocrx_word' id='word_1_214' title='bbox 1397 2285 1475 2326; x_wconf 92' lang='lat' dir='ltr'>hoc</span> <span class='ocrx_word' id='word_1_215' title='bbox 1499 2300 1524 2326; x_wconf 87' lang='lat' dir='ltr'>a</span> 
     </span>
     <span class='ocr_line' id='line_1_29' title="bbox 65 2358 1523 2419; baseline -0.005 -14"><span class='ocrx_word' id='word_1_216' title='bbox 65 2364 287 2419; x_wconf 89' lang='lat' dir='ltr'>prioribus</span> <span class='ocrx_word' id='word_1_217' title='bbox 321 2364 428 2404; x_wconf 88' lang='lat' dir='ltr'>actis</span> <span class='ocrx_word' id='word_1_218' title='bbox 467 2363 734 2419; x_wconf 85' lang='lat' dir='ltr'>disjunctum</span> <span class='ocrx_word' id='word_1_219' title='bbox 768 2361 984 2401; x_wconf 82' lang='lat' dir='ltr'>videatur.</span> <span class='ocrx_word' id='word_1_220' title='bbox 1047 2360 1236 2400; x_wconf 90' lang='lat' dir='ltr'>Petatur</span> <span class='ocrx_word' id='word_1_221' title='bbox 1266 2358 1437 2406; x_wconf 90' lang='lat' dir='ltr'>deinde,</span> <span class='ocrx_word' id='word_1_222' title='bbox 1474 2365 1523 2398; x_wconf 83' lang='lat' dir='ltr'>ut</span> 
     </span>
     <span class='ocr_line' id='line_1_30' title="bbox 67 2431 1523 2493; baseline -0.005 -15"><span class='ocrx_word' id='word_1_223' title='bbox 67 2437 183 2492; x_wconf 89' lang='lat' dir='ltr'>quod</span> <span class='ocrx_word' id='word_1_224' title='bbox 204 2438 343 2493; x_wconf 88' lang='lat' dir='ltr'>primo</span> <span class='ocrx_word' id='word_1_225' title='bbox 363 2437 454 2477; x_wconf 90' lang='lat' dir='ltr'>loco</span> <span class='ocrx_word' id='word_1_226' title='bbox 476 2435 783 2477; x_wconf 86' lang='lat' dir='ltr'>excutiendum</span> <span class='ocrx_word' id='word_1_227' title='bbox 817 2433 1027 2475; x_wconf 83' lang='lat' dir='ltr'>Patribus</span> <span class='ocrx_word' id='word_1_228' title='bbox 1050 2438 1335 2488; x_wconf 88' lang='lat' dir='ltr'>proponatur,</span> <span class='ocrx_word' id='word_1_229' title='bbox 1358 2431 1403 2471; x_wconf 86' lang='lat' dir='ltr'>id</span> <span class='ocrx_word' id='word_1_230' title='bbox 1424 2435 1523 2486; x_wconf 89' lang='lat' dir='ltr'>ejus</span> 
     </span>
     <span class='ocr_line' id='line_1_31' title="bbox 65 2505 1523 2567; baseline -0.004 -15"><span class='ocrx_word' id='word_1_231' title='bbox 65 2511 121 2551; x_wconf 88' lang='lat' dir='ltr'>sit</span> <span class='ocrx_word' id='word_1_232' title='bbox 141 2511 402 2567; x_wconf 84' lang='lat' dir='ltr'>argumenti,</span> <span class='ocrx_word' id='word_1_233' title='bbox 419 2510 537 2566; x_wconf 89' lang='lat' dir='ltr'>quod</span> <span class='ocrx_word' id='word_1_234' title='bbox 555 2510 661 2550; x_wconf 85' lang='lat' dir='ltr'>alias</span> <span class='ocrx_word' id='word_1_235' title='bbox 683 2509 765 2550; x_wconf 90' lang='lat' dir='ltr'>fuit</span> <span class='ocrx_word' id='word_1_236' title='bbox 787 2509 1098 2562; x_wconf 86' lang='lat' dir='ltr'>interruptum.</span> <span class='ocrx_word' id='word_1_237' title='bbox 1152 2505 1315 2561; x_wconf 81' lang='lat' dir='ltr'>Legati</span> <span class='ocrx_word' id='word_1_238' title='bbox 1333 2505 1523 2560; x_wconf 85' lang='lat' dir='ltr'>benigne</span> 
     </span>
     <span class='ocr_line' id='line_1_32' title="bbox 65 2578 1523 2639; baseline -0.004 -15"><span class='ocrx_word' id='word_1_239' title='bbox 65 2596 136 2624; x_wconf 90' lang='lat' dir='ltr'>eos</span> <span class='ocrx_word' id='word_1_240' title='bbox 167 2583 405 2639; x_wconf 87' lang='lat' dir='ltr'>excipiunt,</span> <span class='ocrx_word' id='word_1_241' title='bbox 438 2589 718 2637; x_wconf 86' lang='lat' dir='ltr'>monentque,</span> <span class='ocrx_word' id='word_1_242' title='bbox 752 2589 801 2622; x_wconf 91' lang='lat' dir='ltr'>ut</span> <span class='ocrx_word' id='word_1_243' title='bbox 841 2581 1033 2637; x_wconf 86' lang='lat' dir='ltr'>posthac,</span> <span class='ocrx_word' id='word_1_244' title='bbox 1076 2578 1254 2634; x_wconf 89' lang='lat' dir='ltr'>quando</span> <span class='ocrx_word' id='word_1_245' title='bbox 1295 2592 1442 2617; x_wconf 89' lang='lat' dir='ltr'>omncs</span> <span class='ocrx_word' id='word_1_246' title='bbox 1478 2578 1523 2618; x_wconf 89' lang='lat' dir='ltr'>in</span> 
     </span>
     <span class='ocr_line' id='line_1_33' title="bbox 69 2652 1524 2712; baseline -0.004 -15"><span class='ocrx_word' id='word_1_247' title='bbox 69 2655 235 2712; x_wconf 88' lang='lat' dir='ltr'>Spiritu</span> <span class='ocrx_word' id='word_1_248' title='bbox 260 2657 418 2697; x_wconf 86' lang='lat' dir='ltr'>Sancto</span> <span class='ocrx_word' id='word_1_249' title='bbox 439 2661 543 2696; x_wconf 82' lang='lat' dir='ltr'>sunt</span> <span class='ocrx_word' id='word_1_250' title='bbox 564 2655 744 2702; x_wconf 87' lang='lat' dir='ltr'>collecti,</span> <span class='ocrx_word' id='word_1_251' title='bbox 767 2655 831 2695; x_wconf 89' lang='lat' dir='ltr'>ita</span> <span class='ocrx_word' id='word_1_252' title='bbox 852 2654 1047 2695; x_wconf 90' lang='lat' dir='ltr'>omnium</span> <span class='ocrx_word' id='word_1_253' title='bbox 1072 2652 1237 2692; x_wconf 87' lang='lat' dir='ltr'>animos</span> <span class='ocrx_word' id='word_1_254' title='bbox 1260 2665 1374 2690; x_wconf 91' lang='lat' dir='ltr'>unus</span> <span class='ocrx_word' id='word_1_255' title='bbox 1396 2657 1524 2707; x_wconf 84' lang='lat' dir='ltr'>regat</span> 
     </span>
     <span class='ocr_line' id='line_1_34' title="bbox 70 2721 1523 2784; baseline -0.003 -16"><span class='ocrx_word' id='word_1_256' title='bbox 70 2727 274 2784; x_wconf 88' lang='lat' dir='ltr'>Spiritus,</span> <span class='ocrx_word' id='word_1_257' title='bbox 297 2744 351 2769; x_wconf 91' lang='lat' dir='ltr'>nc</span> <span class='ocrx_word' id='word_1_258' title='bbox 373 2728 458 2784; x_wconf 86' lang='lat' dir='ltr'>ipsi</span> <span class='ocrx_word' id='word_1_259' title='bbox 481 2729 659 2783; x_wconf 78' lang='lat' dir='ltr'>privata</span> <span class='ocrx_word' id='word_1_260' title='bbox 680 2727 840 2775; x_wconf 87' lang='lat' dir='ltr'>studia,</span> <span class='ocrx_word' id='word_1_261' title='bbox 863 2726 938 2767; x_wconf 85' lang='lat' dir='ltr'>sed</span> <span class='ocrx_word' id='word_1_262' title='bbox 960 2740 1056 2767; x_wconf 88' lang='lat' dir='ltr'>cum</span> <span class='ocrx_word' id='word_1_263' title='bbox 1091 2724 1273 2764; x_wconf 90' lang='lat' dir='ltr'>aliorum</span> <span class='ocrx_word' id='word_1_264' title='bbox 1295 2721 1523 2763; x_wconf 86' lang='lat' dir='ltr'>voluntate</span> 
     </span>
     <span class='ocr_line' id='line_1_35' title="bbox 70 2794 1524 2857; baseline -0.005 -15"><span class='ocrx_word' id='word_1_265' title='bbox 70 2804 314 2856; x_wconf 84' lang='lat' dir='ltr'>conjuncta,</span> <span class='ocrx_word' id='word_1_266' title='bbox 331 2801 670 2857; x_wconf 88' lang='lat' dir='ltr'>amplectantur.</span> <span class='ocrx_word' id='word_1_267' title='bbox 705 2800 863 2840; x_wconf 83' lang='lat' dir='ltr'>Postea</span> <span class='ocrx_word' id='word_1_268' title='bbox 878 2798 1059 2854; x_wconf 84' lang='lat' dir='ltr'>negotia</span> <span class='ocrx_word' id='word_1_269' title='bbox 1075 2796 1183 2837; x_wconf 89' lang='lat' dir='ltr'>dant</span> <span class='ocrx_word' id='word_1_270' title='bbox 1196 2794 1380 2851; x_wconf 83' lang='lat' dir='ltr'>AEgidio</span> <span class='ocrx_word' id='word_1_271' title='bbox 1394 2794 1524 2851; x_wconf 86' lang='lat' dir='ltr'>Epis-</span> 
     </span>
    </p>
   </div>
  </div>
 </body>
</html>
