1905 3254
350 256 399 296 Μ’)
991 272 1105 301 εεεε.
1133 272 1156 301 1.

345 379 586 421 Christiani
607 378 792 419 nominis
814 378 1049 434 vestigium
1072 377 1252 434 aliquod
1274 378 1477 434 supersit,
1510 378 1579 419 cui
1599 392 1684 418 non
1706 376 1799 419 haec

345 452 633 493 OEcumenica
656 450 858 506 Synodus
879 450 1140 492 celebranda
1156 451 1436 507 significetur.
1484 450 1588 492 Inde
1606 451 1800 507 Legatos

344 527 539 583 quinque
581 524 838 566 Cardinales
879 523 933 566 de
973 524 1110 565 latere
1145 523 1310 580 delegit
1345 524 1421 580 qui
1451 523 1553 565 huic
1589 524 1799 571 Concilio,

343 600 516 641 nomine
559 599 811 640 Sanctitatis
852 613 955 646 suae,
1003 598 1090 638 sint
1130 597 1379 653 praefuturi,
1422 597 1451 639 J
1457 597 1640 638 acobum
1682 596 1802 637 tituli

346 674 388 714 S.
414 672 570 713 Mariae
588 672 630 712 in
648 672 722 712 via
737 678 939 726 puteum,
963 670 1203 711 Herculem
1225 671 1265 712 S.
1281 670 1436 711 Mariae
1453 684 1576 711 novae
1593 669 1800 710 Mantua·

344 762 461 794 num,
476 745 797 801 Hyeronimum
817 745 983 785 Sanctae
999 745 1207 785 Susannae
1223 743 1517 800 Siripandum,
1537 742 1801 784 stanislaum

345 820 535 860 Hosium
555 819 597 859 S.
613 818 844 859 Laurentii
865 818 909 858 in
932 818 1203 873 Panisperna
1224 816 1501 866 XVarmiens„
1525 815 1801 857 Ludovicum

347 894 389 934 S.
421 892 579 933 Ciriaci
605 892 648 932 in
676 890 879 931 Thermis
907 891 1207 939 Simonettam,
1239 891 1353 931 viros
1378 890 1622 946 praeclaros,
1653 905 1700 931 ac
1721 905 1799 931 suo

344 979 566 1022 quemque
589 964 692 1005 vitae
715 979 876 1019 genere
898 971 1030 1019 atque
1053 964 1189 1004 officio
1211 964 1401 1004 maxime
1423 964 1626 1020 insignes.

391 1134 681 1181 Mandatum
705 1131 1007 1178 Sanctissimi
1035 1130 1132 1176 Dni
1160 1129 1247 1177 Nri
1276 1130 1349 1176 Pii
1376 1130 1457 1177 IV.
1484 1131 1534 1177 in
1560 1149 1759 1195 persona

514 1215 805 1278 Legatorum
830 1214 880 1259 in
908 1211 1128 1261 Concilio
1153 1212 1449 1270 Tridentino,
1477 1213 1555 1261 fol.
1583 1217 1627 1261 Q.

405 1329 492 1370 His
537 1335 579 1369 et
621 1326 821 1367 Marcum
861 1326 1061 1366 Basilicae
1112 1325 1340 1367 duodecim
1380 1326 1696 1381 Apostolorum
1749 1327 1802 1368 de

345 1403 552 1458 Altemps
576 1400 855 1442 Cardinalem
878 1399 1136 1447 Diaconum,
1160 1399 1317 1440 sororis
1338 1399 1491 1448 filium,
1514 1400 1686 1456 aliquot
1705 1408 1804 1456 post

344 1475 567 1516 mensibus
604 1473 835 1529 Collegam
873 1471 1065 1522 addidit3
1102 1471 1220 1527 quod
1253 1472 1376 1512 initio
1409 1471 1586 1527 quidem
1618 1472 1802 1514 admira-

345 1546 475 1588 tionis
507 1545 703 1586 nonnihil
740 1544 904 1592 attulit,
941 1559 1038 1584 cum
1067 1558 1143 1584 nec
1177 1550 1281 1585 aetas
1310 1558 1387 1584 nec
1415 1543 1802 1586 ecclesiasticarum

345 1635 490 1661 rerum
511 1634 629 1668 usus,
648 1617 792 1674 qualis
812 1617 855 1657 in
872 1624 962 1657 tam
984 1615 1120 1658 arduo
1137 1631 1267 1673 opere
1288 1617 1453 1672 requiri
1469 1617 1714 1666 videbatur,
1738 1617 1804 1659 illi

344 1692 706 1748 suffragarentur.
782 1690 964 1746 Optimo
986 1696 1130 1730 tamen
1161 1689 1336 1730 consilio
1359 1704 1384 1730 a
1404 1705 1572 1730 summo
1594 1689 1804 1732 Pontifice

344 1765 507 1807 factum
536 1772 613 1813 cst,
648 1771 691 1805 et
724 1763 855 1818 [cum]
892 1762 1066 1803 natione
1103 1762 1350 1803 Germanus
1387 1762 1506 1817 [fuit]
1537 1763 1804 1805 existimavit

345 1839 547 1882 Pontifex
568 1838 688 1878 illius
710 1836 791 1877 hoc
811 1835 856 1875 in
877 1835 969 1876 loco
992 1835 1267 1890 praesentiam
1290 1834 1480 1875 multum
1512 1836 1801 1891 profuturam,

346 1920 394 1953 ut
407 1911 576 1953 facilius
593 1925 643 1951 eo
659 1908 872 1950 Germani
889 1923 933 1949 se
946 1907 1244 1954 transferrent,
1260 1913 1393 1961 atque
1411 1921 1490 1961 per
1507 1921 1605 1947 eum
1620 1922 1802 1949 commo-

345 1984 444 2025 dius
465 1998 562 2025 cum
586 1982 672 2023 illis
691 1996 743 2023 ea
763 1987 1034 2037 gererentur,
1053 1993 1152 2035 quae
1173 1979 1306 2019 rebus
1324 1978 1510 2019 Concilii
1530 1980 1800 2034 expedirent.

420 2151 573 2198 Breve
599 2149 674 2195 Pii
704 2149 799 2195 ΡΡ.
828 2147 909 2195 IV.
935 2164 1078 2211 super
1103 2146 1340 2208 legatione
1374 2144 1651 2192 Cardinalis
1675 2146 1734 2192 de

499 2234 719 2296 Altemps
744 2232 804 2278 ad
831 2230 1107 2280 Concilium
1134 2228 1488 2284 Tridentinum‚
1516 2227 1594 2274 fol.
1621 2231 1666 2274 3.

401 2346 613 2388 Praelatos
628 2351 842 2401 praeterea
860 2343 1176 2389 Sanctissimus,
1200 2356 1271 2382 eos
1287 2341 1364 2397 qui
1385 2347 1487 2381 tunc
1509 2340 1660 2382 Romae
1677 2350 1801 2384 erant

343 2434 492 2461 omnes
525 2419 714 2467 accersit,
752 2425 796 2459 et
830 2433 960 2473 quam
993 2415 1182 2456 maximo
1214 2421 1358 2470 potest
1387 2414 1530 2455 studio
1562 2430 1609 2455 ac
1638 2415 1800 2471 pietate

344 2494 556 2540 hortatur,
594 2499 645 2533 ut
679 2507 723 2532 se
756 2490 811 2532 ad
843 2491 925 2531 iter
954 2489 998 2529 in
1032 2487 1269 2528 Civitatem
1302 2486 1607 2528 Tridentinam
1648 2488 1801 2544 synodi

344 2581 475 2607 causa
504 2572 671 2622 parent,
705 2571 836 2619 atque
869 2561 1207 2618 pulcherrimam
1240 2560 1349 2601 hanc
1387 2560 1648 2601 Christianae
1681 2560 1800 2602 Reli-

345 2640 483 2695 gionis
518 2652 692 2679 causam
724 2637 916 2692 impigro
959 2635 1101 2675 animo
1136 2634 1388 2689 suscipiant,
1436 2634 1514 2689 [et]
1556 2634 1673 2690 quod
1712 2635 1799 2676 illis

346 2720 443 2753 ante
465 2727 613 2754 corum
641 2726 694 2753 ex
724 2710 834 2751 urbe
856 2709 1104 2756 discessum,
1139 2714 1216 2748 aut
1237 2722 1290 2749 ex
1309 2708 1484 2764 privato
1506 2707 1698 2762 ipsorum
1723 2717 1800 2750 aut

346 2786 641 2827 Ecclesiarum
671 2798 850 2826 suarum
880 2797 975 2830 usu,
1009 2796 1118 2837 opus
1148 2796 1239 2823 esse
1260 2780 1481 2837 intelligit,
1503 2780 1673 2835 prolixe
1696 2783 1798 2823 satis
