1905 3254
316 300 399 342 572
938 316 1050 347 sess.
1075 317 1148 346 vn.

320 421 484 463 Clerici
505 429 628 463 notos
649 421 813 463 habent
834 437 974 462 mores
997 421 1268 463 Clericorum
1286 436 1422 477 quam
1436 421 1571 471 Laici,
1589 429 1633 464 et
1652 421 1776 464 Deus

319 494 449 534 etiam
472 494 643 534 facilius
665 494 726 534 eis
741 494 900 534 influit.

377 566 446 607 De
478 568 619 622 primo
654 566 832 607 Canone
855 567 1012 622 placet,
1036 565 1154 622 quod
1185 566 1262 621 qui
1295 565 1503 621 possidet,
1527 566 1776 621 possideat3

318 654 402 680 non
430 640 645 681 tollantur
675 655 767 680 suae
800 639 1114 680 nominationes
1134 637 1428 694 Principibus,
1452 653 1529 678 nec
1551 639 1779 680 electiones

320 713 559 761 Canonicis,
581 728 660 754 nec
699 714 776 754 Sffl0
800 728 948 763 omnes
975 713 1341 753 confirmationes:
1375 711 1607 752 electiones
1629 719 1776 753 autem

319 801 405 826 non
427 794 528 827 sunt
561 786 735 841 proprie
760 785 812 826 de
836 785 866 826 J
870 800 948 826 ure
971 785 1133 831 divino,
1155 799 1232 824 nec
1257 784 1387 824 etiam
1422 784 1568 824 omnia
1589 783 1780 825 Decreta

320 859 503 914 antiqua
523 866 626 899 sunt
656 857 943 905 restituenda,
967 857 1049 897 nisi
1071 856 1182 897 adsit
1205 857 1357 897 eadem
1390 857 1514 904 ratio,
1541 872 1642 912 quae
1675 863 1778 897 tunc

318 931 519 986 urgebat.
577 931 716 971 Immo
737 931 773 970 si
794 937 894 970 sunt
917 931 1161 984 antiquata,
1185 929 1456 969 omittantur.
1510 929 1564 969 In
1595 928 1781 969 secundo

321 1011 364 1045 et
392 1004 535 1051 tertio,
558 1004 773 1059 Episcopi
792 1018 876 1044 non
899 1002 1135 1043 consecrati
1157 1001 1320 1042 debent
1349 1002 1521 1042 omnino
1548 1002 1780 1043 restituere

321 1078 503 1126 fructus,
527 1084 570 1118 et
590 1092 674 1118 non
694 1077 858 1118 habere
879 1076 1209 1131 suffraganeum
1230 1076 1275 1115 in
1291 1075 1500 1115 Concilio.
1562 1075 1633 1116 De
1656 1076 1778 1116 abso-

320 1149 419 1190 luta
449 1149 717 1189 ordinatione
750 1148 875 1195 dixit,
898 1148 1115 1203 triplicem
1148 1162 1239 1188 esse
1272 1148 1474 1202 speciem,
1507 1153 1551 1187 et
1577 1161 1678 1188 eum
1705 1148 1781 1202 qui

320 1223 457 1264 habet
491 1224 753 1264 sufficientes
783 1222 994 1270 redditus,
1029 1222 1064 1261 si
1101 1221 1210 1261 velit
1247 1220 1453 1267 ordinari,
1489 1227 1539 1261 ut
1574 1221 1783 1261 sacrificet

322 1295 433 1343 Deo,
455 1296 558 1336 licet
578 1311 664 1337 non
685 1296 848 1336 habeat
868 1295 1140 1342 beneficium,
1162 1309 1251 1334 non
1285 1294 1464 1335 videtur
1497 1309 1574 1335 cur
1597 1295 1654 1335 sit
1684 1309 1781 1350 pro-

322 1369 554 1415 hibendus,
586 1376 630 1410 et
655 1384 738 1409 non
767 1369 912 1425 potius
941 1367 1202 1408 laudandus.
1266 1368 1480 1409 Paulinus
1511 1368 1556 1408 in
1589 1368 1712 1423 epist.
1741 1369 1781 1408 5.

324 1440 379 1480 ad
405 1441 649 1497 Sulpitium
675 1442 900 1482 Severum.
964 1440 1017 1480 In
1039 1440 1297 1481 duodecimo
1318 1440 1444 1480 nulla
1465 1447 1530 1481 est
1562 1441 1672 1481 ratio
1706 1456 1784 1481 cur

324 1512 655 1553 discedendum¹
687 1529 712 1553 a
744 1512 953 1560 Concilio,
975 1527 1075 1552 nam
1111 1511 1351 1552 Viennensi
1383 1527 1467 1552 non
1504 1528 1660 1561 causae,
1683 1528 1783 1568 quae

324 1585 453 1625 hodie
490 1585 782 1631 adducuntur,
811 1586 944 1626 etiam
974 1592 1077 1626 tunc
1112 1585 1337 1640 vigebant.
1402 1584 1599 1640 Cuperet
1620 1592 1782 1634 autem,

325 1659 530 1699 distribui
551 1674 630 1714 per
651 1659 905 1700 Provincias
929 1659 1098 1714 aliquot
1119 1658 1365 1713 Episcopos
1387 1673 1411 1698 a
1435 1673 1605 1698 summo
1636 1659 1784 1700 Ponti-

324 1735 414 1782 fice,
452 1734 529 1788 qui
565 1733 737 1774 assidue
770 1733 1066 1788 invigilarent,
1104 1747 1158 1772 an
1185 1747 1209 1771 a
1246 1732 1504 1772 Pastoribus
1537 1747 1617 1772 sua
1637 1733 1787 1774 munia

324 1805 407 1846 rite
441 1811 716 1860 praestentur,
741 1812 784 1845 et
815 1805 989 1846 decreta
1023 1805 1088 1845 S‘ae
1116 1803 1278 1860 Synodi
1305 1804 1603 1845 observentur.
1666 1805 1786 1845 Tum

325 1879 411 1918 alia
431 1878 572 1919 multa
593 1877 763 1919 addidit
783 1878 836 1919 de
857 1877 1254 1933 dispensationibus
1276 1884 1320 1918 et
1352 1876 1406 1917 de
1434 1878 1787 1932 exemptionibus

327 1951 535 1992 adversus
556 1966 607 1992 ea
629 1966 730 2006 quae
751 1951 954 1992 nonnulli
975 1952 1019 1992 in
1044 1952 1275 1992 Summum
1293 1950 1548 1991 Pontificem
1570 1951 1784 1999 dixerant,

324 2039 371 2064 ac
392 2023 570 2064 demum
593 2023 646 2064 de
669 2024 845 2065 Ecclica
864 2024 1096 2080 disciplina
1117 2023 1428 2070 constituenda,
1451 2023 1684 2065 ostendens
1704 2024 1786 2066 hoc

326 2103 459 2152 caput
480 2097 710 2152 proprium
733 2111 825 2137 esse.
849 2096 919 2137 Smi
941 2096 1000 2138 D.
1024 2097 1100 2146 N.,
1123 2097 1199 2152 qui
1220 2104 1286 2138 est
1319 2097 1478 2137 Pastor
1510 2097 1786 2139 Universalis

327 2170 465 2219 Eccae3
498 2185 598 2210 eum
620 2170 861 2225 praesertim
892 2170 1088 2226 plurima
1111 2170 1165 2210 ad
1188 2171 1281 2226 ejus
1305 2170 1451 2210 Curiae
1480 2185 1621 2211 mores
1653 2177 1788 2226 atque

326 2243 534 2284 instituta
555 2243 819 2297 pertineant,
843 2243 1006 2298 quibus
1027 2243 1122 2297 ipsc
1151 2244 1311 2283 rectius
1340 2257 1419 2297 pro
1452 2257 1533 2282 sua
1553 2243 1786 2298 sapientia,

328 2331 376 2356 ac
399 2330 552 2356 verum
586 2330 682 2361 usu,
705 2316 867 2371 poterit
899 2315 1132 2356 consulere.
1192 2316 1287 2356 Nec
1321 2315 1524 2356 Sanctam
1563 2316 1787 2371 Synodum

326 2389 369 2429 in
405 2388 471 2429 his
512 2403 604 2429 esse
637 2387 950 2443 occupandam,
993 2403 1091 2444 quae
1132 2389 1287 2428 minori
1327 2389 1504 2444 negotio
1544 2390 1788 2445 majorique

328 2464 474 2504 fructu
498 2463 716 2504 Sanctitas
748 2477 827 2503 sua
849 2463 930 2503 erit
952 2462 1256 2503 constitutura.
1306 2462 1507 2518 Cumque
1528 2462 1597 2503 hic
1619 2464 1789 2504 Summi

327 2536 549 2577 Pontificis
571 2535 882 2576 authoritatem
908 2535 1209 2576 vehementius
1241 2535 1484 2583 extolleret,
1507 2551 1591 2577 non
1611 2537 1785 2586 mirum,

327 2609 450 2657 dixit,
490 2609 657 2657 Gallos,
695 2611 830 2664 quos²
863 2617 963 2665 post
997 2609 1239 2650 Consilium
1274 2609 1420 2664 lapsos
1452 2625 1556 2658 esse,
1585 2624 1787 2666 nuncque

325 2684 467 2738 justas
488 2682 645 2723 erroris
666 2682 735 2722 sui
753 2697 910 2738 poenas
931 2682 1188 2738 persolvere.

545 2808 553 2825 1
581 2804 789 2841 Discedendo,
808 2805 880 2835 MS.
1375 2805 1388 2822 ²
1413 2806 1487 2843 Qui,
1504 2806 1574 2836 MS.
