1905 3254
366 276 445 315 194
997 292 1107 321 SESS.
1132 291 1194 321 VJ.

364 403 409 439 et
431 398 620 453 amphus
650 412 859 438 annorum
888 397 1028 452 spatio
1049 398 1199 444 simus,
1221 396 1329 437 nihil
1352 395 1574 452 expedire,
1595 411 1685 437 rem
1709 396 1815 437 adeo

365 470 540 525 planam
584 471 855 526 argumentis
895 470 1185 511 corroborare.
1259 470 1400 517 Alter,
1436 469 1563 525 quod,
1602 485 1699 510 cum
1743 468 1814 510 ad-

366 557 516 583 versus
535 543 774 584 doctrinam
796 544 897 584 olim
918 551 1115 599 tempore
1137 544 1167 585 J
1172 544 1251 584 ulii
1268 544 1357 584 III.
1377 545 1609 584 confectam
1626 543 1817 584 haeretici

364 616 506 657 multa
526 617 793 672 objecissent,
822 631 921 672 quae
950 631 1061 657 nunc
1093 619 1203 657 nova
1234 616 1313 657 hac
1346 616 1541 658 doctrina
1569 617 1714 656 minus
1735 617 1816 657 for-

364 696 478 730 tasse
498 690 772 739 refelluntur,
794 691 931 731 satius
954 690 1092 731 videri
1112 692 1158 732 ea
1181 689 1485 731 abstinendum
1507 704 1611 730 esse.
1665 688 1719 729 Id
1740 703 1816 730 nec

366 764 840 820 Quinqueecclesiensis
859 764 1101 812 renuebat,l
1121 779 1218 804 cum
1241 764 1384 804 varios
1403 763 1588 811 libellos,
1607 777 1817 803 commen-

365 837 497 876 tarios
518 843 562 877 et
583 836 747 877 scholia
761 837 874 877 inter
895 852 938 878 se
960 837 1205 892 pugnantia
1221 836 1339 877 edita
1356 851 1446 877 esse
1462 835 1637 882 diceret,
1658 835 1818 890 quibus

365 925 478 950 nunc
511 925 536 950 a
573 910 757 965 Synodo,
794 917 1002 966 tanquam
1044 926 1069 950 a
1101 910 1327 958 tribunali,
1364 910 1519 950 modus
1559 909 1819 950 statuendus

365 990 499 1031 esset3
523 983 734 1038 brevique
752 984 966 1024 sententia
982 983 1288 1031 definiendum,
1308 982 1469 1037 quibus
1492 980 1816 1029 adhaerendum,

365 1071 390 1096 a
412 1056 627 1111 quibusve
649 1055 968 1096 declinandum.

424 1129 666 1170 Secundam
700 1130 948 1185 opinionem
988 1130 1156 1184 primus
1196 1128 1424 1170 Jadrensis
1465 1129 1583 1169 visus
1623 1135 1689 1169 est
1724 1142 1818 1183 pro-

365 1203 502 1250 basse,
538 1203 635 1249 viz„
659 1209 708 1242 ut
732 1203 985 1243 Canonibus
1013 1202 1161 1243 brevis
1192 1203 1381 1242 narratio
1414 1201 1615 1257 quaedam
1648 1216 1819 1257 praepo-

364 1283 510 1324 natur,
534 1291 632 1330 quae
662 1282 808 1316 nostra
840 1277 986 1330 potius
1018 1276 1249 1331 explicare,
1285 1289 1415 1330 quam
1452 1275 1694 1316 rationibus
1722 1290 1817 1316 con-

364 1350 550 1397 firmare,
586 1357 662 1389 aut
697 1349 838 1389 aliena
870 1348 1069 1390 refellere
1092 1348 1305 1390 videatur.
1369 1349 1492 1390 Idem
1515 1356 1558 1390 et
1581 1349 1820 1405 Senogalli-

366 1422 478 1462 ensis
500 1436 551 1461 ea
572 1420 624 1461 de
647 1436 777 1461 causa
809 1422 1037 1476 probabat,
1067 1421 1198 1477 quod,
1232 1436 1329 1461 eum
1364 1421 1471 1462 alias
1502 1420 1594 1461 haec
1627 1421 1822 1462 doctrina

365 1492 565 1533 inchoata
586 1493 750 1539 fuisset,
782 1508 896 1534 nunc
926 1494 1118 1549 amplius
1150 1508 1218 1533 res
1247 1493 1420 1548 integra
1451 1507 1534 1533 non
1561 1492 1820 1534 videbatur:

366 1566 558 1621 alioquin
591 1567 933 1608 taciturnitatem
971 1566 1134 1623 Synodi
1168 1566 1547 1607 criminationibus
1583 1566 1820 1608 adversari-

365 1654 504 1687 orum,
547 1654 677 1694 quam
725 1640 963 1681 doctrinam
1009 1654 1228 1695 exponere
1276 1639 1512 1681 maluisset.
1592 1640 1824 1682 Auriensis

365 1726 542 1767 quoque
572 1711 813 1753 doctrinam
848 1714 1012 1768 apponi
1044 1712 1388 1758 commendabat,
1418 1712 1494 1754 sed
1513 1713 1577 1754 ita
1597 1713 1821 1755 moderan-

364 1786 478 1834 dam,
500 1793 550 1827 ut
571 1787 755 1842 singulis
776 1788 908 1828 rebus
929 1803 984 1828 ex
1005 1802 1083 1828 suo
1105 1802 1263 1843 genere
1294 1787 1414 1827 locus
1435 1786 1586 1837 detur,
1619 1787 1820 1843 quaedam

364 1861 475 1900 enim
498 1860 542 1900 in
563 1860 693 1901 sacris
708 1860 846 1901 literis
866 1861 972 1902 adeo
991 1867 1108 1901 certa
1128 1876 1235 1908 esse,
1254 1867 1305 1901 ut
1322 1876 1372 1901 ea
1386 1875 1549 1917 negare
1566 1860 1820 1902 haereticum

365 1940 614 1982 censeatur;
647 1934 734 1975 alia
760 1949 845 1975 non
872 1935 937 1975 ita
969 1941 1098 1982 certa,
1133 1949 1233 1989 quae
1266 1942 1499 1990 negantem
1527 1950 1612 1975 non
1644 1934 1822 1976 haeresis

366 2004 441 2046 sed
463 2006 722 2047 temeritatis
754 2013 966 2063 arguant:
999 2007 1084 2048 alia
1105 2007 1221 2047 enim
1253 2022 1336 2047 non
1367 2007 1610 2048 rationibus
1640 2014 1716 2048 aut
1737 2015 1822 2049 tra-

366 2075 606 2118 ditionibus
628 2086 864 2134 praecepta,
882 2079 957 2120 sed
978 2094 1075 2135 quae
1097 2080 1300 2134 opinione
1324 2086 1498 2120 tantum
1520 2080 1822 2122 circumferan-

369 2157 454 2198 tur,
477 2152 520 2191 in
543 2167 642 2207 quae
666 2153 951 2201 committens,
973 2168 1057 2194 non
1079 2152 1176 2193 ideo
1203 2153 1286 2207 [ut]
1315 2152 1550 2195 haereticus
1582 2160 1660 2194 aut
1690 2161 1821 2195 teme-

366 2225 506 2264 rarius
526 2224 581 2265 sit
603 2225 819 2266 vitandus.
881 2226 1032 2281 Atque
1065 2225 1167 2267 huic
1199 2227 1438 2275 sententiae,
1469 2234 1519 2268 ut
1540 2228 1684 2268 brevis
1712 2244 1821 2284 prae-

368 2298 473 2339 fatio
506 2299 865 2353 praemitteretur,
894 2299 1125 2348 Reatinus,
1159 2301 1417 2348 Parmensis,
1459 2307 1503 2342 et
1538 2301 1716 2357 quidam
1749 2302 1823 2343 alii

366 2373 727 2428 subscripserunt.
791 2373 956 2414 Verum
986 2374 1115 2414 tertia
1145 2375 1306 2430 opiniO,
1330 2382 1379 2416 ut
1403 2375 1444 2415 S.
1467 2375 1680 2417 Doctrina
1701 2377 1821 2418 abso-

366 2445 476 2493 luta,
498 2446 830 2502 rationibusque
863 2446 1043 2490 munita.
1076 2447 1339 2496 conficiatur,
1369 2448 1498 2503 longe
1531 2449 1821 2504 plurimorum

367 2519 549 2560 Patrum
573 2535 794 2561 assensum
819 2520 903 2561 fuit
924 2519 1107 2575 adepta3
1141 2536 1281 2576 usque
1309 2521 1416 2562 adeo
1439 2529 1488 2563 ut
1511 2522 1757 2564 Imolensis²
1779 2529 1823 2564 et

412 2653 419 2669 ¹
446 2653 522 2682 This
537 2654 596 2683 and
622 2654 672 2684 the
696 2655 865 2695 preceding
887 2656 971 2686 word
995 2656 1085 2686 stand
1103 2655 1174 2685 thus
1202 2656 1234 2685 in
1258 2656 1308 2686 the
1337 2656 1578 2698 MS.—quemq;
1604 2657 1710 2689 Ecelis
1734 2668 1821 2689 reno-

365 2705 454 2735 vebat
469 2717 475 2734 :
500 2706 556 2735 but
572 2707 698 2737 Pallav.
717 2708 847 2737 XVIII.
866 2708 886 2738 i.
903 2708 989 2748 fully
1001 2709 1135 2749 justifies
1151 2719 1205 2748 my
1222 2710 1360 2748 reading.

406 2765 419 2782 ²
448 2765 476 2793 It
491 2775 588 2795 seems
602 2770 632 2795 to
648 2766 686 2795 be
703 2766 821 2796 written
840 2767 1020 2798 Imosciens.
1067 2768 1083 2798 1
1101 2768 1141 2798 do
1157 2772 1210 2798 not
1226 2768 1354 2808 pretend
1368 2773 1399 2799 to
1414 2774 1530 2799 correct
1544 2773 1738 2807 statements3
1766 2769 1823 2799 but

364 2814 423 2843 this
439 2822 521 2847 must
536 2818 574 2847 be
589 2829 607 2848 a
623 2819 728 2849 vei-bal
745 2830 836 2850 error.
