1905 3254
368 285 447 325 134
1007 299 1113 329 SESS.
1138 300 1197 328 iv.

366 404 634 445 formationis
651 419 785 459 quam
808 403 1063 460 dogmatum
1087 403 1261 445 decreta
1282 402 1541 449 sanciantur,
1560 416 1658 457 quae
1676 401 1819 442 omnia

366 493 464 519 cum
489 477 749 519 Oratoribus
769 476 837 518 hic
858 483 1097 533 praesentes
1119 476 1338 532 simulque
1360 491 1457 517 cum
1490 475 1696 516 ministris
1717 474 1818 516 Phi-

365 550 481 606 lippi
502 549 638 606 Regis
659 550 911 601 conferunt3
944 551 1208 607 tandemque
1239 565 1311 592 eos
1343 564 1490 590 omnes
1519 549 1564 589 in
1594 548 1704 590 hanc
1727 563 1818 590 sen-

365 624 548 665 tentiam
589 638 674 664 non
718 638 835 680 aegre
877 623 1136 679 perducunt.
1198 624 1333 664 Porro
1369 622 1584 678 Hispanis
1630 621 1822 677 amplius

366 697 644 752 pollicentur,
677 712 720 739 se
750 711 862 738 nunc
896 696 1101 753 dogmata
1130 712 1184 738 ex
1222 711 1271 737 eo
1304 696 1398 737 loco
1431 694 1722 743 inchoaturos,
1745 701 1822 736 aut

367 772 519 827 potius
556 778 913 827 prosequuturos,
949 786 1049 827 quae
1081 772 1184 812 olim
1217 773 1261 813 in
1293 771 1373 812 hoc
1397 769 1602 816 Concilio,
1626 775 1821 825 tempore

367 845 398 886 J
401 845 481 885 ulii
504 844 594 886 III.
617 844 799 885 fuerunt
821 844 1082 900 interrupta,
1107 851 1158 885 ut
1179 860 1233 886 ex
1266 845 1329 885 rei
1354 844 1493 899 ipsius
1526 843 1634 885 serie
1658 858 1705 883 ac
1728 857 1822 884 con-

369 923 507 965 textu,
531 917 688 972 prioris
721 917 905 958 Concilii
934 918 1176 973 conjunctio
1202 924 1335 973 atque
1358 918 1600 974 complexio
1621 918 1824 958 omnibus

369 995 519 1045 aperte
541 995 703 1045 pateat.
768 989 927 1045 Itaque
949 990 1126 1046 negotio
1148 990 1227 1031 hoc
1249 991 1310 1031 ita
1341 991 1454 1031 inter
1485 1005 1556 1031 eos
1584 991 1822 1046 composito

367 1061 590 1103 decretum
613 1062 935 1118 prorogationis
958 1062 1276 1118 publicandum
1299 1061 1506 1103 Patribus
1533 1061 1735 1103 traditur.

657 1186 915 1233 Decretum
943 1186 1311 1249 Prorogationis.
1454 1185 1532 1233 fol.

427 1283 514 1325 Sed
537 1299 648 1332 ecce,
677 1284 812 1340 paulo
837 1290 936 1339 post
968 1284 1106 1325 literae
1142 1285 1212 1325 Smi
1242 1284 1298 1326 ad
1330 1284 1525 1341 Legatos
1556 1284 1599 1325 in
1627 1283 1823 1326 eamdem

369 1372 500 1413 quam
545 1357 651 1398 alias
693 1357 754 1398 eis
798 1357 1122 1413 significaverat
1158 1359 1415 1400 sententiam
1459 1358 1715 1406 afferuntur,
1759 1364 1823 1405 ut,

368 1431 541 1478 scilicet,
585 1430 771 1471 Concilii
813 1431 1077 1473 continuatio
1124 1431 1451 1487 pronuncietur.
1530 1430 1629 1471 Hoc
1669 1430 1826 1470 nuncio

368 1504 507 1560 legati
539 1503 736 1559 graviter
758 1502 900 1544 affecti
922 1504 1144 1560 animique
1178 1505 1386 1560 ancipites
1419 1503 1526 1560 quid
1558 1510 1704 1560 agant,
1729 1511 1823 1545 tan-

368 1576 466 1617 dem
490 1591 544 1617 ex
577 1576 793 1616 communi
824 1577 1018 1618 omnium
1053 1577 1245 1619 utilitate
1278 1577 1420 1618 tutius
1450 1591 1542 1617 esse
1574 1575 1823 1624 decernunt,

367 1664 459 1689 rem
482 1649 537 1689 ab
558 1662 609 1688 eo
632 1662 719 1702 quo
748 1649 970 1704 reperitur
1002 1656 1122 1690 statu
1153 1649 1263 1690 nihil
1284 1649 1507 1690 divellere.
1571 1648 1688 1689 Cum
1710 1649 1823 1690 enim

370 1722 578 1763 Oratores
606 1722 698 1777 jam
721 1735 867 1763 omnes
889 1722 933 1762 in
955 1721 1033 1763 hoc
1057 1723 1376 1779 prorogationis
1399 1721 1571 1763 decreto
1602 1722 1707 1763 satis
1729 1737 1823 1763 con-

367 1796 627 1843 sentiissent,
650 1794 872 1843 videbant,
897 1795 931 1836 si
954 1796 1061 1852 quid
1082 1812 1197 1838 nunc
1219 1797 1410 1852 amplius
1432 1797 1485 1838 de
1508 1797 1826 1839 continuatione

369 1869 698 1925 adjungeretur,
734 1867 779 1909 id
811 1869 890 1909 soli
926 1869 1012 1924 ipsi
1033 1870 1121 1911 PP.
1156 1870 1274 1925 quod
1303 1877 1450 1911 tamen
1482 1870 1692 1912 hactenus
1725 1885 1750 1911 a
1782 1885 1826 1911 se

369 1942 565 1998 rejecisse
589 1956 761 1997 semper
785 1941 903 1983 visus
925 1949 1034 1991 erat,
1059 1943 1281 1984 evidenter
1304 1944 1523 1998 objectum
1544 1943 1610 1984 iri.
1655 1944 1826 1999 Agnos-

369 2014 527 2055 cebant
560 2015 705 2061 etiam,
737 2013 994 2063 Germanos,
1030 2021 1073 2056 et
1107 2015 1274 2064 Gallos,
1306 2014 1403 2056 hinc
1440 2015 1586 2056 statim
1623 2016 1826 2071 concepta

368 2087 666 2143 indignatione
704 2088 856 2129 averti¹
890 2103 1028 2143 posse,
1062 2089 1274 2144 nobisque
1308 2103 1517 2144 magnum
1550 2087 1617 2128 his
1648 2088 1691 2128 in
1724 2088 1827 2129 locis

369 2160 614 2215 periculum
647 2160 841 2211 intendi;
876 2160 1080 2215 quoniam
1114 2167 1259 2202 tamen
1291 2161 1480 2217 neglecti
1510 2160 1591 2202 hac
1624 2161 1669 2202 in
1701 2167 1825 2216 parte

371 2233 441 2273 Smi
462 2233 519 2273 N.
545 2232 739 2274 mandati
771 2233 958 2288 suspicio
991 2247 1064 2274 eos
1091 2233 1218 2275 valde
1251 2248 1483 2289 suspensos
1515 2233 1750 2281 detinebat,
1775 2247 1827 2274 ea

370 2305 423 2346 de
445 2321 576 2347 causa
599 2306 879 2347 Cardinalem
902 2305 1110 2362 Altemps
1142 2306 1198 2347 ad
1230 2307 1386 2348 urbem
1420 2306 1681 2348 mittendum
1709 2307 1824 2363 cogi-

370 2386 478 2428 tant,
502 2385 553 2420 ut
575 2380 784 2436 expositis
809 2379 1039 2420 Sanctitati
1061 2394 1152 2420 suae
1174 2381 1415 2421 rationibus
1443 2380 1709 2436 justissimis,
1734 2382 1826 2437 qui-

371 2451 456 2492 bus
472 2452 535 2493 ita
551 2467 641 2493 rem
658 2458 902 2493 tractarunt
919 2467 1013 2493 eam
1027 2452 1243 2508 placatam
1260 2452 1453 2494 reddant.
1490 2454 1533 2494 A
1547 2468 1633 2509 quo
1649 2455 1826 2495 consilio

372 2532 524 2580 postea
556 2524 790 2566 discessum
823 2532 900 2573 est,
937 2526 1078 2567 allatis
1112 2527 1209 2567 aliis
1243 2542 1297 2567 ex
1329 2528 1439 2568 urbe
1473 2527 1627 2575 literis,
1664 2529 1826 2584 quibus

375 2597 588 2639 Sanctitas
610 2613 690 2638 sua
711 2599 936 2653 negotium
960 2598 1038 2640 hoc
1061 2599 1217 2655 legatis
1244 2599 1363 2654 ipsis,
1388 2603 1474 2655 qua
1497 2600 1720 2642 videbitur
1741 2601 1826 2642 illis

375 2670 603 2724 prudentia
623 2679 665 2713 et
683 2672 869 2721 consilio,
882 2672 1193 2714 conficiendum
1211 2673 1456 2715 mandabat.
1489 2674 1678 2716 Mutatae
1692 2674 1825 2730 hujus

421 2772 429 2789 ²
455 2777 533 2806 This
561 2778 645 2807 word
669 2777 694 2807 is
717 2778 749 2807 in
775 2777 825 2807 the
853 2778 921 2807 MS.
947 2778 1060 2816 auriti;
1085 2779 1146 2808 and
1171 2784 1199 2808 at
1226 2778 1276 2808 the
1302 2778 1473 2816 beginning
1496 2778 1531 2809 os
1553 2778 1603 2809 the
1627 2783 1775 2817 sentence,
1795 2788 1826 2809 or

376 2826 521 2862 nwmben
540 2828 551 2855 1
571 2827 648 2856 have
664 2828 855 2858 substituted
870 2828 944 2857 hinc
962 2829 1009 2857 sor
1023 2828 1118 2859 hunc.
