1905 3254
663 273 771 303 smss.
799 274 875 303 vn.
1416 262 1498 305 575

45 383 120 418 aut
142 377 319 418 unicum
342 384 419 418 aut
449 378 622 419 nullum
646 379 783 428 aliud,
807 381 1012 436 collapsis
1033 389 1077 423 et
1109 398 1220 439 pene
1252 384 1495 439 desperatis

45 449 306 491 Christianae
335 449 475 506 Reip‘”c
499 452 694 493 moribus
721 453 992 503 reducendis,
1025 441 1157 512 atque
1184 458 1493 504 restaurandis,

41 522 283 564 remedium
305 539 555 579 superesse:
587 525 735 581 idque,
752 542 836 567 non
855 534 1025 568 tantum
1048 543 1073 568 a
1095 529 1257 569 Pribus
1278 531 1493 578 omnibus,

42 595 118 636 sed
134 595 389 651 Principum
415 612 590 652 quoque
612 598 808 653 ipsorum
828 598 991 653 judicio
1005 601 1192 641 maxime
1209 603 1493 656 comprobari.

43 667 170 710 Unde
192 675 234 710 et
254 667 334 710 hoc
354 677 612 726 argumento
626 671 835 726 scriptum
859 671 1078 726 quoddam
1093 673 1493 718 circumferebatur,

42 741 159 797 quod
199 757 253 783 ex
295 742 483 784 Caesaris
526 743 664 784 Curia
699 743 910 799 prodiisse
954 744 1143 792 aiebant,
1184 745 1237 786 de
1278 747 1497 788 seminarii

39 813 263 854 erectione.

173 936 346 1000 Incipit
371 946 424 984 ut
448 938 498 984 in
525 936 869 987 Ecclesiasticae
894 948 963 986 est
988 940 1040 987 in
1064 941 1144 988 lib.
1171 941 1372 988 lrafum.

96 1059 182 1100 His
213 1059 413 1109 decretis,
448 1068 491 1102 et
524 1061 766 1103 functiones
802 1063 1018 1104 minorum
1052 1063 1253 1104 ordinum
1291 1064 1335 1104 in
1376 1065 1491 1105 calce

5 1174 8 1179 ,
37 1131 311 1180 addiderunt,
335 1147 442 1187 quas
464 1148 516 1174 ex
538 1148 620 1174 usu
651 1134 864 1174 Ecelesiae
900 1149 1006 1182 esse,
1034 1142 1084 1175 ut
1106 1135 1148 1175 in
1178 1136 1402 1190 integrum
1427 1150 1490 1176 re-

36 1205 335 1254 stituerentur,
359 1213 492 1261 atque
532 1222 556 1247 a
596 1207 770 1247 01011013Ι
811 1214 1131 1255 exercerentur,
1169 1208 1491 1256 existimabant,

36 1277 247 1319 distinctis
274 1280 464 1335 propriis
496 1280 772 1336 singulorum
808 1280 976 1326 muniis,
1011 1286 1061 1319 ut
1096 1279 1164 1320 his
1199 1279 1492 1322 adolescentes

34 1351 234 1392 instructi
256 1351 423 1392 facilius
446 1367 517 1392 eas
539 1351 659 1392 obire
681 1358 867 1406 possent,
892 1365 989 1406 quae
1014 1358 1140 1392 erant
1162 1351 1282 1392 tales

92 1425 162 1465 Ne
186 1432 332 1466 autem
355 1439 623 1481 quemquam
655 1425 790 1465 latere
813 1424 950 1479 possit
982 1424 1255 1479 singulorum
1288 1424 1490 1465 ordinum

34 1496 235 1545 officium,
258 1504 302 1538 et
322 1512 496 1546 munus,
520 1497 573 1538 de
589 1513 773 1553 quorum
796 1497 1103 1538 reformatione
1121 1496 1325 1551 superius
1344 1503 1489 1537 actum

35 1576 112 1616 est,
152 1577 201 1611 ut
234 1571 548 1627 unusquisque,
583 1586 681 1611 cum
715 1570 769 1611 ad
802 1570 993 1625 aliquem
1027 1569 1213 1624 gradum
1248 1569 1488 1617 ordinatur,

33 1643 139 1684 sciat
160 1643 203 1683 in
226 1644 388 1699 quibus
410 1658 453 1684 se
482 1658 680 1684 exercere
715 1643 902 1691 debeat3
937 1641 1092 1682 Visum
1121 1649 1184 1682 est
1221 1643 1294 1682 Stm
1318 1642 1490 1697 Synodo

33 1715 86 1756 de
108 1715 175 1756 his
197 1717 327 1757 etiam
352 1723 667 1771 consequenter
697 1715 929 1771 explicare,
954 1728 1051 1769 quae
1075 1713 1143 1754 vel
1175 1714 1489 1769 Apostolorum

32 1789 278 1837 traditione,
303 1791 374 1831 vel
396 1805 420 1831 a
441 1790 598 1830 sanetis
620 1789 843 1835 Patribus,
869 1787 939 1828 vel
964 1802 988 1827 a
1023 1787 1153 1828 saeris
1178 1786 1384 1827 Conciliis
1415 1787 1487 1828 de-

33 1869 148 1903 creta
168 1870 211 1904 et
232 1863 469 1904 constituta
490 1869 601 1903 sunt.

90 1935 153 1976 Ut
174 1936 311 1991 igitur
334 1936 390 1976 ab
420 1935 619 1976 Ostiariis
651 1935 904 1989 incipientes
934 1947 1076 1988 usque
1109 1933 1164 1973 ad
1195 1933 1488 1973 Diaconatum

32 2008 326 2055 ascendamus,
348 2022 497 2048 eorum
521 2007 643 2047 varia
665 2007 796 2046 fuisse
819 2006 861 2045 in
896 2005 1089 2046 Ecclesia
1120 2019 1302 2044 munera
1322 2004 1490 2059 perspi-

33 2097 161 2123 cuum
193 2088 284 2129 est3
323 2095 421 2136 quae
454 2081 588 2122 etiam
623 2094 702 2134 per
734 2079 874 2119 varios
905 2078 1126 2118 ministros
1158 2077 1489 2123 exercebantur,

31 2169 110 2211 per
131 2169 362 2203 sacrarum,
387 2153 563 2201 scilieet,
589 2152 821 2192 Portarum
847 2150 1064 2190 Custodes
1091 2156 1131 2190 et
1163 2164 1241 2204 per
1263 2149 1489 2195 AEdituos,

33 2227 236 2282 quamvis
253 2240 399 2267 omnes
423 2225 477 2266 ad
491 2224 714 2265 ostiarium
739 2222 930 2264 ordinem
948 2223 1228 2277 pertinerent.
1291 2222 1488 2261 Primum

31 2299 180 2354 itaque
214 2298 334 2339 ostiis
356 2297 546 2353 Templi,
570 2312 667 2337 eum
690 2311 740 2336 ea
763 2295 1047 2350 aperuissent,
1073 2293 1244 2334 assidue
1271 2293 1486 2339 astabant,

33 2369 232 2426 indignos
253 2370 423 2426 ingredi
438 2369 733 2425 prohibentes,
749 2374 799 2408 111
816 2366 1014 2406 infideles
1029 2372 1071 2406 et
1084 2365 1486 2405 excommunicatos.

33 2441 238 2498 Cumque
260 2443 350 2484 sive
381 2458 405 2483 a
437 2442 643 2490 Diacono,
666 2441 757 2481 sive
786 2440 841 2480 ab
878 2439 1109 2479 Exoreista
1141 2438 1230 2477 alta
1258 2452 1360 2477 voce
1389 2451 1486 2491 pro-

32 2516 329 2563 nunciaretur,
347 2521 507 2555 exeant
530 2515 606 2570 qui
628 2528 711 2553 non
734 2511 1063 2558 communicant,
1088 2509 1272 2550 exclusis
1295 2508 1489 2563 profanis

30 2587 292 2636 hominibus,
308 2588 535 2635 cavebant,
549 2602 602 2627 nc
618 2587 717 2641 quis
734 2583 982 2625 immundus
995 2584 1036 2623 in
1051 2582 1293 2623 Ecclesiam
1307 2582 1484 2635 irrepat.

33 2661 252 2703 Praeterea
274 2677 422 2703 eorum
447 2668 539 2701 erat
568 2666 797 2715 percutere
821 2656 1084 2712 Cymbalum
1119 2662 1163 2696 et
1197 2654 1485 2709 Campanam,

611 2780 616 2796 ¹
644 2778 820 2815 Clausum,
836 2776 904 2806 MS.
