1905 3254
375 320 457 359 282
996 333 1106 363 sEss.
1134 332 1198 361 vu

432 439 625 479 Joannes
646 437 824 477 Tertius

431 510 713 551 Cherubinus
736 509 789 549 de
816 507 967 549 Cassia

430 583 664 624 Lucretius
685 582 883 623 Venetus

432 655 682 710 Stephanus
703 653 755 694 de
780 654 930 695 Aretio

430 727 739 769 Maximianus¹
765 726 945 767 Ordinis
969 726 1106 767 Conv.

399 837 618 894 Theologi
641 838 718 893 qui
739 837 898 878 dicturi
918 843 1022 878 sunt
1042 838 1087 877 in
1111 837 1153 876 3Α
1166 836 1316 877 Classe
1338 851 1470 892 super
1491 838 1536 877 6Ο
1558 843 1600 878 et
1623 837 1665 889 7ο
1680 838 1801 878 Arti-

785 911 893 951 culis
915 909 968 951 de
992 910 1198 951 Sacramto
1222 909 1413 950 Ordinis.

372 1001 410 1041 F
413 1001 628 1041 ranciscus
653 1000 812 1041 Torres
1104 999 1262 1039 Petrus
1285 997 1338 1039 de
1361 998 1503 1053 Naya²

372 1074 402 1115 J
405 1088 566 1114 oannes
590 1073 751 1128 Gaglio
1100 1070 1316 1112 Melchior
1340 1070 1572 1112 Cornelius

372 1146 583 1187 Alfonsus
606 1145 872 1186 Mercantes‘*
1102 1145 1261 1185 Petrus
1282 1143 1570 1185 Fontidonius
1695 1144 1832 1199 [lonia

336 1207 340 1208 ⁷
372 1219 566 1260 Joannes
588 1218 801 1259 Polancus
1106 1216 1295 1257 Michael
1319 1216 1538 1271 Tonsusp.
1564 1216 1617 1257 de
1645 1216 1830 1272 Pampe-

371 1293 401 1334 J
406 1308 565 1333 oannes
587 1292 780 1333 Fonscca
1104 1291 1325 1331 Antonius
1348 1289 1401 1330 de
1427 1290 1640 1330 Grossuto

372 1366 574 1421 Angelus
595 1365 649 1405 dc
678 1364 869 1405 Petriolo
1103 1365 1298 1419 Augusts
1315 1363 1442 1404 Bal-[lS
1457 1363 1510 1403 dc
1533 1364 1664 1419 Lugo

373 1438 712 1494 Christophorus
736 1437 1012 1478 Castellanus
1101 1437 1369 1478 Laurentius
1390 1436 1587 1478 Venetus

372 1512 610 1552 Amantius
632 1510 685 1551 de
708 1509 860 1550 Brixia
1104 1509 1305 1550 Adamus
1327 1508 1619 1550 Florentinus.

431 1625 552 1665 Dum
582 1624 674 1664 haec
695 1631 923 1678 parantur,
950 1622 1156 1663 Oratores
1180 1622 1341 1662 Gallici
1365 1622 1550 1678 Legatis
1572 1623 1828 1678 significant,

370 1698 587 1744 nuncium,
610 1711 707 1737 cum
728 1696 978 1737 recentibus
1000 1710 1024 1735 a
1041 1696 1165 1751 Rege
1188 1695 1339 1743 literis,
1364 1709 1414 1736 eo
1446 1695 1622 1736 consilio
1650 1697 1829 1737 missum

371 1770 611 1818 advenisse,
636 1776 685 1810 ut
705 1769 773 1810 hic
797 1775 896 1810 ante
921 1769 1165 1809 Sessioncm
1189 1769 1389 1824 proxime
1412 1768 1680 1810 celebratam
1696 1770 1827 1810 inter-

369 1851 480 1885 esset
493 1861 503 1894 3
536 1858 650 1883 nunc
673 1848 904 1898 postquam
927 1842 1065 1882 serius
1088 1841 1221 1890 venit,
1258 1856 1301 1882 se
1324 1838 1383 1881 id4
1403 1841 1522 1897 quod
1541 1842 1764 1897 reliquum
1786 1842 1829 1882 in

368 1916 582 1956 mandatis
623 1915 802 1962 habent,
842 1914 1127 1970 exposituros.
1203 1914 1321 1955 Illud
1363 1921 1513 1955 autem
1553 1915 1828 1970 praecipuum

369 2006 477 2039 esse,
499 1991 554 2031 ab
585 1991 681 2045 ipso
715 1988 889 2044 quidem
926 1988 1052 2043 Rege
1085 2003 1148 2036 ea,
1170 2002 1269 2042 quae
1301 1987 1355 2029 de
1386 1988 1590 2028 sacrificio
1621 1987 1772 2028 Missae
1804 2003 1829 2029 a

368 2064 577 2105 Patribus
609 2062 770 2103 sancita
804 2067 919 2108 sunt,
951 2060 1056 2100 satis
1089 2059 1317 2115 probanda
1363 2060 1467 2108 fore,
1512 2059 1589 2100 sed
1622 2060 1741 2116 quod
1773 2060 1828 2102 ad

368 2135 657 2176 Adversarios
698 2140 877 2180 nostros,
917 2147 1103 2187 quorum
1146 2131 1372 2187 praecipue
1413 2135 1541 2173 causa
1584 2131 1826 2173 Concilium

366 2208 446 2248 hoc
489 2207 575 2248 fuit
616 2211 913 2252 convocatum,
951 2204 1155 2259 pertinet,
1195 2219 1293 2244 cum
1324 2203 1388 2244 illi
1410 2203 1476 2244 his
1506 2219 1592 2245 non
1616 2204 1824 2245 interfue-

367 2283 465 2329 rint,
499 2296 576 2322 nec
600 2279 857 2321 sententiam
891 2292 1013 2317 suam
1047 2276 1248 2325 dixerint,
1281 2276 1421 2318 vereri
1447 2277 1574 2317 illum
1596 2277 1740 2328 valde,
1769 2291 1824 2317 ne

369 2353 593 2411 Synodum
616 2353 726 2393 hanc
761 2351 908 2398 dicat,⁵
932 2350 1067 2390 larvis
1094 2350 1266 2398 luctari,
1304 2356 1348 2390 et
1381 2349 1465 2389 sibi
1497 2349 1624 2390 facile
1652 2363 1744 2390 esse
1773 2363 1825 2390 ea

367 2442 637 2484 componere,
663 2441 763 2482 quae
785 2440 909 2466 nemo
931 2425 1180 2479 impugnat.
1246 2423 1425 2470 Idcirco,
1450 2429 1501 2463 ut
1532 2423 1823 2478 imposterum

366 2499 554 2554 suspicio
575 2498 712 2538 omnis
745 2495 974 2542 adimatur,
1008 2510 1166 2550 cupere
1208 2510 1252 2536 se
1295 2511 1320 2536 a
1357 2496 1417 2536 Sta
1434 2494 1607 2550 Synodo
1638 2509 1690 2536 ea
1724 2510 1824 2551 quae

366 2571 620 2627 dogmatum
653 2576 768 2616 sunt,
800 2569 844 2609 in
868 2568 1102 2609 adventum
1128 2568 1371 2615 Gallorum,
1411 2567 1745 2618 Germanorum,
1780 2575 1824 2610 et

411 2661 418 2678 ¹
446 2659 703 2697 Maximilianus,
722 2659 795 2689 MS.

409 2714 421 2731 ²²
445 2714 521 2743 This
541 2723 615 2751 may
630 2712 667 2741 be
683 2711 733 2741 the
751 2712 863 2741 Petrus
880 2711 915 2752 (a
930 2708 1141 2749 Portugueze)
1158 2709 1190 2738 111
1206 2708 1255 2739 the
1272 2709 1460 2748 Catalogue.

407 2767 419 2783 3
446 2764 673 2795 Marchantus?

408 2820 418 2836 ⁴
445 2820 501 2849 For
516 2819 569 2848 sed
586 2819 615 2847 in
632 2818 682 2848 the
701 2817 769 2847 MS.
786 2818 800 2846 I
817 2817 895 2847 have
909 2816 1100 2847 substituted
1117 2827 1148 2846 se
1164 2816 1207 2855 id,
1226 2815 1329 2846 which
1345 2825 1472 2856 appears
1487 2815 1581 2855 right.

411 2870 422 2887 f‘
445 2870 539 2904 Quod
555 2872 579 2900 is
596 2870 667 2900 herc
686 2870 821 2901 inserted
836 2868 1025 2911 improperly
1042 2869 1083 2908 by
1102 2869 1151 2899 the
1167 2869 1237 2898 MS.
