1905 3254
701 277 813 308 3Ε33.
839 277 895 308 vi.
1450 262 1529 302 199

68 399 179 441 opus
201 385 257 426 ad
283 386 623 443 redemptionem
651 393 843 428 nostram
878 386 1167 433 elaboratum,
1204 400 1229 426 a
1260 385 1385 426 nobis
1417 383 1525 425 cele-

68 458 197 499 brari.
260 459 339 507 Ac,
374 460 516 501 veluti
550 466 755 501 extremae
793 465 936 516 guttae
972 458 1165 515 lapidem
1202 458 1399 507 irruenti,
1441 472 1526 498 non

24 584 30 586 ὴ
64 531 243 587 reliquis
275 539 403 573 antea
439 532 765 573 destillantibus
798 531 1000 573 effectum
1036 531 1340 578 adscribimus,
1379 531 1438 571 sie
1472 530 1527 571 ad

64 605 325 659 perficienda
347 606 624 647 Sacramenta
645 606 905 661 conjunctim
939 604 1081 645 multa
1115 605 1291 659 requiri,
1326 611 1522 646 extrema

66 683 222 723 tamen,
247 679 384 720 veluti
406 679 631 734 potissima
658 679 831 720 censeri.
897 678 1178 733 Segobiensis
1217 677 1377 725 aiebat,
1415 677 1526 718 nihil

66 757 235 791 veteres
262 750 315 792 de
345 752 649 807 propitiatorio
683 757 758 792 aut
790 749 1108 806 praeparatorio
1137 749 1358 797 sacrificio,
1393 749 1525 790 tradi-

64 823 190 872 disse,
223 824 298 865 sed
329 831 498 866 tantum
535 824 588 866 de
626 830 806 866 cruento
844 830 886 864 et
928 824 1168 871 incruento,
1206 831 1250 865 et
1287 830 1525 879 utrumque

65 896 258 952 ejusdem
303 898 498 939 veritatis
539 899 769 946 censuisse,
815 913 911 938 cum
955 897 1231 938 incruentum
1275 896 1527 952 impleverit

64 969 207 1009 omnia
228 976 410 1010 cruenta
432 970 661 1011 Sacrificia.

122 1041 362 1091 Auriensis,
396 1042 661 1083 Sacrificium
695 1042 738 1083 id
771 1057 870 1083 vere
903 1042 1210 1098 expiatorium,
1236 1041 1525 1097 ejusdemque

62 1114 244 1154 rationis
274 1129 322 1155 ac
351 1114 463 1155 illud
494 1129 582 1170 quo
612 1114 740 1155 hodie
774 1115 939 1155 utimur
971 1116 1181 1163 extitisse,
1205 1114 1524 1170 respondebat3

63 1192 288 1242 totamque
330 1187 464 1228 vitam
518 1187 682 1228 Christi
727 1203 751 1228 a
792 1189 1081 1244 conceptionis
1122 1188 1288 1243 origine
1341 1189 1520 1229 unicum

64 1265 207 1300 aetum
241 1261 416 1309 censeri,
452 1261 528 1316 qui
562 1276 732 1317 semper
759 1262 939 1316 profuit,
963 1277 1133 1317 semper
1155 1262 1328 1310 meruit,
1353 1276 1524 1317 semper

63 1332 246 1374 redimit.

120 1406 379 1448 ostunensis
400 1407 515 1449 idem
540 1409 670 1448 variis
694 1408 974 1463 argumentis.

121 1479 371 1535 Aliphanus
403 1480 565 1522 habere
599 1496 675 1522 nos
703 1488 862 1522 certam
892 1481 972 1522 hac
1002 1482 1045 1521 in
1074 1496 1120 1522 re
1141 1481 1418 1522 traditionem
1442 1481 1524 1521 Pa—

64 1558 193 1601 trum,
231 1568 279 1593 ae
316 1554 613 1595 vetustissima
649 1554 939 1609 plurimorum
976 1554 1236 1602 testimonia,
1281 1569 1379 1609 quae
1421 1554 1524 1593 satis

63 1640 155 1667 esse
177 1640 262 1666 non
279 1625 571 1667 dubitandum
595 1628 675 1676 sit3
699 1643 796 1667 cum
822 1628 927 1667 alias
943 1627 985 1667 in
1005 1627 1197 1667 Concilio
1219 1626 1447 1682 Ephesino
1470 1625 1525 1666 ad

65 1698 341 1755 probandum
384 1699 493 1740 duas
528 1706 706 1740 naturas
741 1700 784 1739 in
827 1699 1001 1740 Christo
1036 1700 1184 1747 fuisse,
1225 1699 1374 1740 decem
1411 1699 1523 1739 ferre

64 1777 238 1812 tantum
275 1771 493 1812 suffecerit
530 1771 788 1819 authoritas,
826 1786 1012 1826 quorum
1042 1772 1174 1812 etiam
1209 1771 1346 1826 aliqui
1387 1770 1523 1825 paulo

63 1851 162 1885 ante
186 1844 242 1884 ab
265 1843 466 1885 humanis
487 1850 771 1884 excesserant.

122 1917 352 1957 Generalis
376 1916 774 1965 Franciscanorum‚
805 1931 914 1972 quos
938 1916 1237 1956 Observantes
1261 1922 1431 1963 vocant,
1456 1929 1519 1955 sa-

63 1995 282 2029 eramenta
303 1989 446 2028 omnia
468 2003 520 2029 ex
538 1989 749 2044 sanguine
773 1988 922 2029 lateris
939 1987 1104 2028 Christi
1124 1988 1210 2027 vim
1229 2002 1350 2028 suam
1374 2002 1520 2043 sump-

64 2061 168 2102 sisse
191 2061 349 2109 aiebat,
375 2068 559 2116 tumque
579 2061 806 2102 Christum
829 2062 871 2101 in
890 2067 1007 2101 statu
1031 2059 1225 2100 merendi
1256 2074 1339 2100 non
1374 2060 1520 2105 fuisse,

63 2134 138 2174 sed
169 2135 311 2175 omnia
342 2149 396 2176 ex
429 2134 695 2190 praecedenti
731 2136 824 2190 ejus
860 2134 1100 2180 voluntate,
1130 2147 1221 2187 qua
1250 2147 1294 2172 se
1332 2132 1521 2187 passioni

65 2207 319 2263 subjecerat,
343 2207 615 2263 profiuxisse.

118 2280 284 2321 Lainez
319 2280 566 2327 Generalis,
602 2281 789 2327 Jesuita,
824 2280 993 2335 copiose
1022 2278 1136 2319 idem
1159 2278 1369 2327 affirmat3
1404 2293 1519 2326 nam,

64 2367 159 2394 cum
184 2355 369 2409 quaestio
387 2354 485 2395 facti
510 2355 579 2402 sit,
597 2355 667 2394 cui
690 2354 872 2394 Patrum
895 2367 1023 2393 nemo
1046 2351 1261 2398 interfuit,
1285 2352 1523 2392 necessario

64 2425 121 2466 ad
142 2433 272 2467 testes
292 2427 599 2468 recurrendum
625 2441 730 2473 esse,
761 2425 878 2466 unde
911 2425 1112 2479 probatio
1135 2429 1348 2464 sumatur.
1405 2422 1519 2463 Cum

63 2512 164 2540 vero
197 2499 270 2540 alii
303 2500 449 2540 sancti¹
487 2499 794 2554 Catholicique
827 2498 910 2538 viri
942 2497 1057 2537 idem
1090 2502 1366 2543 attestentur,
1390 2495 1521 2550 plane

63 2570 212 2620 videri,
245 2587 393 2613 eorum
427 2572 769 2613 authoritatibus
798 2569 1000 2611 standum
1031 2583 1138 2616 esse,
1162 2567 1281 2623 quod
1302 2574 1518 2623 praeterea

111 2673 118 2691 ¹
145 2675 182 2704 In
205 2674 255 2705 the
281 2676 352 2706 Ms.
371 2676 395 2705 it
421 2676 444 2705 is
471 2675 544 2705 aliis
564 2675 688 2706 sanctis.
737 2674 945 2710 Pallavicino,
962 2673 1030 2704 who
1054 2673 1108 2703 has
1125 2672 1175 2702 the
1194 2671 1302 2712 speech
1326 2671 1356 2701 in
1382 2671 1429 2702 his
1453 2682 1520 2702 own

66 2725 172 2761 words,
189 2725 260 2756 does
275 2731 328 2756 not
343 2726 416 2766 help
431 2726 480 2756 the
493 2726 710 2765 grammatical
727 2725 898 2765 difficulty.
