1905 3254
688 257 796 289 sess.
824 257 881 288 w.
1429 241 1511 284 ‘237

105 366 366 407 Reatinus—
376 364 464 405 Hic
484 378 575 405 mos
597 363 833 405 Catholicae
860 363 974 404 Εοο(Ἦ
999 377 1170 419 semper
1191 362 1293 410 fuit,
1326 369 1377 403 ut
1407 377 1514 418 quo-

46 439 128 480 ties
148 438 203 479 ab
224 437 441 479 haereticis
472 451 657 492 pravum
696 435 862 492 aliquid
897 436 1181 484 excitaretur,
1224 434 1269 476 id
1303 435 1516 476 contrario

47 511 252 567 dogmate
304 510 386 551 sub
439 509 718 550 anathemate
767 509 1114 550 interdiceretur.
1198 507 1269 548 Sic
1317 515 1514 564 tempore

46 586 206 626 Leonis
254 585 389 639 Papae
442 582 652 624 adversus
690 583 890 623 haeresim
931 581 1139 628 Nestorii,
1192 582 1251 621 sic
1299 580 1515 622 adversus

48 657 301 699 Manicheos
341 663 386 697 et
426 656 533 696 alios
572 656 615 696 in
658 655 752 696 aliis
801 655 1006 696 Conciliis
1056 655 1335 695 observatum
1382 654 1514 696 fuisse

47 731 217 772 scimus.
280 730 374 770 Nos
397 744 572 784 quoque
605 729 649 769 in
678 742 728 769 ea
761 734 961 784 tempora
994 726 1195 768 incidisse
1218 726 1432 776 videmur,
1464 735 1515 769 ut

46 804 82 845 si
112 803 219 844 nihil
248 802 387 844 adhuc
420 803 476 843 ab
509 802 616 843 Ecca
637 801 715 842 hac
749 801 803 842 de
837 816 883 842 re
918 808 1030 842 esset
1069 801 1311 849 definitum,
1346 816 1371 842 a
1391 801 1516 842 nobis

45 893 157 919 nunc
188 878 361 918 omnino
394 884 506 920 esset
542 876 876 923 decernendum,
911 876 1080 917 unicam
1123 882 1293 916 tantum
1327 875 1514 930 speciem

44 951 164 993 laicis
185 950 528 998 ministrandam,
545 966 640 991 cum
663 949 840 990 haeresis
856 948 1043 990 Lutheri
1066 948 1265 997 affirmet,
1283 962 1368 987 non
1391 948 1513 988 satis-

43 1025 137 1066 fieri
171 1025 437 1066 institutioni
468 1023 646 1070 Christi,
679 1023 847 1078 quoties
870 1023 1007 1063 altera
1027 1027 1200 1061 tantum
1224 1021 1411 1061 sumitur
1428 1037 1439 1070 3
1471 1027 1516 1062 et

46 1098 249 1154 quamvis
279 1097 525 1138 Concilium
561 1096 894 1137 Constantiense
928 1095 1182 1136 facultatem
1219 1095 1303 1134 sibi
1337 1095 1515 1149 permit-

45 1171 166 1213 tendi
189 1170 423 1226 aliquando
448 1169 610 1210 Calicis
632 1169 935 1217 reservaverit,
957 1167 1037 1208 hoc
1055 1175 1200 1209 tamen
1222 1183 1272 1209 eo
1294 1168 1514 1223 pertinere

46 1261 130 1288 non
157 1253 221 1287 est
255 1245 453 1293 dubium,
477 1245 652 1301 quando
681 1244 769 1285 scil.
804 1259 857 1285 ex
893 1246 1141 1299 sumptione
1178 1245 1309 1285 unius
1344 1251 1513 1285 tantum

46 1320 203 1376 speciei
243 1319 423 1360 haeresis
465 1318 675 1360 contraria
716 1324 956 1365 extaretur,
1000 1324 1131 1372 prout
1172 1318 1334 1358 Leonis
1375 1318 1513 1373 Papae

46 1393 317 1449 temporibus
340 1392 549 1434 adversus
573 1390 855 1439 Manichaeos,
878 1397 1091 1446 negantes
1113 1392 1337 1447 sanguinis
1359 1398 1513 1447 potum

48 1465 103 1506 ad
137 1466 466 1507 Sacramentum
498 1465 731 1520 pertinere,
769 1462 972 1504 accidisse
1008 1471 1189 1505 constat.
1255 1464 1398 1514 Quam
1422 1479 1514 1504 sen-

46 1540 240 1586 tentiam,
274 1546 369 1580 tum
406 1539 600 1579 Joannes
633 1537 816 1583 Gerson,
850 1542 953 1577 tom.
978 1543 1048 1591 pr⁰
1071 1537 1141 1578 fol.
1170 1538 1267 1584 102,
1297 1544 1340 1577 et
1378 1537 1513 1577 Nico-

47 1612 145 1653 laus
164 1612 216 1653 de
241 1612 368 1659 Cusa,
389 1612 466 1653 lib.
489 1613 529 1657 ⁶2,
562 1611 615 1651 de
640 1609 960 1651 Concordantia
984 1608 1223 1656 Catholica,
1257 1624 1348 1663 cap.
1380 1609 1450 1658 20,
1473 1615 1516 1649 et

47 1685 91 1725 in
115 1685 241 1740 epist.
267 1686 306 1733 2,
330 1684 383 1725 de
406 1699 490 1724 usu
511 1681 821 1723 communionis
847 1680 903 1720 ad
932 1680 1160 1727 Bohemos,
1194 1687 1288 1719 tum
1313 1679 1513 1719 Gabriel.

50 1757 163 1805 Biel,
188 1772 322 1798 canon
340 1757 406 1797 84.
433 1755 541 1796 adeo
557 1755 758 1802 affirmat,
778 1759 828 1793 ut
847 1767 960 1799 cum,
985 1752 1061 1806 qui
1082 1751 1274 1791 Calicem
1293 1751 1514 1800 concedat,

50 1830 305 1871 seditionem
339 1830 383 1869 in
414 1829 520 1869 Ecca
536 1842 678 1868 serere
699 1825 845 1882 palam
871 1830 1082 1865 testetur:
1118 1822 1236 1879 quod
1258 1824 1371 1864 faxit
1391 1823 1516 1865 Deus

50 1919 103 1946 ne
121 1903 244 1944 vobis
267 1916 462 1958 unquam
482 1901 526 1941 in
546 1906 734 1941 mentem
751 1898 910 1939 veniat.

111 1974 576 2032 Segobiensis--Ego
608 1971 879 2013 conscientiae
922 1983 1028 2010 meze
1066 1970 1310 2009 testimonio
1353 1970 1514 2011 sincere

52 2064 228 2104 possum
267 2048 492 2094 affirmare,
526 2061 622 2087 cum
654 2044 870 2085 diversam
897 2042 1155 2083 sententiam
1176 2041 1262 2082 huc
1283 2043 1514 2098 praemedi-

54 2128 175 2164 tatus
201 2124 311 2176 (tum
335 2120 523 2176 protulit
544 2134 598 2160 ex
621 2118 716 2158 sinu
739 2117 898 2171 scripta
915 2115 1119 2171 quaedam
1137 2114 1375 2168 absoluta),
1399 2122 1515 2157 attu-

53 2194 212 2243 lissem,
228 2209 343 2234 nunc
358 2192 521 2234 auditis
537 2191 753 2247 Episcopi
766 2189 944 2230 Reatini
960 2188 1212 2234 rationibus,
1229 2193 1368 2228 totum
1385 2203 1453 2229 me
1470 2189 1514 2229 in

52 2267 170 2308 illius
183 2274 330 2323 partes
339 2271 624 2322 pertractum,
637 2270 806 2304 mutato
821 2262 993 2303 consilio
1009 2262 1073 2301 illi
1086 2275 1264 2317 prorsus
1278 2260 1513 2303 adhaerere.

113 2339 437 2381 Auriensis—si
460 2336 792 2379 Constantiense
816 2334 1060 2375 Concilium
1085 2332 1139 2374 ad
1162 2332 1440 2374 continendos
1471 2335 1516 2375 in

55 2412 140 2454 fide
161 2413 347 2468 populos
368 2427 460 2453 esse
483 2409 767 2457 existimavit,
784 2408 971 2448 Calicem
996 2406 1165 2462 populo
1187 2405 1416 2461 denegare,
1430 2420 1515 2447 non

57 2485 183 2527 video
205 2484 421 2541 quomodo
443 2485 538 2540 ejus
560 2497 668 2524 usus
688 2497 804 2522 nune
820 2481 956 2537 possit
978 2479 1198 2535 expedire.

113 2558 569 2599 Nimosciensis—-non
599 2562 664 2596 est
701 2569 876 2599 novum,
916 2551 1135 2608 quaedam,
1171 2550 1226 2590 ob
1247 2550 1515 2605 singularem

58 2630 304 2686 aliquorum
349 2630 583 2670 utilitatem
624 2627 887 2683 quandoque
927 2625 1131 2679 recipere,
1176 2638 1275 2679 quae
1322 2623 1517 2678 alioquin

58 2703 314 2744 universalis
354 2703 464 2743 ratio
508 2716 591 2742 non
633 2706 873 2756 pateretur.
944 2697 995 2737 Id
1037 2703 1080 2737 ct
1121 2696 1243 2752 leges
1277 2695 1437 2745 civiles,
1474 2703 1518 2738 et

0 2804 1 2840 1
57 2774 256 2823 ΕεοΙίὄεε,
280 2781 322 2816 ct
345 2781 437 2815 acta
459 2774 590 2815 ctiam
616 2771 928 2828 Apostolorum
956 2768 1123 2810 docent.
1186 2767 1303 2807 Nam
1332 2781 1427 2808 cum
1466 2782 1516 2808 eo
