1905 3254
388 271 470 309 544
1001 284 1111 314 sess,
1140 284 1215 313 vn.

444 393 571 443 Quod
592 408 675 434 non
696 393 793 434 ideo
815 392 922 441 dico,
946 399 995 433 ut
1016 393 1335 448 Episcoporum
1365 398 1408 433 et
1439 397 1694 433 caeterorum
1725 406 1836 446 prae-

385 466 624 521 positorum
656 466 941 522 negligentiae
974 466 1157 520 obsequi
1190 465 1332 512 velim,
1370 465 1486 505 omni
1521 465 1634 505 enim
1671 465 1838 505 ratione

383 546 516 594 atque
538 538 791 579 necessitate
813 538 869 579 ad
890 538 1073 578 officium
1096 553 1246 579 sumus
1273 537 1584 593 compellendi3
1619 536 1706 585 sed,
1730 551 1836 592 quo-

382 613 499 653 niam
521 614 564 653 in
595 612 832 653 ordinanda
852 611 1050 652 Ecclesia
1070 612 1208 652 multa
1237 611 1550 666 impedimenta
1571 610 1840 651 extrinsecus

382 701 427 726 se
449 686 647 735 offerunt,
670 700 818 726 eorum
841 685 1036 740 aliquam
1059 685 1269 725 rationem
1291 684 1543 725 habendam
1565 698 1724 724 censeo.

443 758 595 813 Atque
629 765 678 798 ut
710 757 764 798 de
794 756 860 797 his
894 757 1149 797 Canonibus
1170 756 1323 804 dicam,
1348 755 1454 796 mihi
1477 755 1682 796 videntur
1700 754 1732 794 ii
1754 754 1837 794 Ca-

382 845 514 871 nones
549 846 633 871 non
668 831 911 871 absolutam
949 830 1112 870 ordinis
1148 830 1329 870 formam
1366 836 1575 884 spectare,
1607 843 1692 869 non
1727 842 1836 875 eam,

385 918 484 958 quae
506 918 560 944 ex
581 904 646 950 iis,
681 918 777 958 quae
798 909 1049 957 suppetant,
1074 909 1264 952 constat5
1296 903 1438 943 multa
1459 903 1569 943 enim
1592 902 1716 942 nobis
1737 916 1838 956 sup-

384 982 558 1030 petunt,
581 982 624 1016 et
645 976 738 1016 fieri
754 981 948 1030 possunt,
967 990 1064 1031 quae
1085 989 1168 1014 non
1189 982 1290 1015 sunt
1310 974 1557 1021 constituta,
1577 981 1620 1015 et
1643 973 1841 1014 Canones

383 1048 439 1088 ad
461 1063 513 1088 ea
532 1055 779 1104 respectum
801 1063 884 1088 non
906 1047 1085 1094 habent,
1109 1047 1183 1088 sed
1205 1055 1376 1089 tantum
1399 1047 1547 1088 datam
1574 1053 1707 1103 atque
1739 1062 1839 1102 sup-

383 1122 571 1177 positam
595 1121 774 1163 Ordinis
794 1121 993 1177 politiam
1015 1121 1254 1171 moderari3
1286 1136 1385 1162 nam
1409 1120 1619 1169 Canones,
1652 1136 1839 1176 praesen-

384 1203 473 1237 tem
505 1211 650 1237 rerum
685 1196 879 1244 formam,
913 1210 1053 1242 usum,
1084 1194 1455 1241 consuetudinem,
1488 1209 1640 1242 mores,
1660 1201 1838 1243 statum,

383 1269 687 1316 concedentes,¹
722 1284 784 1316 ea,
808 1284 906 1324 quae
939 1268 983 1309 in
1017 1283 1067 1309 eo
1102 1267 1339 1308 desiderari
1371 1266 1587 1314 videntur,
1625 1273 1669 1307 et
1699 1267 1841 1307 minus

382 1339 603 1380 commode
624 1340 847 1385 eveniunt,
868 1340 972 1379 satis
995 1340 1227 1394 expoliunt
1249 1346 1383 1394 atquc
1406 1339 1597 1380 elimant.

443 1413 600 1467 Itaque
620 1412 877 1453 industriam
901 1420 1034 1468 atque
1068 1414 1297 1468 ingenium
1330 1413 1484 1453 RmOrum
1502 1412 1557 1451 D.
1581 1412 1629 1452 P.
1654 1411 1839 1467 deputa-

382 1492 525 1527 torum
558 1485 839 1526 vehementer
859 1485 1017 1535 laud03
1058 1501 1158 1526 nam
1199 1486 1266 1526 illi
1299 1493 1595 1541 supponentes
1630 1501 1693 1533 ea,
1740 1502 1840 1542 quze

382 1573 466 1598 usu
488 1558 682 1605 veniunt,
706 1558 952 1598 commodas
987 1565 1120 1613 atque
1149 1559 1201 1598 iis
1237 1559 1541 1599 convenientes
1567 1559 1687 1615 leges
1708 1561 1837 1615 scrip-

380 1639 539 1672 serant.

442 1704 528 1745 Sed
561 1719 660 1745 cum
694 1718 776 1760 ego
810 1706 854 1745 in
890 1704 1099 1760 praesenti
1130 1705 1269 1746 forma
1300 1712 1345 1746 et
1378 1712 1499 1747 statu
1520 1721 1666 1747 rerum
1688 1707 1840 1762 aliqua
1897 1742 1901 1751 ,

379 1791 466 1816 non
498 1777 605 1817 satis
640 1777 834 1832 probem,
871 1791 1013 1832 neque
1047 1791 1223 1832 possum
1253 1777 1319 1817 illi
1341 1792 1420 1832 pro
1443 1779 1641 1834 portione
1662 1793 1838 1835 respon-

381 1849 532 1890 dentes
549 1849 750 1890 Canones
772 1850 973 1905 probare.
1900 1904 1903 1907 ἢ

435 1923 554 1973 Quid
586 1930 651 1964 est
680 1924 829 1979 igitur,
865 1923 979 1964 dicat
1009 1923 1178 1979 aliquis,
1215 1923 1332 1979 quod
1369 1925 1464 1965 fieri
1486 1925 1631 1974 velim,
1663 1933 1707 1967 et
1731 1941 1838 1982 quos

382 1996 556 2037 tandem
580 1996 778 2037 Canones
799 1995 1051 2036 desiderem.

436 2068 671 2115 Existimo,
705 2068 860 2109 Patres
883 2068 1152 2124 amplissimi,
1182 2069 1348 2109 abusus
1371 2069 1427 2110 ab
1452 2069 1618 2111 Ordine
1639 2071 1734 2112 tolli
1755 2086 1839 2112 non

379 2157 517 2198 posse,
550 2156 626 2182 nec
658 2142 774 2182 ullos
807 2141 1007 2182 Canones
1042 2142 1170 2182 utiles
1192 2142 1378 2191 futuros,
1402 2144 1485 2184 nisi
1506 2143 1736 2200 disciplina
1757 2145 1838 2186 Ec·
1892 2127 1903 2175 3

379 2213 619 2254 clesiastica
639 2214 915 2254 restituatur.

439 2287 551 2336 Quae
582 2300 650 2326 res
680 2300 763 2326 non
796 2286 936 2326 solum
967 2287 1163 2328 consistit
1196 2288 1239 2327 in
1260 2288 1478 2329 sanctione
1502 2288 1743 2339 Canonum,
1765 2290 1840 2332 scd
1889 2276 1901 2290 ,

380 2359 511 2399 etiam
552 2359 596 2399 in
638 2359 977 2400 commutatione
1018 2359 1169 2415 aliqua
1209 2367 1254 2400 et
1295 2362 1568 2403 conversione
1598 2363 1838 2404 multarum
1887 2359 1899 2380 ²

379 2447 538 2480 rerum,
572 2447 672 2488 quae
694 2439 798 2473 sunt
820 2432 1090 2488 depravatae,
1113 2432 1250 2488 idque
1272 2449 1351 2488 per
1372 2434 1734 2478 instaurationem
1755 2437 1837 2478 dis-

378 2505 580 2560 ciplinae3
612 2520 712 2546 nam
737 2505 936 2547 Canones
956 2506 1158 2561 politiam
1190 2515 1454 2555 conservant,
1488 2508 1721 2565 disciplina
1752 2525 1839 2551 cor·

378 2587 560 2635 ruptum
583 2583 679 2634 ejus
701 2585 863 2620 statum
885 2580 1103 2621 immutat.
1166 2580 1319 2635 Atque
1342 2587 1392 2622 ut
1407 2581 1601 2623 medicus
1623 2588 1836 2638 aegrotum
1886 2600 1897 2618 t*

379 2651 592 2706 gravibus
628 2652 791 2692 morbis
826 2652 1045 2701 affectum,
1087 2668 1172 2693 non
1212 2653 1301 2695 nisi
1332 2655 1542 2709 temperie
1575 2663 1757 2701 mutata,
1795 2662 1838 2697 et
1880 2657 1882 2663 ’

377 2723 624 2778 pharmacis
658 2739 837 2780 corpore
870 2732 1155 2781 perpurgato,
1190 2725 1244 2766 ad
1275 2733 1437 2768 rectam
1462 2728 1603 2769 victus
1626 2730 1835 2770 rationem
1885 2719 1894 2742 ¹¹

1086 2814 1093 2831 1
1121 2814 1130 2842 2
