1905 3254
688 327 796 357 sess.
825 328 863 356 v.
1443 312 1522 354 147

122 433 167 473 Si
200 433 296 489 quis
328 433 499 482 dixerit,
530 448 615 474 non
648 440 821 475 tantum
849 434 962 474 sumi
995 433 1077 474 sub
1111 448 1199 474 una
1231 433 1519 474 Sanctissimae

63 505 357 547 Eucharistiae
391 506 658 547 sacramenti
685 507 840 562 speeie,
875 513 1089 562 quantum
1122 506 1204 547 sub
1238 512 1441 562 utraque,
1470 520 1521 547 eo

64 579 183 634 quod
202 595 287 621 non
308 587 444 621 totam
469 579 630 621 Christi
651 580 970 621 institutionem
992 587 1152 627 sumat,
1176 579 1428 620 Anathema
1448 580 1518 620 sit.

123 653 169 693 Si
191 653 289 708 quis
319 652 490 699 dixerit,
522 653 809 694 necessarium
844 660 888 693 et
909 667 964 693 ex
991 657 1091 707 jure
1118 652 1268 693 divino
1296 667 1400 695 esse,
1422 668 1520 709 par-

63 725 177 766 vulis
208 732 441 781 antequam
473 724 529 766 ad
557 740 688 766 annos
708 725 979 767 discretionis
1000 726 1280 781 pervenerint
1301 726 1519 781 augustis-

61 799 216 840 simum
231 799 524 840 Eucharistiae
547 799 873 840 Sacramentum
898 799 1136 855 porrigere,
1152 798 1404 840 Anathema
1417 801 1487 840 sit.

120 871 190 913 De
211 872 393 928 reliquis
413 872 597 920 duobus,
632 873 674 913 in
703 872 865 928 quibus
896 872 1114 929 Theologi
1146 873 1259 913 inter
1292 888 1336 913 se
1365 872 1519 913 discre-

63 953 239 1002 parunt,
261 945 371 986 nihil
402 946 575 988 interim
608 946 825 987 dixerunt.
891 946 1128 1001 Agebatur
1161 947 1205 986 in
1240 946 1306 987 his
1338 947 1521 987 materia

63 1020 322 1075 gravissima
342 1020 395 1061 de
418 1036 502 1061 usu
526 1020 685 1061 Calicis
706 1020 1002 1061 coneedendo:
1038 1020 1264 1076 legatique
1294 1024 1384 1075 jam
1417 1020 1519 1061 sub·
1564 1063 1567 1066 ,

64 1091 236 1132 odorari
255 1093 524 1148 inceperant,
558 1092 741 1133 Patrum
775 1093 951 1133 consilia
983 1093 1038 1133 ab
1060 1107 1111 1133 ea
1135 1107 1178 1133 re
1201 1093 1349 1148 potius
1371 1107 1522 1133 aversa

63 1179 168 1206 esse.
231 1165 392 1215 Quare,
415 1181 512 1206 cum
534 1166 675 1207 multa
704 1166 912 1221 privatim
944 1166 1119 1206 tractari
1141 1173 1288 1221 coepta
1321 1166 1519 1211 fuissent,

64 1251 164 1293 quae
187 1245 338 1294 postea
367 1239 656 1286 exarabimus,
683 1239 795 1279 unde
817 1243 1003 1294 majores
1025 1239 1220 1294 quotidie
1243 1238 1521 1279 difficultates

64 1311 382 1360 excitabantur,
406 1312 541 1367 legati
563 1312 778 1352 maturius
799 1311 1147 1358 deliberandum,
1177 1318 1308 1366 atque
1338 1311 1379 1351 in
1411 1326 1519 1352 com-

63 1383 234 1424 modius
255 1390 430 1440 tempus
456 1399 545 1425 rem
570 1391 735 1425 tantam
759 1383 1037 1439 rejiciendam
1062 1390 1252 1431 censent,
1275 1382 1519 1437 praesertim

63 1457 181 1514 quod
214 1457 413 1499 Canones
445 1459 657 1514 propositi
688 1458 742 1498 ad
770 1458 993 1513 Dogmata
1022 1457 1137 1506 fidei,
1170 1457 1248 1498 hoc
1283 1464 1429 1498 autem
1466 1456 1520 1497 ad

65 1533 347 1572 oeconomiam
374 1533 533 1587 potius,
565 1540 616 1573 ut
647 1533 836 1580 aiebant,
867 1532 1111 1588 pertinere;
1145 1531 1371 1573 videretur
1404 1532 1519 1573 ideo-

64 1621 152 1662 que
173 1613 409 1662 utrumque
441 1607 676 1662 separatim
714 1607 786 1662 agi
820 1607 967 1661 aptius
997 1613 1121 1646 esset.
1187 1605 1397 1646 Oratores
1419 1621 1520 1647 vero

66 1679 270 1727 Caesarei,
286 1680 328 1720 in
346 1695 532 1736 quorum
551 1681 775 1735 praecipue
798 1679 982 1735 gratiam
1005 1679 1097 1720 hacc
1115 1679 1356 1735 disputatio
1378 1679 1521 1720 fuerat

65 1752 302 1808 proposita,
323 1752 386 1792 ita
412 1752 680 1807 efflagitante
711 1751 909 1801 Ca‘sar03
943 1767 1039 1793 cum
1074 1752 1248 1807 longius
1280 1767 1411 1808 quam
1445 1767 1519 1792 cu-

64 1826 247 1882 piebant
271 1825 497 1881 negotium
520 1824 686 1865 differri
712 1824 902 1872 videant,
926 1824 1207 1865 vehementer
1238 1839 1396 1881 urgere
1420 1825 1520 1866 inci-

64 1899 206 1955 piunt,
230 1905 281 1940 ut
303 1899 372 1940 vel
393 1899 524 1939 sessio
551 1905 824 1954 prorogetur,
848 1898 919 1938 vel
941 1898 993 1938 de
1017 1903 1206 1953 quatuor
1227 1897 1313 1937 illis
1334 1897 1521 1939 Canoni-

66 1972 150 2013 bus
189 1971 243 2013 de
283 1971 565 2013 Eucharistia
603 1971 714 2012 nihil
762 1978 994 2019 statuatur,
1036 1971 1119 2011 nisi
1160 1970 1291 2012 etiam
1330 1987 1427 2012 cum
1468 1972 1521 2013 iis

65 2046 252 2102 quaestio
265 2045 357 2086 haec
374 2044 427 2086 de
446 2044 607 2086 Calicis
623 2060 705 2085 usu
724 2044 995 2086 coneedendo
1010 2044 1183 2085 omnino
1200 2049 1496 2101 conjungatur
1513 2062 1520 2085 :

67 2119 263 2176 alioquin
282 2119 335 2160 iis
366 2118 646 2164 obnunciant,
670 2119 705 2158 si
731 2133 798 2158 res
825 2118 916 2158 haec
948 2117 1122 2158 interim
1146 2119 1520 2173 praetermittatur,

67 2207 112 2234 se
144 2192 352 2233 adversus
383 2191 554 2247 reliqua
589 2191 633 2231 in
668 2191 865 2231 Sessione
901 2189 1220 2246 promulganda
1252 2191 1396 2246 palam
1430 2206 1522 2232 esse

66 2265 216 2308 ituros.
278 2266 440 2323 Legati
465 2266 517 2306 iis
543 2267 636 2320 jam
657 2265 857 2306 instantis
878 2263 1077 2304 sessionis
1098 2270 1274 2318 tempus
1294 2265 1520 2320 objiciunt,

69 2339 187 2394 quod
211 2354 302 2380 rem
335 2346 503 2380 tantam
537 2339 682 2380 excuti
713 2352 798 2379 non
831 2336 1028 2393 patiatur
1046 2351 1056 2384 3
1094 2335 1444 2379 animadvertere
1477 2353 1521 2379 se

69 2418 303 2468 propterea
322 2413 507 2454 Patrum
531 2412 694 2453 animos
716 2412 771 2452 ab
792 2411 871 2452 hac
891 2410 1101 2466 petitione
1124 2408 1167 2450 in
1187 2410 1393 2465 praesenti
1419 2412 1524 2452 satis

70 2484 317 2535 abhorrere,
350 2486 594 2542 vererique,
626 2500 696 2534 nc,
730 2484 766 2526 si
799 2499 867 2526 res
899 2483 977 2525 hoc
1011 2490 1207 2539 tempore
1240 2490 1523 2539 proponatur,

69 2559 211 2600 minus
240 2559 326 2600 illis
354 2574 408 2600 ex
440 2559 658 2600 sententia
688 2559 745 2599 sit
770 2572 1033 2599 successura.
1096 2556 1243 2597 Satius
1275 2571 1365 2597 esse
1397 2556 1524 2598 brevi

70 2630 169 2674 huic
189 2634 396 2689 temporis
416 2633 611 2690 periculo
632 2632 799 2680 cedere,
832 2630 1253 2686 commodioremque
1285 2631 1427 2673 locum
1448 2634 1524 2675 ob-

70 2720 254 2757 servare,
276 2722 407 2763 quam
436 2708 582 2749 statim
616 2708 734 2748 omni
763 2722 840 2763 spe
873 2706 913 2747 in
947 2712 1228 2763 perpetuum,
1261 2707 1296 2747 si
1323 2721 1392 2748 res
1413 2722 1525 2749 nunc

73 2777 180 2820 forte
209 2780 444 2835 rejiciatur,
478 2779 708 2822 exciderc.¹
772 2780 979 2820 Oratores
1008 2778 1088 2820 hoe
1118 2778 1366 2835 legatorum
1394 2781 1524 2823 consi-

644 2869 654 2888 ¹
681 2869 869 2906 Concedere,
885 2868 956 2899 MS.

1217 2942 1238 2967 ι,
1272 2928 1298 2968 2
