1905 3254
378 297 460 336 300
998 313 1108 343 ssss.
1133 313 1210 342 vn.

380 425 525 461 tamen
546 418 739 460 ordinem
761 418 951 459 nondum
974 419 1061 459 sint
1083 418 1246 472 adepti,
1269 433 1302 459 c.
1327 418 1589 459 transmissae
1611 418 1664 461 de
1685 419 1827 461 Elect.

381 493 428 532 Si
466 493 606 548 igitur
648 493 813 546 absque
854 491 1003 532 ordine
1045 491 1076 532 J
1080 491 1358 532 urisdictione
1399 492 1645 546 potiuntur,
1687 507 1829 533 neces-

379 564 542 605 sarium
574 570 651 611 est,
685 563 764 604 hoc
801 579 825 604 a
857 564 981 619 Papa
1011 563 1229 618 proficisci.
1293 563 1423 613 Quod
1454 564 1619 619 optima
1645 564 1828 611 ratione,

379 638 434 679 ad
456 637 680 679 vitandam
702 637 1007 685 confusionem,
1037 636 1168 676 fuisse
1199 636 1514 683 introductum,
1544 636 1714 692 antiqui
1747 637 1830 677 Ca-

378 726 510 752 nones
542 718 586 752 et
617 711 828 751 Doctores
861 716 1092 757 testantur,
1125 724 1156 749 c.
1181 723 1288 764 quos
1309 709 1350 749 6.
1375 710 1414 750 8.
1437 709 1536 750 dist.
1560 714 1604 750 et
1625 725 1657 750 c.
1682 724 1828 750 omnes

377 785 432 824 20
453 783 549 824 dist.
580 790 624 824 et
645 799 677 823 c.
710 796 856 823 omnes
887 782 925 821 2.
955 795 997 835 q.
1029 781 1084 820 vi.
1119 781 1275 822 Joann.
1307 781 1359 821 de
1393 781 1507 821 Selv.
1533 780 1586 821 de
1614 780 1755 821 benef.
1788 781 1830 820 in

377 864 436 912 pa.
469 863 526 911 pe.
560 862 603 896 et
639 861 695 909 qe.
732 861 790 909 pa.
828 853 959 893 Host.
1002 852 1146 892 Innoc.
1186 853 1304 893 Abb.
1347 868 1379 892 c.
1415 867 1511 893 cum
1547 852 1741 893 Causam
1777 851 1830 892 dc

376 929 546 984 probat.
618 927 776 981 Itaque
798 930 1059 980 potestatem
1082 923 1241 964 ordinis
1262 938 1352 964 esse
1371 938 1396 964 a
1417 925 1447 964 J
1452 939 1530 965 ure
1557 923 1715 971 divino,
1748 923 1778 964 J
1784 939 1828 963 u-

374 1001 664 1041 risdictionein
698 1005 855 1043 autem,
887 1011 971 1037 non
1003 995 1175 1051 quidem
1208 996 1516 1044 voluntariam,
1550 995 1627 1036 sed
1656 1002 1829 1036 conten-

377 1074 527 1114 tiosam
550 1087 574 1113 a
595 1072 719 1126 Papa
739 1069 939 1111 derivari.

433 1146 553 1186 Abb.
591 1144 756 1185 Canon.
786 1142 1108 1198 Regul.-—Non
1143 1155 1234 1181 esse
1272 1147 1420 1181 tutum
1455 1140 1498 1180 in
1525 1139 1610 1180 fide
1638 1154 1830 1181 asserere

375 1217 733 1260 Jurisdictionem
757 1215 949 1271 pendere
971 1213 1223 1254 immediate
1246 1228 1270 1254 a
1294 1212 1472 1253 Christo
1486 1229 1497 1262 3
1526 1227 1627 1252 nam
1658 1212 1719 1253 ita
1751 1213 1830 1253 tol·
1855 1231 1861 1234 ·

374 1293 538 1333 leretur
568 1290 706 1331 omnis
739 1288 842 1329 ordo
873 1302 1117 1328 causarum.
1180 1287 1501 1341 Episcopatum
1532 1284 1712 1340 quidem
1740 1300 1832 1326 esse

376 1365 499 1406 Juris
521 1362 672 1408 divini,
695 1362 807 1402 sicut
839 1367 884 1400 et
916 1360 1126 1414 Papatus,
1158 1359 1233 1399 sed
1265 1359 1601 1414 applicationem
1636 1358 1830 1414 Papatus

376 1452 467 1478 esse
488 1436 518 1477 J
523 1435 614 1476 uris
628 1433 827 1479 Ecclesei,
851 1447 949 1473 cum
972 1431 1228 1472 Cardinales
1245 1431 1459 1486 eligentes
1481 1432 1649 1487 Papam
1671 1431 1831 1472 faciant

376 1509 553 1566 quidem
595 1514 741 1548 actum
782 1506 1030 1546 institutum
1074 1519 1099 1544 a
1140 1504 1170 1544 J
1174 1519 1252 1544 ure
1293 1504 1454 1552 divino,
1496 1505 1649 1545 electio
1684 1511 1830 1545 tamen

377 1596 526 1623 eorum
563 1581 619 1620 sit
650 1578 838 1634 propria.
903 1576 1119 1632 Idemque
1151 1583 1195 1616 et
1228 1576 1273 1616 in
1300 1576 1644 1632 Episcopatibus
1678 1577 1732 1617 sit
1763 1592 1829 1617 re-

376 1651 692 1710 spondendum.

434 1725 664 1767 Generalis
697 1724 882 1764 Observ.
920 1723 1045 1769 dixit,
1082 1722 1196 1776 quod
1228 1729 1424 1778 tempore
1457 1722 1641 1763 Henrici
1664 1722 1829 1778 Anglo-

374 1815 471 1840 rum
503 1797 653 1853 Regis,
689 1811 788 1836 cum
821 1802 932 1837 esset
969 1795 1301 1837 Commissarius
1335 1795 1549 1851 generalis
1580 1795 1624 1835 in
1647 1795 1826 1851 Anglia,

376 1872 486 1913 vidit
507 1870 669 1911 Edicta
689 1869 844 1925 Regia,
867 1869 912 1909 in
930 1869 1094 1923 quibus
1116 1868 1402 1916 scribebatur,
1428 1868 1657 1917 Henricus,
1676 1868 1831 1924 Caput

375 1945 488 1985 Εοο3ξέ
514 1942 785 1997 Anglicanae,
809 1947 853 1982 et
874 1947 1089 1996 praeterea
1110 1939 1310 1987 eundem,
1335 1939 1458 1987 dixit,
1481 1954 1625 1980 creare
1648 1940 1827 1980 solitum

376 2016 591 2062 AbbateS,
615 2014 873 2069 EpiSCOPOS,
897 2012 1278 2067 Archiepiscopos,
1299 2018 1342 2053 et
1366 2012 1470 2052 alios
1483 2028 1494 2061 3
1528 2012 1734 2067 quodque
1765 2011 1828 2052 di-

375 2088 531 2129 cebant
564 2086 811 2127 Consiliarii
847 2085 963 2126 illius
996 2085 1075 2126 hoc
1108 2085 1147 2125 ei
1177 2085 1318 2133 licere,
1360 2085 1488 2125 sicuti
1520 2085 1828 2140 magistratum

375 2167 420 2202 et
440 2159 676 2200 Praesidem
699 2158 958 2199 constituere
979 2158 1021 2197 in
1042 2157 1243 2212 qualibet
1275 2157 1464 2198 civitate.
1525 2157 1655 2198 Unde
1686 2172 1828 2198 neces-

374 2234 534 2274 sarium
558 2233 729 2273 omnino
751 2245 854 2278 esse,
878 2236 928 2271 ut
949 2231 993 2270 in
1014 2230 1208 2271 doctrina
1230 2237 1275 2271 et
1297 2230 1552 2270 Canonibus
1572 2230 1828 2284 explicetur,

374 2307 696 2362 Episcopatum
731 2318 824 2344 esse
857 2318 882 2343 a
909 2303 1021 2344 Jure
1054 2302 1216 2350 divino,
1242 2317 1339 2343 cum
1373 2301 1603 2342 saeeulares
1622 2302 1684 2342 nil
1706 2302 1829 2343 aliud

375 2395 506 2436 quam
529 2392 786 2433 expugnare
807 2376 916 2417 hanc
940 2391 1079 2417 arcem
1101 2376 1347 2417 moliantur.

431 2452 610 2499 LaineZ‚
646 2449 874 2490 Generalis
906 2449 1196 2497 Jesuitarum,
1230 2449 1306 2504 qui
1336 2448 1518 2488 ultimus
1545 2448 1749 2497 omnium,
1773 2448 1827 2489 de

375 2540 505 2572 more,
529 2523 785 2564 sententiam
807 2536 929 2562 suam
951 2520 1073 2569 dixit,
1102 2521 1218 2561 solus
1240 2528 1376 2562 totam
1400 2520 1621 2577 Synodum
1643 2536 1825 2576 occupa-

377 2599 441 2639 vit
458 2597 629 2653 prolixo
651 2595 828 2651 quidem
850 2608 1058 2642 sermone,
1091 2593 1165 2634 sed
1187 2593 1313 2634 valde
1335 2593 1525 2642 erudito,
1547 2593 1760 2643 distincto,
1783 2601 1827 2635 et

375 2671 437 2711 rei
470 2669 802 2711 accommodato.
863 2667 996 2714 Nam,
1034 2682 1131 2707 cum
1165 2667 1348 2707 Praelati
1378 2666 1510 2706 multi
1537 2681 1631 2706 eam
1654 2673 1825 2722 partem

376 2742 581 2782 acerrime
597 2741 730 2782 tutati
751 2747 905 2788 essent,
929 2747 979 2781 ut
996 2739 1313 2794 Episcopatum
1335 2738 1525 2779 dicerent
1547 2738 1578 2778 J
1581 2738 1671 2778 uris
1687 2738 1826 2779 divini

377 2829 479 2860 esse,
501 2822 593 2854 tum
616 2814 762 2868 quoad
785 2813 991 2862 ordinem,
1017 2819 1110 2853 tum
1134 2811 1280 2866 quoad
1302 2812 1331 2852 J
1336 2811 1668 2860 urisdictionem,
1692 2811 1823 2866 idque
