1905 3254
355 274 438 314 464
984 289 1090 318 snss.
1119 289 1193 318 vn.

356 396 576 436 nariorum
618 410 734 436 more
783 395 906 435 illum
953 394 1167 443 deserant,
1214 410 1311 435 cum
1354 396 1641 437 ministerium
1683 412 1811 438 suum

357 482 634 522 nequaquam
658 467 839 522 implere
862 467 1042 521 possint,
1067 468 1101 506 si
1122 468 1270 507 ovium
1294 483 1472 508 suarum
1505 468 1706 509 custodiae
1728 483 1812 509 non

357 541 621 581 incumbant.
685 541 900 590 Quoniam
925 555 1025 580 vero
1048 555 1101 580 ex
1126 541 1257 580 variis
1280 541 1525 596 aliquorum
1555 541 1812 597 interpreta-

358 614 552 654 tionibus
583 613 776 654 dubitari
808 628 930 669 posse
965 613 1105 652 visum
1144 620 1219 660 est,
1261 628 1313 653 ne
1352 628 1401 653 ea
1437 628 1535 668 quae
1567 614 1646 654 hac
1680 614 1733 655 de
1766 629 1812 654 rc

358 692 503 726 sancte
544 693 587 726 et
622 685 790 726 utiliter
824 693 928 725 tunc
968 685 1134 725 sancita
1174 685 1353 725 suerunt
1393 685 1435 724 in
1478 700 1639 740 pravos
1680 693 1813 741 atque

359 757 520 798 alienos
541 772 692 797 sensus
714 756 946 812 aliquando
966 756 1218 805 trahantur3
1251 757 1419 797 censuit
1436 764 1586 798 sancta
1615 758 1815 812 Synodus

358 838 451 872 tum
474 830 553 871 hac
575 830 627 870 de
650 844 790 877 causa,
813 836 905 870 tum
938 830 1069 869 etiam
1094 836 1144 869 ut
1167 829 1368 869 Pastores
1397 844 1446 869 eo
1477 829 1735 884 diligentius
1761 831 1815 872 ad

360 903 631 959 personalem
672 902 952 943 residentiam
997 902 1197 948 adducat,
1234 903 1277 942 in
1312 917 1398 956 qua
1430 903 1594 957 seipsos
1633 903 1814 944 formam

359 977 508 1032 gregis
529 977 701 1023 faciant,
725 983 768 1016 et
789 991 890 1016 oves
923 991 1023 1016 suas
1055 983 1304 1031 agnoscant,
1339 983 1471 1031 atque
1504 977 1559 1016 ab
1582 977 1643 1016 eis
1666 991 1816 1032 agnos-

358 1057 524 1101 cantur,
556 1050 763 1091 nonnulla
794 1050 836 1090 in
872 1049 1061 1090 Decreto
1097 1056 1200 1090 tunc
1236 1049 1354 1091 edito
1392 1049 1663 1098 declaranda,
1699 1065 1817 1105 quae-

359 1121 458 1162 dam
482 1121 613 1162 etiam
638 1121 835 1162 addenda
857 1137 961 1169 csse,
986 1122 1061 1162 &c

416 1194 662 1235 Cardinalis
695 1193 1024 1249 Lotharingius,
1062 1194 1141 1234 ubi
1182 1195 1446 1249 prooemium
1478 1194 1556 1235 hoc
1596 1210 1682 1235 una
1722 1211 1815 1235 cum

360 1266 605 1307 domesticis
631 1267 719 1307 suis
748 1266 987 1323 Theologis
1016 1266 1238 1322 expendit,
1266 1267 1393 1307 valde
1418 1268 1559 1307 vereri
1579 1268 1742 1323 incipit,
1765 1283 1818 1309 ne

359 1355 515 1395 parum
539 1340 695 1395 gratiae
719 1339 838 1395 apud
870 1355 941 1380 eos
973 1341 1216 1395 praesertim
1249 1341 1305 1380 sit
1326 1340 1571 1388 habiturus,
1595 1343 1672 1397 qui
1693 1343 1721 1383 J
1728 1343 1818 1383 uris
1855 1395 1860 1399 ,

359 1412 496 1452 divini
517 1428 687 1453 causam
724 1413 1062 1461 extimulabant,
1086 1420 1324 1469 propterea
1356 1413 1472 1469 quod
1501 1415 1544 1454 in
1573 1430 1622 1455 eo
1651 1419 1724 1469 jus
1757 1414 1818 1454 (li-

359 1485 511 1526 vinum
544 1500 724 1540 prorsus
746 1486 971 1526 exclusum
994 1485 1207 1527 videatur.
1272 1486 1419 1536 Quare
1444 1487 1520 1527 illc
1549 1503 1646 1528 cum
1676 1488 1819 1529 Theo-

358 1558 472 1614 logis
504 1558 594 1598 suis
625 1558 760 1608 aliud,
793 1565 843 1599 ut
876 1559 970 1613 ipsc
998 1565 1155 1606 censet,
1189 1559 1363 1614 utrique
1398 1560 1513 1614 parti
1543 1561 1690 1615 aptius
1725 1576 1820 1601 con-

359 1630 590 1671 ficiendum
615 1637 738 1671 curat
759 1631 802 1670 in
824 1630 937 1671 hunc
960 1630 1150 1672 modum.

420 1703 532 1744 Cum
566 1711 787 1759 praecepto
824 1703 973 1744 divino
1005 1705 1259 1746 mandatum
1300 1706 1355 1746 sit
1397 1705 1614 1754 omnibus,
1657 1707 1820 1762 quibus

360 1775 602 1817 animarum
637 1791 744 1816 cura
773 1777 998 1817 commissa
1018 1784 1094 1826 est,
1117 1792 1221 1818 oves
1255 1792 1354 1818 suas
1388 1793 1630 1834 agnoscere,
1654 1795 1818 1835 regere,

361 1865 440 1905 pro
473 1849 540 1890 his
577 1849 833 1890 sacrificium
868 1849 1036 1898 offerre,
1074 1851 1288 1906 verbique
1324 1852 1462 1892 divini
1494 1852 1818 1907 praedicatione,

362 1923 738 1963 sacramentorum
752 1923 1135 1972 administratione,
1148 1940 1194 1964 ac
1206 1926 1417 1965 bonorum
1431 1926 1623 1967 omnium
1637 1941 1821 1982 operum

361 1995 562 2050 exemplo
591 2010 780 2050 pascere,
803 2011 1053 2052 pauperum
1088 1998 1363 2053 aliarumque
1385 1998 1700 2039 miserabilium
1722 2015 1819 2056 per-

361 2082 562 2109 sonarum
596 2083 743 2108 curam
777 2076 1003 2124 paternam
1035 2084 1202 2125 gerere,
1226 2076 1270 2110 et
1301 2070 1345 2110 in
1374 2077 1530 2111 eaetera
1553 2072 1703 2112 munia
1724 2086 1821 2126 pas-

361 2141 517 2181 toralia
554 2141 816 2187 incumbere,
851 2155 949 2196 quae
977 2143 1123 2182 onmia
1151 2157 1433 2198 nequaquam
1457 2144 1512 2184 ab
1533 2143 1600 2184 his
1621 2145 1823 2199 praestari

362 2220 406 2254 et
439 2214 610 2268 impleri
638 2220 830 2268 possunt,
853 2215 930 2269 qui
954 2216 1081 2270 gregi
1103 2231 1180 2256 suo
1202 2231 1285 2256 non
1306 2217 1550 2272 invigilant,
1584 2232 1726 2272 neque
1750 2217 1822 2258 ad-

360 2287 532 2333 sistunt,
556 2285 633 2326 sed
666 2287 1029 2327 mercenariorum
1066 2303 1184 2329 more
1215 2288 1448 2339 deserunt3
1485 2290 1654 2338 idcirco,
1676 2306 1731 2331 ne
1759 2306 1822 2339 ea,

363 2374 461 2414 quae
484 2359 536 2400 de
560 2359 815 2400 Residentia
844 2367 989 2400 sancte
1011 2367 1054 2401 et
1077 2361 1246 2402 utiliter
1274 2366 1365 2417 jam
1396 2370 1523 2403 antea
1545 2364 1626 2404 sub
1649 2363 1718 2404 fel.
1742 2379 1821 2405 rec.

361 2432 500 2472 Paulo
517 2432 670 2473 Tertio
686 2433 851 2473 sancita
864 2432 1058 2481 fuerunt,
1076 2434 1119 2475 in
1138 2448 1288 2474 sensus
1310 2450 1334 2474 a
1357 2435 1646 2475 Sacrosanctae
1665 2434 1826 2491 Synodi

362 2510 507 2546 mente
539 2503 700 2544 alienos
722 2503 966 2552 trahantur,
991 2520 1038 2545 ac
1060 2506 1094 2545 si
1116 2505 1268 2561 vigore
1299 2505 1416 2546 illius
1444 2505 1607 2547 decreti
1629 2507 1824 2562 quinque

362 2577 588 2617 mensibus
611 2577 827 2617 continuis
858 2578 1008 2618 abesse
1042 2578 1195 2627 liceat;
1230 2578 1316 2618 illis
1350 2579 1598 2619 inhaerendo
1633 2579 1825 2620 declarat

365 2648 424 2688 Sta
457 2648 659 2704 Synodus
686 2664 832 2690 omnes
854 2649 1242 2698 Patriarchalibus,
1273 2650 1640 2706 MetropolitaniS,
1670 2658 1714 2692 et
1743 2651 1825 2692 Ca-

364 2719 641 2762 thedralibus
662 2722 868 2762 Ecclesiis
890 2723 1254 2777 quibuscumque,
1284 2738 1564 2780 quocumque
1588 2725 1760 2765 nomine
1782 2731 1826 2765 et

366 2794 509 2841 titulo,
533 2794 772 2849 praefectOS‚
790 2795 977 2850 obligari
1001 2794 1057 2835 acl
1079 2796 1350 2851 personalem
1376 2798 1419 2837 in
1437 2813 1517 2838 sua
1539 2798 1735 2839 Ecclesia
1758 2798 1824 2838 vel
