1905 3254
712 262 822 292 snss.
848 262 904 291 vi.
1455 247 1539 289 217

80 383 186 424 copo
208 369 421 426 Pragensi
441 384 605 411 eorum.
642 371 718 426 qui
750 371 832 411 sub
865 376 1065 427 utraque*
1092 372 1425 419 communicant,
1461 371 1538 412 Sa-

81 441 275 483 cerdotes
295 442 525 484 ordinandi
546 444 799 485 facultatem
821 444 1052 500 largiatur.

140 515 269 564 Quod
291 516 384 555 Sm·1⁵
410 515 626 557 Dominus
647 523 791 556 noster
810 516 920 557 hane
942 516 1199 572 petitionem
1232 517 1410 558 minime
1442 518 1539 573 reji-

79 587 288 635 ciendam,
322 587 396 628 sed
422 587 600 644 dignam
623 588 794 628 omnino
816 589 1044 636 censuerit,
1077 588 1130 629 de
1154 605 1241 645 qua
1263 589 1318 629 ad
1340 597 1535 631 sanctum

79 659 413 701 OEcumenicum
429 661 673 701 Concilium
696 661 944 708 referretur,
960 676 1014 701 ne
1037 668 1162 702 tanta
1184 668 1361 718 tamque
1385 668 1537 718 optata

38 720 41 727 Ι
77 731 239 772 occasio
261 732 411 773 incliti*
436 732 555 773 illius
577 732 701 788 regni
723 732 779 773 ad
811 733 1021 774 Ecclesiae
1057 734 1273 789 gremium
1305 734 1534 775 revocandi

79 804 520 856 praeterlnitte1·etur3
564 804 681 859 quod
724 805 794 846 vel
835 820 887 846 ex
925 820 975 846 eo
1015 806 1118 846 satis
1157 806 1350 862 intelligi
1387 807 1534 862 possit,

78 888 208 928 quam
240 875 311 916 isti
344 875 452 917 bene
485 892 590 933 erga
623 878 663 918 S.
686 877 737 918 R.
760 878 815 918 E.
849 878 935 919 sint
969 878 1138 927 affecti5
1169 878 1286 934 quod
1312 893 1395 919 non
1427 879 1536 920 alios

78 963 271 1003 unquam
293 950 590 1006 Presbyteros,
610 966 739 1005 quam
759 951 948 995 coelibes,
967 958 1009 992 et
1025 967 1048 992 a
1067 951 1294 993 Catholico
1311 952 1535 1009 Episcopo

79 1020 298 1063 ordinatos
320 1023 361 1062 in
384 1023 496 1064 hunc
519 1023 633 1064 diem
657 1023 922 1066 admiserint.

136 1094 250 1134 Item
274 1094 391 1149 quod
412 1110 492 1150 pro
522 1097 600 1136 Sm⁰
626 1096 812 1137 Domino
833 1103 990 1143 nostro,
1024 1104 1068 1137 ct
1090 1111 1209 1137 sacro
1232 1096 1534 1138 Cardinalium

78 1167 275 1223 collegio,
298 1168 541 1224 Episcopis,
566 1176 699 1224 atque
723 1169 818 1209 aliis
839 1169 1068 1209 ordinibus
1084 1169 1400 1211 Ecclesiasticis
1421 1172 1535 1226 pub-

78 1240 157 1280 lice
179 1239 325 1280 Deum
349 1255 541 1288 exorare,
565 1247 606 1281 et
630 1241 848 1296 Populum
873 1241 926 1281 ad
949 1241 1026 1282 hoc
1048 1242 1189 1296 ipsum
1218 1242 1462 1283 faciendum
1493 1244 1536 1284 in

79 1313 369 1354 Concionibus
392 1313 640 1369 frequenter
661 1313 873 1354 cohortari
896 1314 1072 1354 soleant.

136 1387 265 1437 Quod
288 1386 449 1427 Calicis
472 1402 555 1427 usu
578 1402 790 1435 concesso,
814 1388 854 1427 in
882 1388 1073 1443 reliquis,
1109 1389 1149 1428 in
1184 1389 1348 1444 quibus
1381 1389 1537 1431 leviter

77 1477 101 1502 a
124 1460 362 1501 Catholica‘
385 1460 574 1501 ccclesiae
595 1459 789 1500 doctrina
819 1460 1110 1509 deflexissent,
1145 1461 1268 1503 facile
1303 1462 1356 1503 ad
1387 1478 1533 1505 Sanam

76 1535 315 1575 doctrinam
339 1534 487 1574 reduci
509 1534 689 1589 possint.

136 1605 266 1656 Quod
287 1621 369 1645 non
391 1606 443 1646 sit
464 1607 620 1646 mirum
641 1622 712 1647 eos
734 1621 963 1661 persuasos
985 1622 1076 1647 esse
1094 1608 1176 1647 sub
1195 1614 1383 1662 utraque
1402 1622 1533 1662 quam

77 1679 160 1719 sub
184 1678 321 1719 altera
344 1678 445 1733 plus
467 1680 624 1733 gratiae
648 1694 754 1725 esse,
779 1693 873 1718 eum
898 1677 1131 1719 doctissimi
1153 1679 1281 1720 etiam
1306 1687 1348 1721 et
1373 1679 1535 1721 Catho-

78 1753 145 1793 lici
170 1753 250 1793 viri
273 1751 581 1793 subdubitasse
606 1751 849 1792 videantur.

137 1824 265 1875 Quod
297 1824 541 1865 cavendum
574 1824 642 1871 sit,
678 1839 730 1863 ne
762 1839 841 1878 per
868 1824 1041 1864 nimiam
1071 1824 1348 1865 severitatem
1375 1825 1536 1867 Calicis

79 1914 158 1939 usu
199 1898 430 1954 denegato,
469 1898 525 1939 ad
561 1898 765 1938 sectarios
802 1913 849 1938 ac
889 1898 1131 1952 praesertim
1170 1897 1224 1937 ad
1260 1898 1537 1940 Lutheranos

78 1978 315 2019 transcant,
339 1986 435 2011 cum
459 1970 589 2010 variis
611 1970 780 2010 artibus
803 1969 857 2010 ad
878 1969 1177 2009 dcfieetioncm
1201 1970 1497 2012 sollicitentur.

137 2044 266 2095 Quod
308 2045 348 2084 in
392 2044 643 2100 Hungaria,
687 2044 816 2084 etiam
863 2044 1056 2089 Austria,
1102 2043 1315 2088 Moravia,
1365 2044 1534 2089 Silesia.

81 2118 224 2167 Stiria,
260 2117 503 2164 Carinthia,
541 2115 757 2161 Carniola,
788 2115 991 2161 Bai-aria,
1028 2115 1199 2163 Sum-ia,
1237 2123 1280 2156 et
1310 2117 1407 2157 aliis
1439 2133 1534 2173 per-

80 2191 228 2231 multis
258 2191 506 2231 Germaniae
532 2190 749 2246 partibus,
784 2189 987 2245 plerique
1023 2188 1233 2229 Catholici
1266 2190 1346 2230 viri
1376 2206 1534 2248 magno

79 2262 267 2318 quodam
290 2263 384 2304 zelo
408 2262 597 2303 Calicem
622 2262 705 2302 sibi
726 2261 818 2301 dari
850 2267 1060 2315 expetant

139 2336 266 2386 Quod
295 2335 403 2377 hanc
427 2336 482 2377 ob
510 2351 683 2376 causam
710 2334 878 2375 Paulus
902 2334 990 2374 ΙΙΙ.
1016 2333 1126 2374 l'ont
1165 2334 1271 2375 Max
1309 2335 1374 2376 fel.
1401 2352 1532 2378 recor.

79 2410 280 2450 omnibus
302 2425 381 2466 per
410 2409 689 2450 Germaniam
728 2409 962 2463 Episcopis
994 2407 1245 2448 facultatem
1282 2412 1537 2452 concesserit

81 2484 163 2524 sub
195 2491 387 2539 utraque
421 2482 767 2524 communicandi
800 2496 887 2531 cOS,
918 2481 993 2536 qui
1027 2481 1271 2521 devotionis
1302 2497 1433 2523 causa
1453 2484 1535 2524 sub

81 2564 267 2613 utraque
300 2557 483 2598 mallent
515 2572 644 2612 quarn
678 2557 760 2597 sub
798 2571 882 2596 una
912 2556 1249 2603 communicare;
1283 2556 1359 2597 sed
1392 2573 1533 2614 neque

81 2629 157 2671 hoc
180 2638 358 2687 propter
379 2631 693 2687 impedimenta
716 2630 771 2670 ad
794 2631 958 2671 exitum
981 2629 1159 2685 perduci
1183 2631 1389 2686 potuerit.

140 2703 267 2753 Quod
298 2704 540 2744 communio
568 2704 649 2744 sub
678 2710 866 2758 utraque
903 2718 982 2742 non
1008 2718 1084 2757 pro
1108 2702 1320 2743 haereticis
1342 2710 1533 2758 petatur,

294 2791 301 2808 ¹
331 2791 439 2829 inditi,
461 2793 526 2822 ΜΞ.
576 2793 633 2822 Sec
656 2793 694 2821 Le
713 2792 781 2822 l‘lae
802 2793 846 2821 sor
864 2795 912 2821 the
929 2792 1108 2828 correction,
1126 2792 1176 2821 ubi
1195 2802 1297 2831 snpra.
