<?xml version="1.0" encoding="UTF-8"?>
<!DOCTYPE html PUBLIC "-//W3C//DTD XHTML 1.0 Transitional//EN"
    "http://www.w3.org/TR/xhtml1/DTD/xhtml1-transitional.dtd">
<html xmlns="http://www.w3.org/1999/xhtml" xml:lang="en" lang="en">
 <head>
  <title>
</title>
<meta http-equiv="Content-Type" content="text/html;charset=utf-8" />
  <meta name='ocr-system' content='tesseract 3.04.00' />
  <meta name='ocr-capabilities' content='ocr_page ocr_carea ocr_par ocr_line ocrx_word'/>
</head>
<body>
  <div class='ocr_page' id='page_1' title='image "actaconciliitrid00paleuoft_0238.png"; bbox 0 0 1905 3254; ppageno 0'>
   <div class='ocr_carea' id='block_1_1' title="bbox 371 271 1175 312">
    <p class='ocr_par' dir='ltr' id='par_1_1' title="bbox 371 271 1175 312">
     <span class='ocr_line' id='line_1_1' title="bbox 371 271 1175 312; baseline 0 -1"><span class='ocrx_word' id='word_1_1' title='bbox 371 271 449 311; x_wconf 81' lang='lat'>154</span> <span class='ocrx_word' id='word_1_2' title='bbox 1003 282 1110 312; x_wconf 74' lang='lat' dir='ltr'><strong>SESS.</strong></span> <span class='ocrx_word' id='word_1_3' title='bbox 1137 282 1175 311; x_wconf 67' lang='lat' dir='ltr'>v,</span> 
     </span>
    </p>
   </div>
   <div class='ocr_carea' id='block_1_2' title="bbox 439 420 1825 566">
    <p class='ocr_par' dir='ltr' id='par_1_2' title="bbox 439 420 1825 566">
     <span class='ocr_line' id='line_1_2' title="bbox 439 420 1825 486; baseline -0.004 -16"><span class='ocrx_word' id='word_1_4' title='bbox 439 422 557 486; x_wconf 81' lang='lat' dir='ltr'>Cap.</span> <span class='ocrx_word' id='word_1_5' title='bbox 595 425 669 469; x_wconf 74' lang='lat'>2¹¹¹.</span> <span class='ocrx_word' id='word_1_6' title='bbox 701 429 889 468; x_wconf 79' lang='lat' dir='ltr'>tantum</span> <span class='ocrx_word' id='word_1_7' title='bbox 929 422 1105 484; x_wconf 77' lang='lat' dir='ltr'>suscipi</span> <span class='ocrx_word' id='word_1_8' title='bbox 1142 421 1230 467; x_wconf 80' lang='lat' dir='ltr'>sub</span> <span class='ocrx_word' id='word_1_9' title='bbox 1269 437 1366 466; x_wconf 86' lang='lat' dir='ltr'>una</span> <span class='ocrx_word' id='word_1_10' title='bbox 1403 420 1555 483; x_wconf 87' lang='lat' dir='ltr'>specie</span> <span class='ocrx_word' id='word_1_11' title='bbox 1593 427 1825 482; x_wconf 83' lang='lat' dir='ltr'>quantum</span> 
     </span>
     <span class='ocr_line' id='line_1_3' title="bbox 931 504 1264 566; baseline 0 -17"><span class='ocrx_word' id='word_1_12' title='bbox 931 504 1019 550; x_wconf 88' lang='lat' dir='ltr'>sub</span> <span class='ocrx_word' id='word_1_13' title='bbox 1044 512 1264 566; x_wconf 84' lang='lat' dir='ltr'>utraque.</span> 
     </span>
    </p>
   </div>
   <div class='ocr_carea' id='block_1_3' title="bbox 367 598 1831 1590">
    <p class='ocr_par' dir='ltr' id='par_1_3' title="bbox 367 598 1831 1590">
     <span class='ocr_line' id='line_1_4' title="bbox 426 598 1827 656; baseline -0.001 -16"><span class='ocrx_word' id='word_1_14' title='bbox 426 600 636 641; x_wconf 83' lang='lat' dir='ltr'>Declarat</span> <span class='ocrx_word' id='word_1_15' title='bbox 656 607 872 656; x_wconf 70' lang='lat' dir='ltr'>praeterea</span> <span class='ocrx_word' id='word_1_16' title='bbox 903 605 1050 640; x_wconf 88' lang='lat' dir='ltr'>sancta</span> <span class='ocrx_word' id='word_1_17' title='bbox 1073 599 1286 655; x_wconf 86' lang='lat' dir='ltr'>Synodus,</span> <span class='ocrx_word' id='word_1_18' title='bbox 1305 598 1424 655; x_wconf 81' lang='lat' dir='ltr'>quod</span> <span class='ocrx_word' id='word_1_19' title='bbox 1445 598 1501 639; x_wconf 84' lang='lat' dir='ltr'>ad</span> <span class='ocrx_word' id='word_1_20' title='bbox 1521 604 1726 640; x_wconf 84' lang='lat' dir='ltr'>contenta</span> <span class='ocrx_word' id='word_1_21' title='bbox 1747 599 1827 640; x_wconf 88' lang='lat' dir='ltr'>sub</span> 
     </span>
     <span class='ocr_line' id='line_1_5' title="bbox 368 671 1828 728; baseline -0.001 -15"><span class='ocrx_word' id='word_1_22' title='bbox 368 673 597 728; x_wconf 76' lang='lat' dir='ltr'>speciebus</span> <span class='ocrx_word' id='word_1_23' title='bbox 614 674 788 722; x_wconf 76' lang='lat' dir='ltr'>attinet,</span> <span class='ocrx_word' id='word_1_24' title='bbox 810 687 894 713; x_wconf 86' lang='lat' dir='ltr'>non</span> <span class='ocrx_word' id='word_1_25' title='bbox 914 672 1058 713; x_wconf 88' lang='lat' dir='ltr'>minus</span> <span class='ocrx_word' id='word_1_26' title='bbox 1079 672 1239 727; x_wconf 81' lang='lat' dir='ltr'>suscipi</span> <span class='ocrx_word' id='word_1_27' title='bbox 1261 672 1344 713; x_wconf 88' lang='lat' dir='ltr'>sub</span> <span class='ocrx_word' id='word_1_28' title='bbox 1367 673 1505 713; x_wconf 84' lang='lat' dir='ltr'>altera</span> <span class='ocrx_word' id='word_1_29' title='bbox 1520 671 1675 727; x_wconf 81' lang='lat' dir='ltr'>specie,</span> <span class='ocrx_word' id='word_1_30' title='bbox 1698 686 1828 728; x_wconf 88' lang='lat' dir='ltr'>quam</span> 
     </span>
     <span class='ocr_line' id='line_1_6' title="bbox 369 745 1828 802; baseline -0.001 -15"><span class='ocrx_word' id='word_1_31' title='bbox 369 747 451 787; x_wconf 90' lang='lat' dir='ltr'>sub</span> <span class='ocrx_word' id='word_1_32' title='bbox 480 753 683 802; x_wconf 88' lang='lat' dir='ltr'>utraque,</span> <span class='ocrx_word' id='word_1_33' title='bbox 721 762 818 788; x_wconf 88' lang='lat' dir='ltr'>cum</span> <span class='ocrx_word' id='word_1_34' title='bbox 855 745 1059 787; x_wconf 88' lang='lat' dir='ltr'>Christus</span> <span class='ocrx_word' id='word_1_35' title='bbox 1092 753 1210 787; x_wconf 89' lang='lat' dir='ltr'>totus</span> <span class='ocrx_word' id='word_1_36' title='bbox 1239 752 1283 787; x_wconf 89' lang='grc'>01</span> <span class='ocrx_word' id='word_1_37' title='bbox 1317 746 1489 801; x_wconf 78' lang='lat' dir='ltr'>integer</span> <span class='ocrx_word' id='word_1_38' title='bbox 1520 745 1602 785; x_wconf 90' lang='lat' dir='ltr'>sub</span> <span class='ocrx_word' id='word_1_39' title='bbox 1635 745 1828 800; x_wconf 86' lang='lat' dir='ltr'>qualibet</span> 
     </span>
     <span class='ocr_line' id='line_1_7' title="bbox 369 817 1831 875; baseline -0.001 -15"><span class='ocrx_word' id='word_1_40' title='bbox 369 820 511 875; x_wconf 89' lang='lat' dir='ltr'>specie</span> <span class='ocrx_word' id='word_1_41' title='bbox 545 820 832 867; x_wconf 84' lang='lat' dir='ltr'>contineatur,</span> <span class='ocrx_word' id='word_1_42' title='bbox 869 825 913 860; x_wconf 91' lang='lat' dir='ltr'>et</span> <span class='ocrx_word' id='word_1_43' title='bbox 949 819 1201 874; x_wconf 82' lang='lat' dir='ltr'>accipiatur.</span> <span class='ocrx_word' id='word_1_44' title='bbox 1266 817 1340 858; x_wconf 87' lang='lat' dir='ltr'>Ad</span> <span class='ocrx_word' id='word_1_45' title='bbox 1366 818 1459 859; x_wconf 84' lang='lat' dir='ltr'>haec</span> <span class='ocrx_word' id='word_1_46' title='bbox 1492 817 1608 858; x_wconf 86' lang='lat' dir='ltr'>idem</span> <span class='ocrx_word' id='word_1_47' title='bbox 1649 817 1831 863; x_wconf 86' lang='lat' dir='ltr'>fructus,</span> 
     </span>
     <span class='ocr_line' id='line_1_8' title="bbox 368 889 1827 947; baseline -0.001 -16"><span class='ocrx_word' id='word_1_48' title='bbox 368 898 582 947; x_wconf 86' lang='lat' dir='ltr'>quantum</span> <span class='ocrx_word' id='word_1_49' title='bbox 618 891 673 931; x_wconf 86' lang='lat' dir='ltr'>ad</span> <span class='ocrx_word' id='word_1_50' title='bbox 696 891 783 932; x_wconf 85' lang='lat' dir='ltr'>vim</span> <span class='ocrx_word' id='word_1_51' title='bbox 825 898 870 931; x_wconf 92' lang='lat' dir='ltr'>ct</span> <span class='ocrx_word' id='word_1_52' title='bbox 911 891 1143 931; x_wconf 87' lang='lat' dir='ltr'>efficaciam</span> <span class='ocrx_word' id='word_1_53' title='bbox 1180 890 1320 946; x_wconf 87' lang='lat' dir='ltr'>ipsius</span> <span class='ocrx_word' id='word_1_54' title='bbox 1352 889 1622 931; x_wconf 84' lang='lat' dir='ltr'>Sacramenti</span> <span class='ocrx_word' id='word_1_55' title='bbox 1654 890 1827 938; x_wconf 86' lang='lat' dir='ltr'>attinet,</span> 
     </span>
     <span class='ocr_line' id='line_1_9' title="bbox 370 963 1828 1020; baseline 0 -16"><span class='ocrx_word' id='word_1_56' title='bbox 370 965 525 1020; x_wconf 73' lang='lat' dir='ltr'>gratiae</span> <span class='ocrx_word' id='word_1_57' title='bbox 544 965 745 1020; x_wconf 87' lang='lat' dir='ltr'>specialis</span> <span class='ocrx_word' id='word_1_58' title='bbox 766 980 866 1020; x_wconf 82' lang='lat' dir='ltr'>quae</span> <span class='ocrx_word' id='word_1_59' title='bbox 882 964 936 1005; x_wconf 89' lang='lat' dir='ltr'>ad</span> <span class='ocrx_word' id='word_1_60' title='bbox 949 965 1137 1006; x_wconf 87' lang='lat' dir='ltr'>salutem</span> <span class='ocrx_word' id='word_1_61' title='bbox 1150 964 1390 1005; x_wconf 86' lang='lat' dir='ltr'>necessario</span> <span class='ocrx_word' id='word_1_62' title='bbox 1414 963 1670 1020; x_wconf 82' lang='lat' dir='ltr'>percipitur,</span> <span class='ocrx_word' id='word_1_63' title='bbox 1687 963 1744 1004; x_wconf 89' lang='lat' dir='ltr'>ab</span> <span class='ocrx_word' id='word_1_64' title='bbox 1765 964 1828 1012; x_wconf 86' lang='lat' dir='ltr'>iis,</span> 
     </span>
     <span class='ocr_line' id='line_1_10' title="bbox 369 1037 1828 1094; baseline 0 -17"><span class='ocrx_word' id='word_1_65' title='bbox 369 1038 445 1093; x_wconf 89' lang='lat' dir='ltr'>qui</span> <span class='ocrx_word' id='word_1_66' title='bbox 487 1053 619 1077; x_wconf 83' lang='lat' dir='ltr'>unam</span> <span class='ocrx_word' id='word_1_67' title='bbox 661 1038 850 1093; x_wconf 84' lang='lat' dir='ltr'>speciem</span> <span class='ocrx_word' id='word_1_68' title='bbox 891 1045 1078 1086; x_wconf 81' lang='lat' dir='ltr'>tantum,</span> <span class='ocrx_word' id='word_1_69' title='bbox 1119 1045 1253 1094; x_wconf 87' lang='lat' dir='ltr'>atque</span> <span class='ocrx_word' id='word_1_70' title='bbox 1293 1038 1349 1078; x_wconf 88' lang='lat' dir='ltr'>ab</span> <span class='ocrx_word' id='word_1_71' title='bbox 1381 1037 1434 1078; x_wconf 88' lang='lat' dir='ltr'>iis</span> <span class='ocrx_word' id='word_1_72' title='bbox 1471 1037 1546 1093; x_wconf 91' lang='lat' dir='ltr'>qui</span> <span class='ocrx_word' id='word_1_73' title='bbox 1581 1043 1828 1092; x_wconf 85' lang='lat' dir='ltr'>utramque,</span> 
     </span>
     <span class='ocr_line' id='line_1_11' title="bbox 367 1111 1830 1167; baseline 0 -16"><span class='ocrx_word' id='word_1_74' title='bbox 367 1118 571 1161; x_wconf 80' lang='lat' dir='ltr'>sumunt3</span> <span class='ocrx_word' id='word_1_75' title='bbox 606 1126 701 1152; x_wconf 89' lang='lat' dir='ltr'>cum</span> <span class='ocrx_word' id='word_1_76' title='bbox 723 1126 807 1151; x_wconf 89' lang='lat' dir='ltr'>non</span> <span class='ocrx_word' id='word_1_77' title='bbox 828 1112 984 1159; x_wconf 84' lang='lat' dir='ltr'>minus,</span> <span class='ocrx_word' id='word_1_78' title='bbox 1017 1118 1066 1152; x_wconf 90' lang='lat' dir='ltr'>ut</span> <span class='ocrx_word' id='word_1_79' title='bbox 1088 1111 1253 1153; x_wconf 84' lang='lat' dir='ltr'>dictum</span> <span class='ocrx_word' id='word_1_80' title='bbox 1277 1119 1355 1159; x_wconf 85' lang='lat' dir='ltr'>est,</span> <span class='ocrx_word' id='word_1_81' title='bbox 1378 1112 1461 1152; x_wconf 87' lang='lat' dir='ltr'>sub</span> <span class='ocrx_word' id='word_1_82' title='bbox 1485 1126 1571 1152; x_wconf 87' lang='lat' dir='ltr'>una</span> <span class='ocrx_word' id='word_1_83' title='bbox 1593 1126 1725 1167; x_wconf 89' lang='lat' dir='ltr'>quam</span> <span class='ocrx_word' id='word_1_84' title='bbox 1748 1111 1830 1152; x_wconf 88' lang='lat' dir='ltr'>sub</span> 
     </span>
     <span class='ocr_line' id='line_1_12' title="bbox 368 1184 1831 1242; baseline 0.001 -18"><span class='ocrx_word' id='word_1_85' title='bbox 368 1184 555 1234; x_wconf 84' lang='lat' dir='ltr'>duabus,</span> <span class='ocrx_word' id='word_1_86' title='bbox 589 1191 707 1226; x_wconf 88' lang='lat' dir='ltr'>totus</span> <span class='ocrx_word' id='word_1_87' title='bbox 744 1192 787 1226; x_wconf 89' lang='lat' dir='ltr'>ct</span> <span class='ocrx_word' id='word_1_88' title='bbox 820 1187 994 1242; x_wconf 81' lang='lat' dir='ltr'>integer</span> <span class='ocrx_word' id='word_1_89' title='bbox 1026 1186 1299 1226; x_wconf 85' lang='lat' dir='ltr'>contineatur</span> <span class='ocrx_word' id='word_1_90' title='bbox 1331 1185 1558 1235; x_wconf 78' lang='lat' dir='ltr'>Gliristus3</span> <span class='ocrx_word' id='word_1_91' title='bbox 1592 1200 1722 1241; x_wconf 90' lang='lat' dir='ltr'>quem</span> <span class='ocrx_word' id='word_1_92' title='bbox 1755 1185 1831 1241; x_wconf 91' lang='lat' dir='ltr'>qui</span> 
     </span>
     <span class='ocr_line' id='line_1_13' title="bbox 369 1257 1830 1315; baseline 0.001 -18"><span class='ocrx_word' id='word_1_93' title='bbox 369 1258 501 1297; x_wconf 90' lang='lat' dir='ltr'>sumit</span> <span class='ocrx_word' id='word_1_94' title='bbox 534 1258 597 1298; x_wconf 88' lang='lat' dir='ltr'>illi</span> <span class='ocrx_word' id='word_1_95' title='bbox 629 1259 794 1306; x_wconf 87' lang='lat' dir='ltr'>unitur,</span> <span class='ocrx_word' id='word_1_96' title='bbox 839 1266 975 1314; x_wconf 84' lang='lat' dir='ltr'>atquc</span> <span class='ocrx_word' id='word_1_97' title='bbox 1010 1259 1308 1315; x_wconf 74' lang='lat' dir='ltr'>conjungitur,</span> <span class='ocrx_word' id='word_1_98' title='bbox 1342 1259 1427 1299; x_wconf 89' lang='lat' dir='ltr'>imo</span> <span class='ocrx_word' id='word_1_99' title='bbox 1462 1259 1611 1314; x_wconf 87' lang='lat' dir='ltr'>potius</span> <span class='ocrx_word' id='word_1_100' title='bbox 1646 1257 1830 1299; x_wconf 81' lang='lat' dir='ltr'>admira-</span> 
     </span>
     <span class='ocr_line' id='line_1_14' title="bbox 369 1330 1830 1388; baseline 0.002 -18"><span class='ocrx_word' id='word_1_101' title='bbox 369 1330 514 1371; x_wconf 80' lang='lat' dir='ltr'>biliter</span> <span class='ocrx_word' id='word_1_102' title='bbox 550 1331 869 1387; x_wconf 82' lang='lat' dir='ltr'>quodammodo</span> <span class='ocrx_word' id='word_1_103' title='bbox 899 1332 943 1372; x_wconf 88' lang='lat' dir='ltr'>in</span> <span class='ocrx_word' id='word_1_104' title='bbox 976 1347 1075 1373; x_wconf 87' lang='lat' dir='ltr'>cum</span> <span class='ocrx_word' id='word_1_105' title='bbox 1118 1333 1477 1381; x_wconf 54' lang='lat' dir='ltr'>transformatum</span> <span class='ocrx_word' id='word_1_106' title='bbox 1522 1332 1637 1373; x_wconf 82' lang='lat' dir='ltr'>unde</span> <span class='ocrx_word' id='word_1_107' title='bbox 1673 1333 1830 1388; x_wconf 90' lang='lat' dir='ltr'>cuique</span> 
     </span>
     <span class='ocr_line' id='line_1_15' title="bbox 369 1405 1829 1462; baseline 0.002 -19"><span class='ocrx_word' id='word_1_108' title='bbox 369 1405 634 1445; x_wconf 80' lang='lat' dir='ltr'>sumentium</span> <span class='ocrx_word' id='word_1_109' title='bbox 667 1405 712 1445; x_wconf 86' lang='lat' dir='ltr'>id</span> <span class='ocrx_word' id='word_1_110' title='bbox 747 1405 939 1446; x_wconf 78' lang='lat' dir='ltr'>alimenti</span> <span class='ocrx_word' id='word_1_111' title='bbox 961 1405 1290 1461; x_wconf 83' lang='lat' dir='ltr'>suppeditatur,</span> <span class='ocrx_word' id='word_1_112' title='bbox 1319 1406 1436 1462; x_wconf 85' lang='lat' dir='ltr'>quod</span> <span class='ocrx_word' id='word_1_113' title='bbox 1458 1407 1540 1447; x_wconf 87' lang='lat' dir='ltr'>sibi</span> <span class='ocrx_word' id='word_1_114' title='bbox 1563 1407 1619 1446; x_wconf 85' lang='lat' dir='ltr'>ad</span> <span class='ocrx_word' id='word_1_115' title='bbox 1640 1406 1829 1446; x_wconf 84' lang='lat' dir='ltr'>reficien-</span> 
     </span>
     <span class='ocr_line' id='line_1_16' title="bbox 369 1477 1830 1534; baseline 0.002 -17"><span class='ocrx_word' id='word_1_116' title='bbox 369 1477 483 1525; x_wconf 84' lang='lat' dir='ltr'>dam,</span> <span class='ocrx_word' id='word_1_117' title='bbox 527 1478 879 1526; x_wconf 83' lang='lat' dir='ltr'>conservandam,</span> <span class='ocrx_word' id='word_1_118' title='bbox 933 1478 1201 1534; x_wconf 81' lang='lat' dir='ltr'>augendam,</span> <span class='ocrx_word' id='word_1_119' title='bbox 1254 1479 1531 1534; x_wconf 84' lang='lat' dir='ltr'>spiritualem</span> <span class='ocrx_word' id='word_1_120' title='bbox 1575 1480 1711 1520; x_wconf 85' lang='lat' dir='ltr'>vitam</span> <span class='ocrx_word' id='word_1_121' title='bbox 1765 1486 1830 1520; x_wconf 79' lang='lat' dir='ltr'>est</span> 
     </span>
     <span class='ocr_line' id='line_1_17' title="bbox 367 1550 670 1590; baseline 0.007 -2"><span class='ocrx_word' id='word_1_122' title='bbox 367 1550 670 1590; x_wconf 81' lang='lat' dir='ltr'>necessarium.</span> 
     </span>
    </p>
   </div>
   <div class='ocr_carea' id='block_1_4' title="bbox 690 1672 1505 1720">
    <p class='ocr_par' dir='ltr' id='par_1_4' title="bbox 690 1672 1505 1720">
     <span class='ocr_line' id='line_1_18' title="bbox 690 1672 1505 1720; baseline 0 -2"><span class='ocrx_word' id='word_1_123' title='bbox 690 1672 762 1719; x_wconf 91' lang='lat' dir='ltr'>De</span> <span class='ocrx_word' id='word_1_124' title='bbox 789 1672 1147 1719; x_wconf 86' lang='lat' dir='ltr'>Communione</span> <span class='ocrx_word' id='word_1_125' title='bbox 1174 1672 1505 1720; x_wconf 81' lang='lat' dir='ltr'>Parvuloruln.</span> 
     </span>
    </p>
   </div>
   <div class='ocr_carea' id='block_1_5' title="bbox 368 1769 1828 1896">
    <p class='ocr_par' dir='ltr' id='par_1_5' title="bbox 368 1769 1828 1896">
     <span class='ocr_line' id='line_1_19' title="bbox 428 1769 1828 1826; baseline 0.002 -17"><span class='ocrx_word' id='word_1_126' title='bbox 428 1769 500 1810; x_wconf 84' lang='lat' dir='ltr'>Ex</span> <span class='ocrx_word' id='word_1_127' title='bbox 521 1770 573 1810; x_wconf 88' lang='lat' dir='ltr'>iis</span> <span class='ocrx_word' id='word_1_128' title='bbox 594 1771 870 1811; x_wconf 82' lang='lat' dir='ltr'>manifestum</span> <span class='ocrx_word' id='word_1_129' title='bbox 893 1772 940 1811; x_wconf 86' lang='lat' dir='ltr'>fit</span> <span class='ocrx_word' id='word_1_130' title='bbox 962 1770 1161 1819; x_wconf 74' lang='lat' dir='ltr'>infantes,</span> <span class='ocrx_word' id='word_1_131' title='bbox 1187 1771 1264 1826; x_wconf 90' lang='lat' dir='ltr'>qui</span> <span class='ocrx_word' id='word_1_132' title='bbox 1285 1770 1474 1811; x_wconf 84' lang='lat' dir='ltr'>nondum</span> <span class='ocrx_word' id='word_1_133' title='bbox 1498 1786 1624 1812; x_wconf 90' lang='lat' dir='ltr'>usum</span> <span class='ocrx_word' id='word_1_134' title='bbox 1650 1772 1828 1812; x_wconf 86' lang='lat' dir='ltr'>rationis</span> 
     </span>
     <span class='ocr_line' id='line_1_20' title="bbox 368 1838 1826 1896; baseline 0.002 -18"><span class='ocrx_word' id='word_1_135' title='bbox 368 1838 543 1887; x_wconf 76' lang='lat' dir='ltr'>habent,</span> <span class='ocrx_word' id='word_1_136' title='bbox 569 1839 692 1879; x_wconf 90' lang='lat' dir='ltr'>nullo</span> <span class='ocrx_word' id='word_1_137' title='bbox 714 1840 853 1880; x_wconf 83' lang='lat' dir='ltr'>teneri</span> <span class='ocrx_word' id='word_1_138' title='bbox 882 1839 1031 1880; x_wconf 84' lang='lat' dir='ltr'>divino</span> <span class='ocrx_word' id='word_1_139' title='bbox 1060 1846 1280 1894; x_wconf 69' lang='lat' dir='ltr'>praecepto</span> <span class='ocrx_word' id='word_1_140' title='bbox 1313 1839 1368 1880; x_wconf 84' lang='lat' dir='ltr'>ad</span> <span class='ocrx_word' id='word_1_141' title='bbox 1402 1840 1729 1896; x_wconf 82' lang='lat' dir='ltr'>suscipiendum</span> <span class='ocrx_word' id='word_1_142' title='bbox 1763 1855 1826 1881; x_wconf 83' lang='lat' dir='ltr'>sa-</span> 
     </span>
    </p>
   </div>
   <div class='ocr_carea' id='block_1_6' title="bbox 366 1912 1827 2847">
    <p class='ocr_par' dir='ltr' id='par_1_6' title="bbox 366 1912 1827 2847">
     <span class='ocr_line' id='line_1_21' title="bbox 370 1912 1826 1970; baseline 0.001 -17"><span class='ocrx_word' id='word_1_143' title='bbox 370 1919 636 1953; x_wconf 83' lang='lat' dir='ltr'>cramentum</span> <span class='ocrx_word' id='word_1_144' title='bbox 658 1912 978 1962; x_wconf 73' lang='lat' dir='ltr'>Eucharistiae3</span> <span class='ocrx_word' id='word_1_145' title='bbox 1012 1928 1109 1953; x_wconf 89' lang='lat' dir='ltr'>cum</span> <span class='ocrx_word' id='word_1_146' title='bbox 1143 1913 1257 1953; x_wconf 86' lang='lat' dir='ltr'>enim</span> <span class='ocrx_word' id='word_1_147' title='bbox 1290 1913 1370 1953; x_wconf 87' lang='lat' dir='ltr'>illa</span> <span class='ocrx_word' id='word_1_148' title='bbox 1400 1921 1506 1955; x_wconf 68' lang='lat' dir='ltr'>aetas</span> <span class='ocrx_word' id='word_1_149' title='bbox 1539 1915 1596 1955; x_wconf 87' lang='lat' dir='ltr'>sit</span> <span class='ocrx_word' id='word_1_150' title='bbox 1622 1929 1698 1955; x_wconf 92' lang='lat' dir='ltr'>nec</span> <span class='ocrx_word' id='word_1_151' title='bbox 1720 1921 1826 1970; x_wconf 87' lang='lat' dir='ltr'>apta</span> 
     </span>
     <span class='ocr_line' id='line_1_22' title="bbox 369 1985 1825 2041; baseline 0.001 -15"><span class='ocrx_word' id='word_1_152' title='bbox 369 1986 424 2027; x_wconf 87' lang='lat' dir='ltr'>ad</span> <span class='ocrx_word' id='word_1_153' title='bbox 446 1985 808 2032; x_wconf 74' lang='lat' dir='ltr'>manducandum,</span> <span class='ocrx_word' id='word_1_154' title='bbox 832 2001 916 2026; x_wconf 86' lang='lat' dir='ltr'>non</span> <span class='ocrx_word' id='word_1_155' title='bbox 938 1985 1071 2026; x_wconf 87' lang='lat' dir='ltr'>debet</span> <span class='ocrx_word' id='word_1_156' title='bbox 1092 1985 1274 2041; x_wconf 77' lang='lat' dir='ltr'>cogitari</span> <span class='ocrx_word' id='word_1_157' title='bbox 1306 1986 1361 2026; x_wconf 84' lang='lat' dir='ltr'>ad</span> <span class='ocrx_word' id='word_1_158' title='bbox 1388 1986 1487 2027; x_wconf 89' lang='lat' dir='ltr'>illos</span> <span class='ocrx_word' id='word_1_159' title='bbox 1521 2002 1612 2027; x_wconf 89' lang='grc'>0550</span> <span class='ocrx_word' id='word_1_160' title='bbox 1644 1986 1825 2036; x_wconf 85' lang='lat' dir='ltr'>dictum,</span> 
     </span>
     <span class='ocr_line' id='line_1_23' title="bbox 369 2059 1827 2116; baseline 0 -16"><span class='ocrx_word' id='word_1_161' title='bbox 369 2059 549 2114; x_wconf 83' lang='lat' dir='ltr'>accipite</span> <span class='ocrx_word' id='word_1_162' title='bbox 587 2067 630 2101; x_wconf 87' lang='lat' dir='ltr'>ct</span> <span class='ocrx_word' id='word_1_163' title='bbox 665 2060 954 2107; x_wconf 81' lang='lat' dir='ltr'>manducate3</span> <span class='ocrx_word' id='word_1_164' title='bbox 997 2074 1183 2114; x_wconf 88' lang='lat' dir='ltr'>cumque</span> <span class='ocrx_word' id='word_1_165' title='bbox 1225 2059 1354 2100; x_wconf 86' lang='lat' dir='ltr'>etiam</span> <span class='ocrx_word' id='word_1_166' title='bbox 1399 2060 1539 2101; x_wconf 85' lang='lat' dir='ltr'>adhuc</span> <span class='ocrx_word' id='word_1_167' title='bbox 1575 2059 1743 2116; x_wconf 76' lang='lat' dir='ltr'>Judicio</span> <span class='ocrx_word' id='word_1_168' title='bbox 1784 2066 1827 2101; x_wconf 89' lang='lat' dir='ltr'>et</span> 
     </span>
     <span class='ocr_line' id='line_1_24' title="bbox 369 2132 1827 2187; baseline 0.001 -15"><span class='ocrx_word' id='word_1_169' title='bbox 369 2132 527 2172; x_wconf 86' lang='lat' dir='ltr'>mentis</span> <span class='ocrx_word' id='word_1_170' title='bbox 559 2132 759 2173; x_wconf 82' lang='lat' dir='ltr'>discursu</span> <span class='ocrx_word' id='word_1_171' title='bbox 794 2132 982 2173; x_wconf 82' lang='lat' dir='ltr'>infantes</span> <span class='ocrx_word' id='word_1_172' title='bbox 1010 2147 1096 2172; x_wconf 85' lang='lat' dir='ltr'>non</span> <span class='ocrx_word' id='word_1_173' title='bbox 1129 2140 1313 2187; x_wconf 89' lang='lat' dir='ltr'>possunt</span> <span class='ocrx_word' id='word_1_174' title='bbox 1347 2133 1457 2174; x_wconf 88' lang='lat' dir='ltr'>hanc</span> <span class='ocrx_word' id='word_1_175' title='bbox 1488 2134 1619 2174; x_wconf 81' lang='lat' dir='ltr'>etiam</span> <span class='ocrx_word' id='word_1_176' title='bbox 1653 2133 1708 2174; x_wconf 86' lang='lat' dir='ltr'>ab</span> <span class='ocrx_word' id='word_1_177' title='bbox 1732 2133 1827 2174; x_wconf 87' lang='lat' dir='ltr'>aliis</span> 
     </span>
     <span class='ocr_line' id='line_1_25' title="bbox 368 2205 1825 2262; baseline 0.003 -19"><span class='ocrx_word' id='word_1_178' title='bbox 368 2205 669 2245; x_wconf 89' lang='lat' dir='ltr'>communibus</span> <span class='ocrx_word' id='word_1_179' title='bbox 700 2205 956 2252; x_wconf 85' lang='lat' dir='ltr'>discerncre,</span> <span class='ocrx_word' id='word_1_180' title='bbox 991 2211 1040 2246; x_wconf 94' lang='lat' dir='ltr'>ut</span> <span class='ocrx_word' id='word_1_181' title='bbox 1074 2206 1318 2261; x_wconf 85' lang='lat' dir='ltr'>Apostolus</span> <span class='ocrx_word' id='word_1_182' title='bbox 1352 2206 1567 2262; x_wconf 71' lang='lat' dir='ltr'>praecipit,</span> <span class='ocrx_word' id='word_1_183' title='bbox 1594 2221 1672 2247; x_wconf 89' lang='lat' dir='ltr'>nec</span> <span class='ocrx_word' id='word_1_184' title='bbox 1694 2206 1825 2247; x_wconf 85' lang='lat' dir='ltr'>etiam</span> 
     </span>
     <span class='ocr_line' id='line_1_26' title="bbox 368 2277 1825 2335; baseline 0.003 -19"><span class='ocrx_word' id='word_1_185' title='bbox 368 2277 620 2318; x_wconf 82' lang='lat' dir='ltr'>memoriam</span> <span class='ocrx_word' id='word_1_186' title='bbox 654 2279 866 2334; x_wconf 86' lang='lat' dir='ltr'>passionis</span> <span class='ocrx_word' id='word_1_187' title='bbox 896 2278 1078 2319; x_wconf 90' lang='lat' dir='ltr'>Domini</span> <span class='ocrx_word' id='word_1_188' title='bbox 1108 2280 1308 2327; x_wconf 81' lang='lat' dir='ltr'>recolere,</span> <span class='ocrx_word' id='word_1_189' title='bbox 1341 2286 1392 2320; x_wconf 92' lang='lat' dir='ltr'>ut</span> <span class='ocrx_word' id='word_1_190' title='bbox 1426 2279 1628 2320; x_wconf 89' lang='lat' dir='ltr'>Christus</span> <span class='ocrx_word' id='word_1_191' title='bbox 1648 2280 1742 2335; x_wconf 89' lang='lat' dir='ltr'>ipse</span> <span class='ocrx_word' id='word_1_192' title='bbox 1764 2280 1825 2320; x_wconf 88' lang='lat' dir='ltr'>in-</span> 
     </span>
     <span class='ocr_line' id='line_1_27' title="bbox 367 2350 1824 2407; baseline 0.003 -17"><span class='ocrx_word' id='word_1_193' title='bbox 367 2350 523 2398; x_wconf 88' lang='lat' dir='ltr'>stituit,</span> <span class='ocrx_word' id='word_1_194' title='bbox 546 2365 624 2392; x_wconf 89' lang='lat' dir='ltr'>nec</span> <span class='ocrx_word' id='word_1_195' title='bbox 651 2351 739 2399; x_wconf 80' lang='lat' dir='ltr'>illa,</span> <span class='ocrx_word' id='word_1_196' title='bbox 763 2366 862 2407; x_wconf 83' lang='lat' dir='ltr'>quae</span> <span class='ocrx_word' id='word_1_197' title='bbox 884 2351 1037 2392; x_wconf 87' lang='lat' dir='ltr'>decens</span> <span class='ocrx_word' id='word_1_198' title='bbox 1060 2359 1136 2399; x_wconf 87' lang='grc'>051,</span> <span class='ocrx_word' id='word_1_199' title='bbox 1162 2354 1439 2394; x_wconf 84' lang='lat' dir='ltr'>veneratione</span> <span class='ocrx_word' id='word_1_200' title='bbox 1469 2353 1676 2403; x_wconf 83' lang='lat' dir='ltr'>adorare3</span> <span class='ocrx_word' id='word_1_201' title='bbox 1707 2368 1824 2395; x_wconf 84' lang='lat' dir='ltr'>man-</span> 
     </span>
     <span class='ocr_line' id='line_1_28' title="bbox 367 2423 1825 2483; baseline 0.001 -19"><span class='ocrx_word' id='word_1_202' title='bbox 367 2423 639 2466; x_wconf 84' lang='lat' dir='ltr'>ducaverunt</span> <span class='ocrx_word' id='word_1_203' title='bbox 656 2425 771 2465; x_wconf 88' lang='lat' dir='ltr'>enim</span> <span class='ocrx_word' id='word_1_204' title='bbox 786 2432 830 2466; x_wconf 90' lang='lat' dir='ltr'>et</span> <span class='ocrx_word' id='word_1_205' title='bbox 845 2424 1149 2474; x_wconf 78' lang='lat' dir='ltr'>adoraverunt,</span> <span class='ocrx_word' id='word_1_206' title='bbox 1167 2426 1310 2481; x_wconf 88' lang='lat' dir='ltr'>inquit</span> <span class='ocrx_word' id='word_1_207' title='bbox 1328 2427 1566 2483; x_wconf 85' lang='lat' dir='ltr'>Scriptura.</span> <span class='ocrx_word' id='word_1_208' title='bbox 1613 2427 1825 2477; x_wconf 81' lang='lat' dir='ltr'>Quocirca</span> 
     </span>
     <span class='ocr_line' id='line_1_29' title="bbox 366 2497 1826 2541; baseline 0.002 -3"><span class='ocrx_word' id='word_1_209' title='bbox 366 2498 521 2538; x_wconf 83' lang='lat' dir='ltr'>merito</span> <span class='ocrx_word' id='word_1_210' title='bbox 561 2497 762 2539; x_wconf 82' lang='lat' dir='ltr'>Ecclesia</span> <span class='ocrx_word' id='word_1_211' title='bbox 802 2497 1029 2539; x_wconf 87' lang='lat' dir='ltr'>Catholica</span> <span class='ocrx_word' id='word_1_212' title='bbox 1080 2499 1214 2539; x_wconf 82' lang='lat' dir='ltr'>ritum</span> <span class='ocrx_word' id='word_1_213' title='bbox 1257 2500 1601 2541; x_wconf 88' lang='lat' dir='ltr'>communicandi</span> <span class='ocrx_word' id='word_1_214' title='bbox 1643 2501 1826 2541; x_wconf 84' lang='lat' dir='ltr'>infantes</span> 
     </span>
     <span class='ocr_line' id='line_1_30' title="bbox 368 2572 1825 2628; baseline 0.001 -15"><span class='ocrx_word' id='word_1_215' title='bbox 368 2574 558 2621; x_wconf 82' lang='lat' dir='ltr'>sustulit,</span> <span class='ocrx_word' id='word_1_216' title='bbox 595 2587 727 2628; x_wconf 88' lang='lat' dir='ltr'>quem</span> <span class='ocrx_word' id='word_1_217' title='bbox 767 2572 867 2613; x_wconf 88' lang='lat' dir='ltr'>olim</span> <span class='ocrx_word' id='word_1_218' title='bbox 895 2572 938 2612; x_wconf 94' lang='lat' dir='ltr'>in</span> <span class='ocrx_word' id='word_1_219' title='bbox 969 2573 1233 2628; x_wconf 85' lang='lat' dir='ltr'>quibusdam</span> <span class='ocrx_word' id='word_1_220' title='bbox 1268 2575 1478 2615; x_wconf 87' lang='lat' dir='ltr'>Ecclesiis</span> <span class='ocrx_word' id='word_1_221' title='bbox 1510 2575 1643 2616; x_wconf 88' lang='lat' dir='ltr'>fuisse</span> <span class='ocrx_word' id='word_1_222' title='bbox 1678 2581 1825 2616; x_wconf 89' lang='lat' dir='ltr'>sancta</span> 
     </span>
     <span class='ocr_line' id='line_1_31' title="bbox 370 2647 1823 2704; baseline 0.002 -18"><span class='ocrx_word' id='word_1_223' title='bbox 370 2647 568 2702; x_wconf 59' lang='lat' dir='ltr'>Synodus</span> <span class='ocrx_word' id='word_1_224' title='bbox 601 2662 685 2688; x_wconf 89' lang='lat' dir='ltr'>non</span> <span class='ocrx_word' id='word_1_225' title='bbox 722 2647 911 2702; x_wconf 77' lang='lat' dir='ltr'>ignorat,</span> <span class='ocrx_word' id='word_1_226' title='bbox 947 2662 1107 2702; x_wconf 85' lang='lat' dir='ltr'>easque</span> <span class='ocrx_word' id='word_1_227' title='bbox 1140 2648 1344 2697; x_wconf 82' lang='lat' dir='ltr'>rationes,</span> <span class='ocrx_word' id='word_1_228' title='bbox 1381 2649 1543 2704; x_wconf 88' lang='lat' dir='ltr'>quibus</span> <span class='ocrx_word' id='word_1_229' title='bbox 1574 2649 1685 2689; x_wconf 88' lang='lat' dir='ltr'>ritus</span> <span class='ocrx_word' id='word_1_230' title='bbox 1717 2648 1823 2689; x_wconf 87' lang='lat' dir='ltr'>anti-</span> 
     </span>
     <span class='ocr_line' id='line_1_32' title="bbox 370 2719 1824 2777; baseline 0.003 -19"><span class='ocrx_word' id='word_1_231' title='bbox 370 2725 529 2771; x_wconf 83' lang='lat' dir='ltr'>quatus</span> <span class='ocrx_word' id='word_1_232' title='bbox 547 2726 626 2767; x_wconf 81' lang='lat' dir='ltr'>est,</span> <span class='ocrx_word' id='word_1_233' title='bbox 644 2719 707 2760; x_wconf 88' lang='lat' dir='ltr'>ita</span> <span class='ocrx_word' id='word_1_234' title='bbox 726 2719 893 2760; x_wconf 81' lang='lat' dir='ltr'>validas</span> <span class='ocrx_word' id='word_1_235' title='bbox 910 2719 1096 2775; x_wconf 78' lang='lat' dir='ltr'>judicat,</span> <span class='ocrx_word' id='word_1_236' title='bbox 1117 2727 1168 2760; x_wconf 94' lang='lat' dir='ltr'>ut</span> <span class='ocrx_word' id='word_1_237' title='bbox 1190 2721 1321 2761; x_wconf 76' lang='lat' dir='ltr'>etiam</span> <span class='ocrx_word' id='word_1_238' title='bbox 1344 2722 1632 2777; x_wconf 86' lang='lat' dir='ltr'>imposterum</span> <span class='ocrx_word' id='word_1_239' title='bbox 1650 2721 1824 2762; x_wconf 87' lang='lat' dir='ltr'>infanti-</span> 
     </span>
     <span class='ocr_line' id='line_1_33' title="bbox 370 2790 1823 2847; baseline 0.004 -19"><span class='ocrx_word' id='word_1_240' title='bbox 370 2790 452 2829; x_wconf 84' lang='lat' dir='ltr'>bus</span> <span class='ocrx_word' id='word_1_241' title='bbox 473 2791 796 2833; x_wconf 79' lang='lat' dir='ltr'>Eucharistiam</span> <span class='ocrx_word' id='word_1_242' title='bbox 820 2793 922 2834; x_wconf 87' lang='lat' dir='ltr'>darc</span> <span class='ocrx_word' id='word_1_243' title='bbox 944 2792 1212 2847; x_wconf 86' lang='lat' dir='ltr'>prohibitum</span> <span class='ocrx_word' id='word_1_244' title='bbox 1236 2809 1326 2834; x_wconf 84' lang='lat' dir='ltr'>csse</span> <span class='ocrx_word' id='word_1_245' title='bbox 1349 2793 1566 2835; x_wconf 81' lang='lat' dir='ltr'>decernat.</span> <span class='ocrx_word' id='word_1_246' title='bbox 1612 2795 1705 2836; x_wconf 82' lang='lat' dir='ltr'>Nec</span> <span class='ocrx_word' id='word_1_247' title='bbox 1728 2795 1823 2835; x_wconf 89' lang='lat' dir='ltr'>idco</span> 
     </span>
    </p>
   </div>
  </div>
 </body>
</html>
