1905 3254
685 292 794 322 sass.
822 292 898 322 vn.
1442 279 1527 318 4623

69 397 360 445 contenderet,
384 397 713 454 Lotharingius,
749 399 836 440 imo
858 406 993 440 totam
1024 399 1244 455 Synodum
1277 400 1322 440 in
1355 398 1526 440 decreto

62 472 156 527 ‘jam
177 470 400 525 proposito
433 472 700 519 convenisse,
727 471 964 527 respondit,
988 473 1140 527 paucis
1161 473 1295 513 rebus
1317 473 1526 527 exceptis,

71 559 170 600 quae
209 558 323 584 nunc
358 544 413 584 ab
444 544 498 584 iis
530 551 672 584 essent
708 544 990 584 emendanda.
1056 545 1172 585 Aliis
1212 546 1528 601 replicantibus

69 617 333 672 prooemium
357 616 483 663 illud,
507 624 550 657 et
570 632 747 672 poenam
769 618 935 672 peccati
956 618 1152 659 mortalis
1174 634 1197 658 a
1218 619 1422 673 pluribus
1448 619 1526 658 im-

69 689 311 744 probatam,
334 697 377 730 et
407 692 517 731 nova
542 689 741 743 formula
777 704 888 744 opus
925 704 1028 737 esse,
1061 705 1157 730 cum
1183 691 1266 731 alia
1294 690 1528 747 quamplu-

69 761 179 802 rima
200 760 298 802 hinc
320 769 468 817 coepta
491 769 634 802 essent
657 762 863 802 converti.
887 762 1049 802 factum
1073 770 1151 809 est,
1191 770 1240 803 ut
1261 763 1431 818 primus
1452 762 1528 802 ille

70 848 325 889 congressus
343 840 461 874 totus
482 835 686 875 inanibus
704 834 1065 874 altercationibus
1080 835 1214 875 fuerit
1231 842 1526 890 consumptus.

70 905 334 946 Mandatum
358 913 504 947 tamen
527 907 728 947 omnibus
750 913 828 954 est,
852 913 902 946 ut
931 921 976 947 re
998 906 1255 962 diligentius
1278 921 1470 947 seorsum
1505 921 1529 946 a

67 978 255 1035 singulis
296 979 580 1027 considerata,
619 995 769 1020 rursus
812 979 932 1035 apud
963 979 1304 1034 Lotharingium
1354 986 1527 1020 mature

68 1049 358 1092 deliberaturi
375 1059 666 1092 revertantur.

125 1124 303 1181 Legati,
327 1125 403 1180 qui
438 1125 542 1165 satis
577 1132 704 1165 antea
737 1140 790 1165 ex
822 1125 1004 1165 Patrum
1034 1125 1256 1180 suffragiis
1292 1140 1525 1181 perspexe-

69 1205 174 1238 runt
197 1198 521 1254 implacabilem
555 1199 671 1238 inter
707 1213 779 1238 eos
815 1198 858 1237 in
893 1198 1107 1252 prooemio
1144 1198 1321 1238 Decreti
1357 1206 1528 1239 conten-

66 1272 229 1312 tionem
266 1271 429 1312 versari
462 1277 645 1325 propter
682 1271 808 1311 Juris
842 1269 977 1309 divini
1008 1270 1356 1324 explicationem,
1393 1285 1527 1325 quam

68 1344 141 1386 alii
174 1344 488 1400 efflagitabant,
524 1344 595 1383 alii
630 1343 953 1398 repudiabant3
995 1341 1151 1382 idcirco
1186 1341 1309 1381 nulla
1344 1356 1527 1381 commo-

68 1418 179 1459 diori
199 1419 364 1459 ratione
388 1424 452 1458 tot
476 1417 777 1457 controversiis
810 1415 985 1456 modum
1023 1415 1156 1455 statui
1189 1429 1315 1469 posse
1351 1429 1526 1455 censue-

68 1497 179 1538 rant,
226 1505 357 1546 quam
393 1490 428 1530 si
463 1489 629 1530 decreti
662 1488 799 1529 verba
830 1489 891 1528 ita
925 1488 1265 1542 conciperentur,
1301 1494 1352 1527 ut
1386 1502 1439 1528 ex
1475 1488 1528 1528 iis

67 1569 224 1603 neutra
263 1562 409 1617 opinio
453 1561 712 1610 laederctur3
755 1566 967 1616 majorum
1006 1560 1212 1615 exempla
1245 1559 1416 1607 imitati,
1451 1560 1528 1614 qui

69 1634 347 1690 quaestiones,
371 1635 484 1674 inter
500 1633 748 1674 Catholicos
770 1641 940 1674 tantum
963 1640 1270 1678 controversas,
1287 1631 1530 1672 indefinitas

68 1708 229 1763 saepius
249 1707 541 1763 reliquerunt,
572 1721 626 1746 ne
659 1706 796 1747 altera
829 1706 1153 1746 Catholicorum
1178 1720 1278 1760 pars
1300 1703 1524 1744 damnare-

67 1785 150 1828 tur,
183 1787 314 1835 prout
348 1780 450 1820 olim
485 1795 509 1820 a
544 1779 773 1820 Clemente
806 1779 858 1819 V.
893 1779 937 1818 in
975 1778 1173 1817 Concilio
1206 1777 1442 1817 Viennensi
1474 1775 1528 1817 de

70 1853 288 1909 baptismo
316 1854 600 1910 parvulorum
635 1853 798 1893 factum
832 1852 986 1897 fuerat,
1012 1858 1054 1891 et
1076 1850 1243 1905 pridem
1267 1850 1310 1890 in
1331 1849 1408 1890 hoc
1431 1849 1527 1889 Tri-

68 1924 243 1966 dentino
276 1926 471 1967 Concilio
503 1925 557 1966 de
588 1926 866 1981 conceptione
895 1925 970 1964 13¹ae
993 1922 1214 1978 Virginis5
1249 1929 1291 1962 et
1311 1936 1454 1977 nuper
1475 1921 1529 1962 de

70 1999 366 2039 communione
407 1998 490 2039 sub
531 2005 720 2053 utraque
757 1997 913 2052 specie,
959 2009 1011 2035 an
1047 2008 1099 2034 ex
1141 2008 1191 2033 ea
1231 1993 1333 2048 plus
1374 1994 1527 2049 gratiae

70 2071 335 2126 acquiratur,
370 2071 501 2111 etiam
535 2071 816 2111 observatum
851 2075 954 2109 erat.
1021 2067 1314 2121 Quapropter,
1343 2080 1389 2106 rc
1428 2080 1526 2106 cum

69 2142 357 2199 Lotharingio
389 2144 715 2192 communicata,
740 2157 836 2183 cum
869 2139 1061 2196 ejusdem
1104 2154 1148 2179 se
1183 2152 1273 2178 esse
1307 2138 1528 2178 sententiae

69 2215 374 2271 respondisset,
404 2218 448 2256 in
472 2230 612 2271 eoque
644 2215 830 2256 officium
863 2228 990 2254 suum
1022 2226 1160 2256 omne,
1195 2218 1331 2265 atque
1353 2224 1527 2265 operam

70 2287 314 2330 liberaliter
348 2289 503 2329 fuisset
523 2289 757 2344 pollicitus,
790 2295 882 2328 tum
915 2286 1074 2341 Legati
1106 2284 1367 2340 prooemium
1393 2283 1527 2338 quod-

71 2360 168 2403 dam
190 2362 396 2417 privatim
419 2362 616 2417 componi
641 2363 876 2418 jusserant,
900 2358 1018 2414 quod
1048 2357 1150 2398 huic
1179 2371 1325 2396 eorum
1353 2355 1530 2396 consilio

70 2435 366 2490 responderet,
393 2434 529 2490 idque
562 2434 618 2475 ad
638 2433 977 2487 Lotharingium
1005 2430 1229 2475 miserunt,
1255 2435 1306 2469 ut
1328 2427 1382 2468 de
1409 2442 1471 2475 eo,
1495 2428 1529 2467 si

71 2507 308 2556 videretur,
333 2507 388 2549 ad
409 2509 564 2550 Patres
585 2507 773 2548 delectos
795 2507 990 2551 referret,
1014 2502 1131 2558 quod
1152 2508 1246 2542 erat
1269 2500 1368 2541 tale.

128 2581 303 2622 Pridem
333 2582 389 2622 ab
419 2580 499 2622 hac
532 2580 682 2621 eadem
715 2585 863 2620 sancta
891 2575 1062 2632 Synodo
1083 2575 1166 2615 sub
1189 2574 1259 2614 fel.
1282 2588 1362 2614 rec.
1388 2573 1529 2614 Paulo

72 2652 222 2696 Tertio
242 2670 296 2696 ex
319 2654 601 2696 sacrosanctis
633 2651 868 2707 Scripturis
896 2663 981 2690 non
1004 2647 1130 2689 modo
1152 2646 1432 2693 declaratum,
1454 2646 1530 2687 §ed

72 2726 324 2769 mandatum
358 2727 487 2768 etiam
522 2727 621 2775 fuit,
656 2739 802 2766 omnes
837 2723 1078 2763 animarum
1120 2733 1267 2760 euram
1303 2717 1528 2768 habentes,

73 2796 349 2840 Dominicum
387 2813 567 2855 gregem
605 2798 690 2838 sibi
725 2795 998 2837 commissum
1035 2798 1228 2848 pascant,
1263 2805 1341 2832 nec
1374 2806 1529 2834 merce-
