1905 3254
686 299 795 330 snss.
821 299 896 329 vn.
1433 289 1515 328 563

55 423 224 451 necesse
255 415 322 450 est
353 409 621 450 committere
654 409 875 455 ministris,
900 410 975 465 qui
1012 410 1204 461 videant,
1226 416 1269 452 et
1305 410 1371 463 illi
1403 410 1513 452 deci-

53 483 191 538 piunt,
216 489 293 523 aut
305 482 597 538 decipiuntur.
660 482 951 537 Experientia
962 482 1051 523 haec
1063 482 1188 524 docet
1204 501 1215 533 3
1246 498 1345 524 nam
1363 484 1513 539 plures

53 561 154 596 sunt
168 555 245 610 qui
261 554 582 610 dispensantur,
602 570 735 610 quam
750 555 825 609 qui
843 562 1021 596 servant
1035 555 1180 611 leges,
1203 571 1303 596 nam
1322 556 1512 601 videtur,

53 643 106 669 ex
127 628 269 669 tribus
290 628 492 683 partibus
523 628 776 674 Rectorum,
800 627 909 668 duas
941 643 1027 668 non
1055 628 1256 675 residere,
1290 635 1334 669 et
1368 643 1515 670 omnes

51 701 130 742 hoc
149 701 386 747 affirmant:
421 715 526 757 ergo
562 700 719 756 regula
754 700 1017 741 absorbetur
1049 715 1074 741 a
1102 700 1435 756 dispensatione,
1470 709 1513 742 et

52 781 366 830 consequenter
385 774 522 814 male:
556 789 652 814 cum
686 772 956 828 dispensatio
985 773 1147 814 debeat
1183 789 1290 822 esse,
1318 781 1368 816 ut
1388 775 1512 816 mira-

53 845 149 886 cula
170 846 213 886 in
234 846 348 902 lege.
412 846 507 886 Nec
528 846 626 887 ideo
648 846 953 902 restringenda
981 852 1173 902 potestas
1205 847 1374 888 Summi
1402 847 1512 888 Pon—

52 918 190 966 tificis,
225 918 339 959 sicut
376 919 565 959 Sanctus
587 918 778 960 Thomas
801 919 873 965 ait,
898 917 1015 974 quod
1041 919 1086 958 in
1113 919 1389 959 matrimonio
1418 933 1512 959 con-

52 990 309 1032 summando
342 991 470 1047 Papa
501 1005 585 1032 non
618 997 763 1046 potest
795 991 1062 1046 dispensare,
1087 991 1191 1046 quia
1221 991 1404 1032 materia
1435 991 1514 1032 hoc

51 1078 135 1104 non
158 1064 352 1119 patitur:
385 1079 469 1105 non
492 1065 596 1120 quia
618 1065 744 1120 Papa
764 1079 849 1105 non
880 1063 1031 1119 possit,
1050 1063 1125 1104 sed
1147 1063 1264 1118 quod
1291 1070 1513 1119 repugnat

52 1135 364 1178 detrimentum
398 1138 671 1179 Universalis
692 1137 916 1186 Ecclesiae,
938 1136 1065 1177 sicuti
1095 1136 1226 1176 etiam
1260 1135 1515 1191 Philosophi

53 1210 189 1258 aiunt,
213 1211 331 1266 quod
357 1226 440 1252 non
473 1218 616 1266 potest
645 1211 769 1251 Deus
800 1210 893 1251 fieri
926 1209 1114 1258 finitus3¹
1149 1223 1234 1249 non
1267 1208 1371 1263 quia
1403 1209 1515 1250 desit

52 1284 263 1338 potentia,
298 1284 374 1325 sed
402 1285 585 1325 materia
617 1299 702 1325 non
737 1284 945 1339 patiatur.
1009 1283 1351 1323 Turrecremata
1372 1283 1449 1323 lib.
1474 1283 1512 1323 2.

51 1370 143 1411 cap.
170 1357 263 1405 107,
288 1364 332 1398 ct
365 1357 503 1398 Caiet.
526 1357 580 1398 (10
603 1363 761 1412 potest.
800 1365 857 1411 pa·
885 1371 980 1411 cap.
1015 1356 1082 1403 27,
1105 1355 1285 1396 tradunt
1322 1355 1514 1397 remedia

53 1429 262 1484 sim[ilia],
285 1437 330 1470 et
351 1437 462 1486 puto
484 1430 657 1470 omnino
680 1444 771 1470 esse
793 1428 1049 1471 necessaria.

112 1502 338 1543 Cenensisz
362 1501 700 1557 Gallus—quod
722 1502 764 1541 in
789 1501 982 1542 Dioeccsi
1006 1516 1087 1541 sua
1109 1508 1210 1542 sunt
1233 1501 1417 1556 triginta
1437 1517 1513 1543 sex

54 1575 286 1623 Paroehiae,
330 1583 374 1617 et
420 1576 568 1616 nullus
611 1575 821 1615 Sacerdos
863 1574 1068 1622 residens,
1110 1589 1187 1614 nce
1228 1574 1360 1615 etiam
1402 1576 1515 1616 inter

55 1648 304 1690 canonicos.
367 1648 497 1690 Unde
527 1664 611 1689 non
642 1647 775 1695 videt,
800 1647 1018 1702 quomodo
1038 1646 1083 1687 hi
1116 1646 1316 1687 Canoncs
1351 1646 1514 1688 habere

53 1722 193 1763 locum
214 1722 278 1762 ibi
300 1722 479 1778 possint.
543 1720 836 1761 Provideatur
859 1719 969 1760 eirca
993 1725 1163 1760 aetatem
1187 1726 1231 1760 et
1252 1719 1513 1774 qualitatem

55 1793 372 1842 cardinalium,
397 1794 472 1834 &e

109 1866 560 1908 Lcmovieensis³-In
584 1867 724 1921 primo
747 1865 1036 1906 constituatur
1058 1871 1176 1905 certa
1194 1865 1332 1905 forma
1353 1864 1514 1905 exami-

53 1941 119 1981 nis
140 1941 183 1980 in
206 1941 390 1996 singulis
411 1939 778 1980 nominationibus
792 1937 1027 1979 secundum
1043 1937 1299 1977 varietatem
1322 1936 1513 1976 locorum

54 2014 129 2055 Sec.
191 2014 356 2058 Placet,
392 2012 629 2053 secundum
662 2011 720 2051 D.
755 2012 1077 2058 Braearensem,
1116 2016 1167 2050 ut
1202 2008 1332 2050 detur
1371 2009 1514 2064 prima

53 2094 232 2128 tonsura
253 2085 384 2126 simul
407 2099 502 2126 cum
526 2084 850 2124 subdiaconatu.

110 2159 275 2200 Montis
297 2156 609 2199 Marani—Ad
641 2155 987 2197 reformationem
1016 2168 1187 2194 necesse
1209 2160 1286 2201 est,
1309 2159 1360 2193 ut
1380 2167 1513 2193 mem-

53 2232 145 2279 bra,
178 2247 279 2287 quae
315 2238 440 2272 extra
471 2231 611 2271 locum
648 2243 777 2269 suum
819 2234 933 2275 sunt,
968 2226 1022 2267 ad
1053 2226 1193 2267 locum
1236 2225 1511 2266 reducantur.

55 2305 140 2347 Sed
162 2306 319 2346 mirum
333 2312 399 2346 est
420 2319 568 2345 omnes
588 2309 739 2358 petere
754 2301 1119 2347 reformationem,
1135 2306 1178 2339 et
1193 2306 1336 2339 tamen
1351 2298 1512 2338 vellent

54 2378 205 2419 intacti
241 2393 345 2418 esse.
411 2376 550 2418 Curia
580 2391 664 2416 non
702 2375 800 2415 vult
833 2373 1029 2429 perdere,
1066 2387 1143 2412 nec
1178 2371 1404 2426 Episcopi,
1443 2370 1512 2411 vel

55 2451 165 2492 alius
200 2452 445 2507 quisquam.
510 2450 698 2505 Oportet
733 2447 844 2488 serio
868 2460 998 2501 agere
1020 2444 1073 2484 de
1107 2443 1444 2491 Reformatione,
1468 2448 1512 2483 et

55 2524 209 2565 tollere
241 2530 305 2564 tot
336 2522 696 2579 dispensationeS,
730 2526 862 2576 prout
893 2519 937 2558 in
969 2517 1276 2558 reformatione
1308 2516 1422 2557 facta
1453 2517 1510 2558 ab

53 2595 140 2636 illis
160 2595 385 2650 deputatis
407 2601 602 2648 tempore
625 2592 753 2632 Pauli
768 2590 856 2631 III.
893 2590 945 2630 In
965 2590 1023 2636 4⁰,
1043 2589 1253 2629 tollantur
1269 2587 1506 2636 Titulares,

98 2714 105 2732 ¹
132 2716 198 2745 The
214 2716 286 2745 MS.
302 2715 356 2744 has
370 2714 493 2755 plainly
511 2714 594 2743 these
609 2718 669 2743 two
685 2712 792 2751 words,
807 2711 858 2741 hie
877 2710 1050 2739 infinitum.

97 2767 108 2785 ²
130 2767 394 2799 Cenomanensis?

96 2821 109 2839 ³
133 2821 288 2859 Limoges.
335 2821 395 2850 Not
410 2821 440 2850 in
459 2819 508 2849 tho
526 2818 711 2856 Catalogne.
761 2816 818 2845 Sce
836 2815 935 2845 Index
953 2813 1059 2853 Episc.
1078 2813 1108 2842 in
1126 2812 1246 2841 Fabric.
1266 2811 1337 2841 Lux
1353 2811 1475 2851 Evang.

1156 2872 1280 2910 202
