1905 3254
345 327 427 367 280
965 341 1077 371 SEss.
1105 340 1182 370 vn.

406 447 614 489 Ordinem
649 462 732 488 non
764 447 903 488 solum
936 461 1022 487 non
1055 461 1145 487 esse
1181 446 1518 494 Sacramentum,
1553 445 1629 487 sed
1659 446 1806 502 potius

353 522 611 577 figmentum
632 520 875 562 humanum
899 521 1195 577 excogitatum
1218 535 1243 561 a
1274 520 1377 561 viris
1405 535 1549 561 rerum
1571 519 1806 561 Ecclesias-

347 595 530 635 ticarum
553 596 785 651 imperitis.

406 666 616 708 Ordinem
653 682 737 707 non
778 682 870 708 esse
907 681 1044 706 unum
1077 665 1417 711 Sacramentum,
1455 679 1532 705 nec
1562 664 1731 704 infimos
1765 669 1808 704 et

346 740 512 781 medios
532 740 717 789 ordines,
740 740 859 782 velut
883 739 1047 795 gradus
1071 738 1282 795 quosdam
1314 745 1459 779 tenere
1492 739 1536 778 in
1569 736 1808 779 Sacerdotii

344 812 550 854 ordinem.

401 886 587 927 Nullam
630 901 721 927 esse
764 886 1113 926 Ecclesiasticam
1158 884 1478 932 Hierarchiam,
1532 884 1607 924 scd
1659 899 1806 925 omnes

349 957 623 1000 Christianos
646 974 699 1000 ex
722 974 847 1013 aequo
871 973 962 998 esse
987 957 1256 1004 Sacerdotes,
1293 964 1336 997 et
1359 956 1413 997 ad
1435 972 1577 1004 usum,
1607 972 1683 997 seu
1707 972 1805 998 exe-

345 1033 579 1080 cutionem,
616 1047 727 1088 opus
761 1046 853 1072 esse
896 1032 1121 1072 vocatione
1164 1030 1473 1086 Magistratus,
1517 1037 1559 1070 et
1600 1045 1808 1070 consensu

344 1106 519 1162 Populi,
553 1113 597 1147 et
622 1106 699 1161 qui
722 1104 931 1146 Sacerdos
953 1104 1086 1145 semel
1107 1103 1169 1153 fit,
1202 1118 1301 1144 euni
1324 1103 1484 1144 laicum
1506 1118 1657 1144 rursus
1679 1118 1805 1158 posse

342 1178 449 1219 fieri.

402 1251 504 1291 Non
541 1266 632 1292 esse
668 1252 712 1291 in
747 1265 859 1291 novo
896 1251 1180 1291 Testamento
1218 1249 1519 1291 Sacerdotium
1556 1249 1729 1290 visibile
1761 1256 1807 1290 et

344 1331 591 1374 externum,
623 1339 765 1379 neque
800 1329 1065 1379 potestatem
1090 1323 1280 1377 aliquam
1307 1322 1592 1378 spiritualem,
1628 1323 1719 1363 sive
1752 1321 1807 1363 ad

343 1396 677 1439 consecrandum
715 1396 887 1452 Corpus
921 1410 968 1436 ac
1007 1395 1274 1450 Sanguinem
1310 1395 1501 1443 Domini,
1533 1396 1622 1437 sive
1656 1395 1712 1436 ad
1743 1395 1804 1436 of-

343 1468 583 1516 ferendum,
607 1469 699 1509 sive
729 1467 784 1508 ad
813 1467 1129 1508 absolvendum
1153 1482 1294 1508 coram
1319 1467 1416 1508 Deo
1448 1483 1472 1510 a
1503 1468 1704 1522 peccatis,
1728 1467 1807 1509 sed

342 1542 531 1583 officium
570 1548 741 1582 tantum
779 1547 824 1581 et
860 1540 1149 1581 ministerium
1180 1540 1446 1596 praedicandi
1478 1541 1800 1597 Evangelium3

343 1622 387 1657 et
409 1631 494 1663 eOS,
517 1615 592 1671 qui
614 1630 698 1655 non
721 1613 973 1669 praedicant,
997 1628 1174 1668 prorsus
1195 1628 1281 1653 non
1303 1628 1395 1654 esse
1419 1614 1688 1655 Sacerdotes,

398 1687 659 1728 Unctioncm
704 1701 787 1726 non
829 1687 967 1726 solum
1009 1701 1095 1727 non
1137 1687 1303 1742 requiri
1349 1686 1392 1727 in
1429 1686 1629 1728 ordinum
1671 1687 1803 1729 tradi-

340 1761 469 1807 tione,
493 1759 570 1800 sed
598 1774 690 1799 csse
720 1760 1004 1814 perniciosam
1034 1766 1077 1800 et
1108 1758 1490 1809 contemnendam3
1523 1759 1724 1800 similiter
1760 1766 1805 1801 et

340 1849 486 1875 omnes
521 1834 628 1874 alias
661 1833 956 1874 caerimonias:
989 1840 1031 1874 et
1054 1848 1134 1889 per
1167 1832 1480 1874 ordinationem
1506 1848 1590 1874 non
1618 1834 1801 1875 conferri

343 1907 558 1962 Spiritum
584 1906 815 1955 Sanctu1n;
848 1906 1030 1961 proinde
1061 1906 1394 1962 impertinenter
1425 1906 1682 1962 Episcopos,
1705 1922 1803 1948 cum

342 1978 554 2027 ordinant,
579 1977 735 2025 dicere,
759 1978 959 2033 Accipite
983 1978 1198 2033 Spiritum
1224 1978 1445 2026 Sanctum,
1470 1978 1548 2018 &c.

397 2052 642 2107 Episcopos
664 2066 749 2091 non
773 2066 864 2092 esse
888 2051 1161 2106 Presbyter-is
1186 2052 1447 2107 superiores,
1478 2066 1620 2106 neque
1642 2050 1802 2093 habere

336 2130 411 2181 jus
431 2124 670 2173 ordinandi,
692 2124 795 2179 taut,
829 2124 864 2164 si
896 2123 1077 2171 habent,
1111 2124 1156 2164 id
1188 2124 1275 2165 illis
1315 2139 1408 2165 esse
1446 2139 1668 2165 commune
1703 2140 1800 2165 cum

340 2197 625 2253 Presbyteris,
650 2196 1031 2251 ordinationesque
1056 2196 1111 2237 ab
1133 2196 1241 2252 ipsis
1263 2196 1399 2238 factas
1420 2197 1512 2239 sine
1534 2197 1686 2239 Plebis
1706 2213 1799 2239 con·

341 2285 467 2312 sensu
488 2270 635 2311 irritas
656 2284 760 2311 esse.

342 2386 476 2434 Ordo
514 2387 776 2433 servandus
807 2403 834 2431 a
859 2384 1116 2449 Theologis
1140 2388 1189 2433 in
1216 2388 1545 2434 examinandis
1570 2388 1799 2435 Articulis

405 2470 463 2516 de
505 2468 818 2516 Sacramento
851 2466 1063 2524 Ordinis,
1096 2478 1142 2516 et
1180 2470 1238 2516 de
1278 2469 1589 2517 Sacramento
1626 2470 1798 2517 Matri-

406 2552 568 2598 monii.

398 2649 469 2689 Ne
491 2663 544 2689 ex
566 2648 800 2703 propositis
822 2648 1035 2689 Articulis
1057 2647 1131 2688 alii
1163 2650 1434 2699 omittantur,
1469 2651 1539 2692 vel
1572 2651 1797 2707 negligen-

341 2726 407 2761 ter
429 2719 775 2776 perpendantur,
806 2720 972 2775 placuit
1006 2720 1051 2760 in
1085 2735 1160 2761 sex
1184 2720 1355 2763 Classes
1386 2723 1682 2778 infrascriptas
1713 2723 1796 2764 dis-

340 2792 492 2840 tribui,
517 2798 567 2833 ut
590 2791 644 2832 ad
665 2806 737 2832 eos
760 2791 1068 2834 examinandos
1088 2807 1141 2834 ex
1163 2793 1279 2833 omni
1302 2792 1627 2850 Theologorum
1649 2794 1798 2836 ordine

341 2863 477 2918 aliqui
513 2863 873 2906 describerentur.
939 2865 1085 2915 Quare
1119 2864 1340 2922 Theologi
1381 2881 1527 2908 omnes
1567 2867 1644 2922 qui
1685 2881 1794 2923 prae-
