1905 3254
695 298 804 329 sass.
828 299 887 329 vl.
1443 276 1521 323 193

52 406 136 448 fuit
157 405 388 454 dubitatio,
412 413 579 448 essetne
603 406 798 448 doctrina
820 407 993 463 plenior
1021 407 1181 464 aliqua,
1212 413 1289 448 aut
1312 408 1516 464 praefatio

55 486 241 528 tantum,
264 486 340 520 aut
361 478 470 519 nihil
498 480 647 534 potius
681 479 934 521 Canonibus
966 479 1328 536 praeponendum.
1391 479 1514 521 Huic

55 551 362 608 disceptationi
383 551 643 592 occasionem
665 552 788 593 initio
810 552 855 593 id
875 552 1009 600 dedit,
1033 552 1151 608 quod
1177 568 1274 593 cum
1297 553 1339 593 in
1361 552 1511 593 eodem

55 623 261 672 Concilio,
276 631 472 680 tempore
485 624 515 665 J
519 624 599 665 ulii
613 625 701 666 III.
717 625 824 666 alias
838 624 1033 666 doctrina
1049 624 1251 680 quaedam
1269 625 1510 680 proposita,

52 698 244 739 nondum
273 706 419 740 tamen
441 714 466 740 a
487 699 698 740 Patribus
725 698 928 739 omnibus
958 705 1134 753 recepta
1162 698 1339 747 fuisset3
1373 698 1513 739 multa

52 786 164 811 nunc
197 786 251 812 ex
283 786 332 811 ea
362 771 406 811 in
437 770 547 812 hanc
581 771 817 821 translata3
855 771 1058 827 quaedam
1095 771 1225 811 etiam
1261 771 1433 818 omissa,
1468 777 1512 812 et

51 843 246 884 consulto
282 859 519 900 suppressa
552 844 827 893 videbantur,
863 859 962 900 quae.
999 859 1154 900 parum
1195 844 1360 884 animos
1393 843 1513 884 varia

51 917 292 973 suspicione
317 916 605 959 detrahebant
626 934 634 958 τ
668 918 819 965 veluti,
843 917 962 973 quod
989 919 1032 957 in
1062 921 1108 958 ea
1131 918 1232 958 olim
1255 932 1509 972 expressum

51 997 156 1039 erat,
181 990 405 1032 Christum
430 991 669 1032 Dominum
699 1007 742 1032 se
763 992 805 1032 in
838 991 979 1032 Coena
1010 991 1234 1039 obtulisse,
1263 990 1331 1031 hic
1365 998 1510 1032 autem

52 1078 231 1118 prorsus
257 1064 488 1113 omissum3
520 1063 654 1119 idque
678 1064 957 1105 Madruccius
976 1064 1223 1105 Cardinalis
1244 1072 1288 1105 et
1303 1064 1512 1119 Hydrun-

52 1136 169 1177 tinus
190 1137 323 1192 primi
344 1138 644 1178 observarunt.

109 1210 294 1265 Triplex
326 1211 464 1266 igitur
495 1210 575 1251 hac
600 1209 653 1251 de
683 1225 726 1250 re
760 1211 873 1251 inter
896 1218 1042 1266 partes
1064 1211 1208 1266 opinio
1237 1211 1510 1252 circumfere-

51 1282 196 1323 batur.
262 1283 418 1338 Aliqui
449 1283 686 1323 doctrinam
720 1298 888 1324 omnem
932 1283 1378 1339 przetermittcndam3
1424 1284 1510 1332 alii,

49 1352 384 1395 declarationem
418 1354 633 1410 quandam
663 1355 849 1396 sublatis
880 1356 1123 1396 rationibus
1156 1355 1509 1412 adjungendam3

52 1427 194 1474 multi,
218 1427 458 1469 doctrinam
483 1429 641 1470 claram
672 1429 943 1484 solidamque
976 1430 1196 1485 perficere,
1229 1445 1414 1486 eamque
1438 1444 1510 1470 va-

52 1499 150 1541 lidis
171 1501 412 1542 rationibus
433 1510 477 1542 et
500 1501 846 1542 authoritatibus
867 1502 1146 1544 fulciendam.

110 1573 301 1614 Primam
335 1575 585 1630 opinionem
621 1573 906 1614 Rossanensis
940 1576 1127 1615 maxime
1164 1576 1396 1632 amplexus
1431 1583 1508 1624 est,

52 1646 218 1700 quippe
255 1646 330 1701 qui
365 1645 442 1686 hoc
475 1654 637 1702 praeter
674 1661 836 1686 morem
873 1653 1069 1687 veterum
1105 1647 1381 1687 conciliorum
1418 1663 1509 1689 csse

51 1719 299 1760 affirmaret.
363 1720 514 1759 Patres
550 1720 663 1759 enim
706 1719 747 1758 in
792 1719 978 1775 Synon
1019 1720 1266 1775 sapientum
1308 1722 1509 1776 exemplo

47 1791 260 1847 judicum,
284 1793 361 1848 qui
392 1793 434 1832 in
467 1792 687 1833 sententiis
720 1792 907 1832 rationes
938 1807 1022 1832 non
1058 1792 1260 1848 produnt,
1295 1808 1377 1833 non
1412 1794 1509 1834 aliis

50 1879 150 1904 sane
172 1879 251 1919 pro
282 1880 430 1905 eorum
465 1880 643 1905 munere
679 1864 823 1904 verbis
857 1864 919 1904 uti
951 1863 1124 1911 debere,
1159 1880 1291 1920 quam
1325 1881 1375 1907 ea
1407 1882 1507 1922 quae

52 1937 256 1992 Apostoli
278 1945 321 1978 et
343 1945 469 1978 vetus
502 1938 608 1978 Ecca
638 1951 808 1992 semper
841 1937 1102 1985 observavit,
1135 1938 1235 1984 viz„
1269 1939 1409 1979 visum
1444 1946 1509 1980 est

53 2010 240 2066 Spiritui
274 2011 432 2051 Sancto
469 2018 512 2051 et
547 2011 685 2057 nobis,
721 2011 812 2056 &c.‚
848 2010 1035 2064 hincque
1068 2016 1161 2050 tum
1198 2009 1507 2052 authoritatem

53 2084 232 2124 Patrum
256 2085 398 2140 magis
419 2084 609 2131 retineri,
644 2091 736 2124 tum
770 2083 983 2123 haereticis
1012 2098 1157 2124 ansam
1182 2099 1350 2125 omnem
1372 2100 1506 2141 prave

51 2163 197 2197 nostra
229 2156 545 2212 interpretandi
575 2157 745 2197 facilius
776 2156 967 2211 praecidi.
1032 2156 1103 2196 Ad
1135 2156 1240 2206 haec,
1269 2157 1505 2200 doctrinam

50 2227 157 2270 hanc
193 2229 399 2270 adversus
432 2229 658 2270 haereticos
689 2229 796 2270 nihil
830 2230 1134 2285 profecturam,
1157 2238 1299 2285 utque
1322 2232 1504 2273 Patrum

51 2301 359 2343 traditionibus
393 2317 502 2357 quas
532 2303 594 2342 illi
623 2310 836 2358 respuunt
869 2303 1139 2359 potissimum
1162 2304 1344 2353 nitatur,
1366 2305 1507 2345 minus

55 2372 290 2415 Catholicis
310 2389 401 2416 esse
423 2376 720 2423 necessariam,
754 2391 849 2416 eum
881 2375 971 2415 h‘aee
993 2376 1136 2415 omnia
1158 2379 1248 2430 =iam
1273 2376 1439 2431 pridem
1462 2378 1506 2417 in

53 2447 180 2488 missa
200 2454 242 2488 et
265 2448 455 2495 Canone,
480 2464 566 2504 quo
599 2464 674 2489 nos
703 2449 884 2496 utimur,
917 2448 1227 2505 comprehensa
1248 2442 1338 2490 esse
1359 2464 1507 2490 omnes

51 2519 194 2562 sciant.
260 2521 382 2562 Idem
405 2529 447 2562 et
465 2521 711 2562 Clodiensis
733 2529 776 2562 et
799 2522 1007 2563 Civitatis
1030 2522 1213 2563 Castelli
1234 2530 1338 2563 sunt
1353 2526 1503 2565 secuti.

53 2591 193 2641 Alter,
216 2594 319 2649 quia
341 2595 501 2635 frustra
524 2594 601 2635 hoc
624 2610 735 2650 opus
767 2596 1000 2650 suscipitur
1030 2595 1237 2635 adversus
1266 2594 1506 2645 haereticos,

53 2679 161 2714 cum,
184 2667 385 2707 omnibus
417 2667 484 2707 his
514 2668 754 2708 rationibus
788 2668 954 2723 pridem
991 2668 1206 2723 inspectis,
1235 2667 1343 2708 nihil
1363 2675 1506 2710 tamen

55 2737 109 2778 ab
141 2753 290 2780 eorum
327 2741 493 2781 malitia
530 2756 720 2796 unquam
762 2741 1031 2783 deflexerint.
1096 2742 1164 2782 De
1199 2742 1356 2782 nostris
1390 2758 1504 2791 vero,

54 2824 149 2852 cum
171 2811 212 2852 in
237 2813 413 2868 pacifica
437 2816 723 2869 possesssione
751 2815 870 2855 mille
900 2815 1239 2870 quingentorum
1276 2815 1508 2871 sexaginta

1250 2901 1276 2926 o
