1905 3254
683 327 792 357 sEss.
820 328 880 357 111.
1452 311 1507 351 93

41 435 256 491 dissipari.
320 434 599 475 Occasionem
628 434 694 475 his
729 433 850 475 dedit
882 435 1107 490 praecipue
1133 434 1325 489 primum
1355 440 1506 489 caput,

42 508 119 549 ubi
141 507 194 548 de
216 508 539 563 Episcoporum
565 505 800 547 residentia
834 507 994 562 agitur.
1057 507 1175 547 Nam
1208 522 1304 548 cum
1327 506 1509 547 Praelati

42 579 164 620 multi
187 585 423 626 censerent,
444 578 540 619 hinc
563 578 754 633 pendere
777 593 992 619 summam
1016 579 1152 619 totius
1172 578 1506 626 reformationis,
1525 598 1528 601 ·

43 658 92 693 ut
123 652 163 692 S.
187 652 397 707 Episcopi
432 652 516 707 ipsi
554 651 679 707 gregi
717 666 794 691 suo
828 650 1054 699 adsistant,
1092 666 1282 707 eumque
1304 651 1507 707 propriis,

42 740 125 766 non
158 725 320 772 alienis,
344 724 478 765 oculis
511 724 774 779 gubernent,
803 738 879 764 nec
902 723 1043 764 adhuc
1066 723 1277 771 viderent,
1304 725 1395 765 ullo
1419 725 1509 764 vin-

43 797 137 838 culo
160 797 376 853 adstringi
398 811 470 837 eos
500 797 709 852 potuisse,
747 795 865 852 quod
897 796 995 836 illos
1026 797 1198 837 omnino
1229 796 1272 836 in
1303 796 1512 837 Ecclesiis

52 871 140 912 suis
162 886 215 912 ex
248 870 424 911 illorum
460 869 587 910 officii
609 884 788 910 munere
811 869 1064 917 detinuerit,
1104 870 1209 925 quin
1232 870 1446 925 plurimos
1467 870 1512 910 in

41 943 241 985 Romana
259 943 411 991 Curia,
448 949 524 983 aut
546 942 640 983 aliis
654 942 878 983 nobilibus
899 942 1154 983 civitatibus
1170 942 1304 982 vitam
1335 941 1509 998 degere,

42 1017 167 1073 quasi
184 1016 400 1057 residendi
421 1030 551 1056 onere
572 1015 702 1056 soluti
725 1016 832 1062 sint3
861 1030 958 1055 cum
983 1016 1191 1055 Summus
1207 1014 1410 1055 Pontifex
1435 1030 1508 1056 eos

42 1090 126 1132 huc
148 1090 255 1131 illuc
278 1097 489 1146 vagantes
511 1096 588 1130 aut
610 1089 847 1144 conspiciat
870 1095 946 1129 aut
968 1088 1131 1136 audiat,
1163 1103 1240 1128 nec
1263 1088 1353 1128 ulla
1375 1088 1508 1145 signi-

41 1164 240 1204 ficatione
272 1177 421 1203 eorum
450 1177 494 1203 50
525 1162 766 1202 absentiam
801 1161 1050 1216 improbare
1086 1160 1312 1202 ostendat:
1350 1161 1507 1202 idcirco

42 1235 256 1276 constanti
278 1235 442 1275 ratione
464 1235 507 1274 in
530 1235 719 1275 animum
743 1233 1020 1281 induxerant,
1058 1248 1143 1274 non
1178 1249 1304 1290 posse
1335 1235 1507 1289 aptiore

41 1307 215 1350 consilio
236 1306 335 1347 huic
358 1306 516 1348 damno
539 1306 775 1362 provideri,
802 1320 934 1361 quam
960 1306 994 1346 si
1017 1305 1316 1346 declararetur
1345 1321 1369 1346 a
1401 1306 1506 1361 Syn-

41 1380 135 1429 odo,
157 1380 235 1421 1100
252 1395 343 1421 0550
367 1380 480 1436 juris
512 1379 647 1420 divini
682 1386 967 1435 praeceptum.
1022 1374 1352 1420 Existimabam
1374 1380 1504 1427 enim,

41 1453 121 1496 hac
151 1454 331 1499 ratione,
365 1468 447 1494 non
477 1452 614 1493 solum
649 1457 856 1508 majorem
894 1452 1122 1493 stimulum
1160 1454 1507 1509 uniuscujusque

42 1526 312 1568 conscientiae
337 1525 585 1566 addendum
609 1540 714 1574 esse,
731 1525 806 1566 sed
827 1532 870 1566 et
892 1526 1132 1581 plurimum
1156 1526 1363 1566 momenti
1385 1526 1507 1582 apud

41 1600 278 1656 ipsummet
292 1599 635 1647 sanctissimum,
652 1599 777 1654 [qui]
797 1614 934 1655 quum
949 1599 1059 1655 juris
1073 1598 1209 1639 divini
1228 1600 1422 1640 minister
1438 1601 1506 1649 sit,

43 1680 176 1729 atque
199 1679 421 1720 executor,
443 1686 529 1712 non
552 1671 677 1712 facile
710 1671 888 1726 posthac
920 1671 1111 1726 aliquem
1134 1671 1190 1711 ab
1212 1671 1409 1712 Ecclesia
1430 1688 1510 1713 sua

42 1746 192 1787 abesse
231 1759 442 1801 passurus
482 1750 607 1790 esset,
643 1750 851 1799 tanquam
893 1744 973 1784 hoc
1015 1744 1196 1800 proprio
1239 1745 1386 1786 Sanclis
1416 1761 1507 1786 suae

41 1820 180 1861 officio
202 1834 250 1860 ac
272 1818 441 1859 muneri
462 1825 745 1873 repugnaret.

100 1892 198 1933 Hoc
232 1892 455 1933 consilium
493 1905 591 1931 011111
625 1890 737 1931 inter
773 1890 878 1931 alios
910 1890 1065 1931 Patres
1094 1889 1290 1946 dispergi
1312 1897 1507 1946 coeptum

42 1974 169 2015 esset,
192 1966 334 2007 varias
362 1964 566 2006 excitavit
596 1964 709 2005 inter
748 1978 820 2005 eos
851 1964 1058 2019 privatim
1083 1963 1320 2004 disserendi
1342 1979 1506 2005 causas.

44 2039 197 2096 Aliqui
218 2041 332 2081 enim
357 2054 400 2080 se
421 2037 499 2079 1100
526 2038 779 2079 nullatenus
800 2038 1063 2093 probaturos
1086 2037 1410 2094 aiebantk'quia
1430 2037 1509 2078 hoc

43 2114 185 2169 ipsum
228 2112 534 2154 Ecclesiastico
569 2118 739 2152 tantum
771 2115 886 2166 jure,
933 2126 1015 2151 non
1052 2110 1214 2160 divino,
1252 2112 1508 2153 institutum

44 2200 134 2228 esse
155 2186 416 2233 sentiebant,
448 2184 565 2241 quod
587 2185 719 2226 etiam
743 2183 863 2239 apud
885 2184 1026 2224 varios
1049 2183 1256 2225 authores
1277 2185 1505 2226 literarum

44 2260 334 2300 monumentis
369 2258 580 2300 traditum
618 2258 907 2313 reperiebant.
947 2256 1101 2311 Aliqui
1139 2257 1420 2305 verebantur,
1453 2273 1507 2298 ne

45 2331 152 2388 quid
187 2332 318 2373 altius
352 2331 419 2372 hic
446 2331 616 2379 lateret,
640 2330 775 2371 veluti
797 2331 913 2385 quia,
945 2329 979 2370 si
1006 2329 1117 2385 juris
1138 2328 1277 2369 divini
1309 2344 1402 2371 0550
1434 2345 1507 2371 ex-

45 2404 291 2461 plicaretur,
325 2405 425 2446 hinc
454 2405 586 2446 etiam
609 2404 695 2445 alia
717 2404 860 2444 multa
881 2403 1157 2450 elicerentur,
1192 2416 1291 2457 quae
1315 2410 1506 2444 veterem

46 2475 251 2517 Romanae
278 2476 486 2517 Ecclesiae
519 2483 681 2517 statum
719 2476 1035 2524 deformarent;
1069 2473 1382 2529 praecipueque
1418 2489 1508 2515 sus-

45 2549 316 2606 picabantur,
354 2565 406 2591 ne
440 2550 630 2591 facultas
664 2549 752 2590 duo
794 2549 981 2604 plurave
1018 2554 1169 2588 curata
1195 2547 1406 2587 beneficia
1434 2548 1507 2587 uni

46 2622 314 2679 indulgendi,
351 2638 484 2679 quam
526 2622 580 2664 ad
607 2621 717 2663 hanc
751 2637 889 2677 usque
926 2621 1038 2662 diem
1081 2619 1383 2675 antiquissimo
1408 2620 1509 2675 jure

50 2694 351 2737 Sanctissimus
380 2696 581 2737 Pontifex
610 2695 834 2736 Romanus
857 2694 1064 2740 exercuit,
1102 2707 1213 2732 nunc
1244 2692 1287 2731 in
1320 2691 1507 2733 dubium

49 2777 301 2821 vocaretur-3
324 2770 447 2826 quasi
467 2768 511 2810 id
526 2769 643 2825 quod
660 2768 791 2825 hujus
809 2769 923 2824 juris
938 2767 1073 2807 divini
1090 2773 1215 2813 esset,
1233 2766 1271 2806 ei
1289 2766 1508 2823 attingere

49 2855 132 2882 non
166 2843 341 2893 liceret3
379 2842 551 2898 aliaque
589 2843 779 2898 plurima
810 2842 910 2883 hinc
943 2841 1044 2881 oriri
1080 2854 1206 2896 posse
1230 2839 1507 2888 dubitabant,
