1905 3254
336 286 390 327 54
976 305 1086 335 sEss.
1111 305 1154 335 ιι.

514 415 718 460 Articuli
749 415 876 460 Illmis.
903 423 947 460 et
974 413 1143 460 Revmis.
1177 414 1378 476 Legatis.
1417 414 1496 459 fol.
1530 415 1600 459 12.

403 490 514 536 Alia
540 492 702 537 itidem
731 491 970 554 postulata
996 499 1098 536 tum
1126 508 1288 537 eorum
1316 499 1418 536 tum
1446 499 1722 536 caeteroruni

649 566 909 615 Oratorum
937 568 1052 613 locis
1078 568 1175 613 suis
1201 567 1478 613 referentur.

395 675 492 717 Hac
514 677 731 718 occasione
754 692 836 718 non
861 678 916 718 ab
939 692 984 718 re
1008 692 1098 718 esse
1122 677 1293 732 putavi,
1319 676 1524 716 Oratores
1551 690 1698 715 omnes
1721 675 1796 730 qui

335 748 435 789 huic
458 750 632 806 Synodo
655 750 950 791 interfuerunt
982 750 1175 791 breviter
1206 764 1438 793 recensere,
1462 747 1631 805 adjecto
1663 748 1793 789 etiam

335 829 543 878 tempore,
565 838 650 878 quo
673 839 698 864 a
720 823 926 864 Patribus
948 823 1110 878 singuli
1132 822 1309 863 fuerunt
1332 822 1516 877 excepti,
1539 835 1622 861 non
1654 821 1792 861 solum

332 902 381 936 ut
404 911 488 935 uno
507 904 683 951 aspectu
705 902 770 936 tot
784 896 995 952 praeclara
1012 895 1282 936 celeberrimi
1297 894 1372 951 huj
1381 911 1430 934 us
1447 895 1611 935 concilii
1628 894 1796 934 lumina

334 975 466 1023 atque
490 976 746 1009 ornamenta
777 969 1027 1024 legentibus
1057 975 1315 1023 appareant,
1339 968 1414 1008 sed
1436 968 1564 1008 etiam
1596 974 1646 1008 ut
1680 967 1794 1013 hinc,

333 1057 420 1097 quo
444 1042 630 1096 quisquc
659 1042 915 1096 Principum
949 1040 1207 1096 diligentius
1230 1040 1449 1081 tardiusve
1476 1055 1633 1080 munus
1666 1056 1793 1080 suum

332 1115 602 1171 praestitcrit,
626 1115 899 1169 intelligatur
912 1130 922 1163 3
947 1128 1043 1154 nam
1067 1114 1179 1154 inter
1201 1119 1378 1153 caeteros
1406 1113 1517 1153 sicut
1549 1113 1794 1153 Lusitaniae

331 1188 426 1242 regi
449 1188 621 1228 eximiae
645 1187 765 1227 laudi
788 1186 938 1227 datum
964 1187 1059 1235 fuit,
1084 1186 1161 1241 qui
1185 1201 1238 1226 cx
1262 1186 1431 1226 ultimis
1453 1186 1569 1226 orbis
1592 1185 1795 1240 partibus

330 1260 415 1302 huc
438 1260 605 1316 pridem
629 1260 844 1300 Praelatos
866 1274 976 1301 suos,
995 1266 1038 1299 et
1068 1274 1179 1299 nunc
1203 1258 1434 1299 Oratorem
1465 1258 1509 1298 in
1539 1259 1644 1313 ipsis
1683 1258 1794 1299 Con-

331 1333 418 1373 cilii
446 1331 633 1373 exordiis
664 1332 862 1378 misisset,
886 1332 948 1372 ita
970 1332 1013 1371 in
1036 1331 1253 1372 nonnullis
1275 1332 1370 1371 aliis
1393 1332 1528 1387 major
1559 1346 1659 1372 sane
1695 1331 1792 1371 dili-

332 1405 481 1461 gentia
502 1404 727 1458 acriorque
750 1404 793 1444 in
811 1411 931 1445 tanto
953 1405 1130 1460 negotio
1152 1403 1395 1444 sollicitudo
1412 1403 1659 1444 desiderata
1676 1403 1771 1443 fuit.

608 1525 869 1570 Oratorum
898 1525 1095 1570 nomina
1120 1534 1231 1570 sunt
1255 1526 1516 1588 sequentia.

387 1640 439 1681 R.
479 1640 536 1680 D.
573 1639 794 1693 Georgius
828 1637 1145 1684 DrascovitiuS,
1171 1637 1371 1682 Creatus,
1408 1638 1568 1677 Orator
1606 1636 1795 1677 Caesaris

329 1728 408 1768 pro
441 1727 576 1768 regno
608 1711 869 1766 Hungariae,
913 1710 1163 1765 Episcopus
1202 1710 1690 1765 Quinqucecclcsiensis,
1721 1709 1792 1750 ad-

329 1785 483 1825 missus
505 1785 547 1824 in
582 1782 805 1839 Synodum
844 1782 870 1822 6
894 1782 1129 1823 Februarii
1158 1781 1414 1822 MDLXII.
1479 1781 1601 1822 Idem
1638 1781 1794 1822 deinde

329 1874 427 1900 cum
483 1858 675 1914 pleniore
732 1855 935 1896 mandato
981 1870 1133 1896 rursus
1185 1855 1396 1896 admissus
1453 1855 1508 1895 24
1560 1855 1793 1896 Februarii

330 1931 589 1973 MDLXII.

387 2005 440 2046 R.
464 2005 520 2045 D.
548 2004 764 2044 Antonius
796 2002 849 2043 de
884 2000 1110 2057 Muglitio,
1141 2001 1366 2049 Moravus,
1407 2001 1567 2042 Orator
1591 2001 1792 2050 Caesaris,

331 2079 699 2134 Archiepiscopus
760 2075 1007 2132 Pragensis,
1066 2074 1282 2115 admissus
1343 2074 1412 2115 die
1476 2074 1503 2113 6
1560 2075 1794 2116 Februarii

331 2151 589 2194 MDLXII.

389 2225 510 2266 Illmus
532 2225 589 2265 D.
634 2222 938 2265 Ferdinandus
980 2221 1228 2262 Martineus
1271 2221 1587 2268 Mazcarenius,
1633 2220 1793 2261 Orator

332 2299 450 2339 Sermi
481 2297 615 2352 Regis
638 2295 941 2351 Portugalliae,
966 2294 1180 2335 admissus
1202 2294 1271 2334 die
1292 2294 1318 2333 9
1341 2294 1575 2335 Februarii
1602 2294 1724 2334 1562.

389 2372 480 2412 Illus
502 2371 558 2411 D,
587 2368 898 2425 Sigismundus
927 2383 952 2408 a
979 2367 1130 2415 Tuun,
1159 2366 1320 2408 Orator
1349 2366 1549 2414 Caesaris,
1579 2366 1792 2407 admissus

329 2453 394 2486 est
416 2446 486 2486 die
510 2461 537 2485 x
554 2443 788 2485 Februarii
808 2441 1067 2483 MDLXII.

388 2519 480 2559 Ill¹¹³
502 2518 558 2558 D.
584 2517 840 2559 Franciscus
862 2513 1166 2556 Ferdinandus
1189 2513 1243 2554 dc
1275 2514 1441 2555 Avalos
1463 2514 1661 2555 Marchio
1689 2514 1788 2555 Pes-

329 2594 469 2640 cariae,
505 2591 666 2632 Orator
700 2590 835 2645 Regis
880 2587 1108 2634 Catholici,
1147 2586 1197 2627 16
1235 2587 1388 2627 Martii
1431 2586 1673 2627 MDLXII
1718 2585 1790 2627 ad-

328 2681 497 2707 missus

386 2739 442 2780 D.
482 2739 674 2780 Joannes
718 2736 943 2777 Strozzius
980 2734 1271 2781 Florentinus,
1318 2733 1479 2774 Orator
1514 2733 1628 2774 Exnni
1651 2732 1790 2773 Ducis

331 2811 563 2852 Florentiae
595 2817 638 2851 et
668 2810 892 2856 Senatum,
920 2808 971 2848 18
996 2807 1149 2847 Martii
1186 2806 1429 2847 MDLXII
1462 2805 1685 2854 admissus,
1720 2805 1788 2846 cui

330 2885 531 2923 successit
554 2883 801 2937 Episcopus
826 2879 1112 2921 Cortonensis.
