1905 3254
362 276 442 316 160
1009 289 1117 320 sss&
1140 289 1179 318 v.

357 399 624 455 praebeatur,
662 399 829 454 possint
860 397 1042 438 Praelati
1066 397 1110 437 in
1132 396 1338 437 Ecclesiis
1360 403 1449 437 tam
1472 395 1817 438 Cathedralibus

357 487 488 528 quam
513 471 783 527 Collegiatis,
815 471 859 510 in
882 471 1045 526 quibus
1065 469 1199 510 nullae
1223 476 1326 510 sunt
1355 469 1689 510 distributiones
1711 485 1816 525 quo-

356 543 547 591 tidianae,
586 543 656 584 vel
696 543 760 584 ita
801 549 969 591 tenues,
1010 549 1060 583 ut
1103 541 1392 582 verisimiliter
1426 538 1724 597 negligantur,
1764 541 1817 582 de

357 617 575 658 fructibus
592 623 635 657 et
651 616 897 673 praebendis
911 623 1000 657 tam
1018 615 1286 672 dignitatum
1302 629 1433 671 quam
1453 614 1815 664 Canonicatuum,

359 705 407 731 ac
451 691 632 731 aliorum
677 705 1038 746 quorumcunque
1083 689 1441 731 beneficiatorum
1489 689 1818 730 distributiones

358 764 633 819 quotidianas
667 764 929 804 constituere
966 763 1078 804 inter
1110 763 1350 804 servientes
1386 762 1670 812 dividendas3
1708 778 1816 803 cres-

358 844 571 892 centeque
591 836 839 877 absentium
863 835 1148 884 contumacia,
1170 836 1300 876 liceat
1321 842 1469 876 contra
1491 851 1563 877 eos
1584 835 1818 892 procedere

353 914 484 965 juxta
509 909 622 966 juris
655 916 700 950 et
732 909 960 950 Sacrorum
995 908 1238 957 Canonum,
1278 915 1323 949 et
1345 909 1611 950 anteriorum
1632 910 1817 950 Patrum

357 980 694 1037 dispositionem.

413 1054 486 1095 Ne
509 1057 792 1110 quemquam¹
817 1055 949 1096 etiam
968 1053 1138 1110 aliquid
1158 1054 1372 1110 impedire
1396 1055 1451 1096 ab
1472 1056 1524 1097 iis
1544 1056 1692 1112 possit,
1715 1070 1816 1111 quae

358 1130 441 1171 sibi
475 1129 530 1170 ad
563 1130 718 1170 animae
752 1129 939 1170 salutem
970 1136 1073 1170 sunt
1102 1129 1355 1177 necessaria,
1378 1129 1510 1170 iidem
1538 1129 1744 1170 ordinarii
1774 1129 1817 1170 in

357 1204 560 1245 omnibus
593 1204 718 1244 Ecciis
753 1202 1088 1244 Parochialibus
1122 1202 1192 1243 vel
1220 1203 1567 1258 Baptismalibus
1593 1203 1636 1243 in
1658 1202 1819 1258 quibus

357 1277 549 1332 populus
569 1276 631 1317 ita
652 1283 806 1317 auctus
828 1276 963 1316 fuerit
986 1283 1035 1316 ut
1063 1291 1177 1317 unus
1198 1282 1338 1317 rector
1358 1290 1441 1317 non
1463 1275 1600 1332 possit
1621 1275 1817 1315 sufficere

357 1349 471 1390 Eccae
498 1349 789 1390 Sacramentis
819 1349 1128 1397 ministrandis,
1149 1356 1306 1406 cogant
1328 1356 1515 1390 rectores
1536 1348 1621 1389 sibi
1654 1355 1719 1390 tot
1751 1363 1817 1388 sa-

359 1422 553 1464 cerdotes
575 1421 629 1463 ad
649 1422 729 1463 hoc
757 1437 918 1462 munus
951 1421 1191 1478 adjungere
1225 1429 1332 1478 quot
1366 1422 1550 1462 sufficiat
1582 1421 1636 1461 ad
1669 1422 1817 1462 Sacra-

358 1502 506 1537 menta
539 1495 808 1545 exhibenda3
842 1495 883 1536 in
921 1495 989 1535 his
1025 1511 1128 1536 vero
1160 1496 1204 1536 in
1235 1496 1408 1551 quibus,
1445 1495 1501 1536 ob
1541 1495 1623 1535 loci
1663 1495 1817 1550 ampli-

359 1569 554 1610 tudinem
601 1569 693 1610 sive
734 1568 1048 1616 difficultatem,
1092 1569 1352 1610 Parochiani
1388 1569 1607 1610 commode
1643 1568 1699 1610 ad
1732 1584 1817 1618 eas,

357 1642 737 1699 percipiendorum
776 1643 1151 1683 sacramentorum
1183 1645 1322 1692 causa,
1365 1642 1566 1684 accedere
1604 1657 1688 1683 non
1721 1658 1816 1699 pos-

357 1723 469 1763 sunt,
502 1730 632 1756 causa
665 1716 839 1770 cognita
871 1721 914 1757 et
946 1721 1131 1756 tractata
1152 1716 1348 1773 capitulo
1374 1715 1661 1772 praecedente,
1684 1730 1817 1757 novas

358 1788 602 1837 Parochias,
635 1789 768 1830 etiam
798 1788 936 1830 invito
967 1796 1149 1839 rectore,
1188 1791 1451 1831 constituere
1482 1790 1672 1846 possint3
1710 1805 1816 1846 qua-

359 1878 531 1919 cunque
552 1863 861 1904 reservati0ne²
892 1870 936 1904 et
959 1863 1185 1905 affectione
1207 1878 1340 1919 super
1359 1863 1483 1904 dictis
1504 1863 1712 1904 Ecclesiis
1732 1878 1817 1904 non

356 1938 569 1978 obstante.
631 1938 791 1993 Neque
813 1937 1065 1994 hujusmodi
1086 1937 1377 1978 ordinationes
1396 1944 1440 1978 et
1462 1937 1697 1978 erectiones
1718 1951 1814 1992 pos-

356 2010 442 2051 sint
473 2010 569 2051 tolli
600 2025 678 2051 nec
707 2010 914 2067 impediri
945 2011 1285 2066 quibuscunque
1316 2010 1703 2067 resignationibuS,
1738 2018 1816 2052 aut

356 2083 605 2140 quibusvis3
627 2083 987 2140 derogationibus
1019 2084 1088 2125 vel
1109 2084 1465 2139 suspensionibus
1474 2100 1485 2134 3
1513 2090 1570 2132 et,
1588 2083 1624 2124 si
1643 2098 1815 2125 necesse

355 2155 501 2203 fuerit,
518 2156 776 2212 compellere
794 2156 962 2213 possint
974 2156 1193 2212 populum
1211 2172 1261 2198 ea
1277 2156 1561 2214 suppeditare
1579 2171 1679 2212 quae
1697 2157 1812 2198 suffi-

355 2229 469 2269 ciant
491 2228 545 2269 ad
567 2229 703 2270 vitam
726 2229 903 2270 illorum
925 2229 1267 2277 sustentandam,
1291 2231 1369 2287 qui
1389 2230 1597 2272 Ecclesiis
1618 2230 1671 2272 de
1701 2245 1814 2272 novo

355 2302 508 2343 erectis
529 2309 657 2343 erunt
677 2302 955 2359 praeficiendi.

410 2375 476 2416 Ut
508 2376 641 2417 etiam
678 2376 973 2417 Ecclesiarum
1009 2382 1165 2425 status,
1201 2376 1279 2417 ubi
1312 2391 1432 2417 sacra
1463 2375 1561 2418 Deo
1594 2376 1814 2418 offerenda

353 2449 663 2497 ministrantur,
713 2465 766 2491 ex
806 2449 1019 2505 dignitate
1059 2456 1350 2497 conservetur,
1392 2450 1562 2506 possint
1601 2450 1684 2506 ipsi
1723 2450 1813 2507 Epi

346 2524 478 2579 juxta
499 2523 681 2564 formam
700 2523 811 2579 juris
832 2523 969 2565 facere
991 2523 1173 2565 uniones
1189 2530 1430 2580 perpetuas
1444 2538 1811 2580 quarumcunque

354 2597 505 2638 Eccrum
521 2597 854 2646 parochialium,
889 2603 933 2639 et
966 2597 1289 2646 beneficiorum,
1324 2604 1590 2646 curatorum,
1625 2597 1696 2639 vel
1725 2612 1811 2638 non

352 2679 617 2720 curatorum,
651 2686 749 2712 cum
773 2671 936 2712 curatis
957 2677 1139 2727 propter
1160 2686 1311 2713 carum
1334 2678 1658 2728 paupertatem,
1693 2678 1737 2713 et
1768 2671 1812 2711 in

549 2772 557 2790 ¹
584 2773 647 2803 Nec
664 2783 833 2814 quemque,
852 2773 923 2803 MS.
1226 2776 1239 2794 2
1265 2773 1516 2813 Conservatione,
1533 2774 1604 2805 MS.

893 2830 906 2848 ²³
931 2831 1017 2861 Cum
1041 2830 1170 2871 quibus,
1191 2831 1262 2861 MS.
