1905 3254
384 249 464 289 122
1012 264 1126 295 SEss.
1153 265 1216 294 111.

380 371 662 420 considerata,
697 367 1052 428 respondent,'se
1093 371 1268 412 interim
1311 369 1684 426 supersedendum
1726 370 1838 411 arbi-

379 446 500 493 trari,
533 445 653 500 quod
689 460 744 486 ex
774 445 944 501 Anglia
980 444 1259 492 efferebatur,
1293 443 1527 500 Reginam,
1567 444 1762 500 graviter
1795 444 1840 484 iu
1886 482 1892 502 ,Ι

380 532 453 558 eos
475 524 747 564 commotam,
772 517 946 558 duriore
969 532 1139 558 carcere
1160 516 1393 557 nonnullos
1425 531 1574 556 eorum
1604 515 1839 556 inclusisse.

380 589 586 646 Hincque
619 591 900 639 verebantur,
935 592 971 631 si
1003 606 1098 646 quae
1137 590 1192 630 ad
1228 605 1323 630 eam
1360 589 1439 630 hoc
1469 595 1666 644 tempore
1699 589 1840 629 literae
1887 615 1905 644 ,ι

379 662 602 711 darentur,
624 663 714 704 illis
748 663 803 704 ad
835 670 1079 704 extremum
1103 663 1234 703 etiam
1265 663 1311 703 in
1343 677 1416 703 eos
1445 662 1712 718 supplicium
1743 677 1839 717 pro·
1886 646 1892 672 ὲ

381 744 587 777 vocatum
608 737 675 777 iri.

437 809 724 851 Advenerant
759 810 924 850 interea
964 809 1241 864 Reipublicae
1274 807 1459 850 Venetae
1503 808 1727 859 Oratores,
1765 809 1841 864 qui

377 883 473 938 ipso
514 883 586 924 die
626 884 736 924 festo
779 883 927 924 Sancti
968 882 1121 928 Marci,
1163 886 1288 937 cujus
1329 882 1481 922 tutelae
1523 888 1566 922 et
1599 882 1840 938 patrocinio
1904 900 1905 905 ’

377 956 548 997 Veneta
579 957 732 997 civitas
765 963 831 997 est
862 962 1120 1003 consecrata,
1155 956 1200 995 in
1233 955 1455 1011 Synodum
1482 955 1717 997 honorifice
1739 963 1841 998 sunt
1896 976 1899 979 ·

376 1030 627 1071 introducti.
689 1030 754 1070 Hi
771 1045 868 1071 cum
890 1020 1099 1070 manda'ta
1119 1035 1246 1069 antea
1268 1044 1293 1069 a
1314 1029 1564 1084 Republica
1579 1028 1622 1068 in
1641 1028 1838 1084 quaedam
1902 1048 1905 1059 1

378 1105 517 1145 verba
551 1104 795 1152 Secretarii,
829 1105 939 1145 forte
975 1118 1133 1151 errore,
1168 1103 1446 1158 accepissent,
1476 1117 1574 1158 quae
1605 1117 1690 1143 non
1722 1102 1841 1143 leves
1886 1099 1905 1144 ε’

376 1183 522 1217 motus
553 1177 799 1232 potuissent
818 1177 933 1217 inter
955 1176 1109 1216 Patres
1137 1176 1338 1223 excitare,
1362 1175 1567 1216 effectum
1600 1174 1687 1215 fuit
1709 1176 1839 1230 opera
1895 1199 1905 1232 '.

378 1255 422 1289 et
442 1249 617 1289 consilio
644 1250 732 1305 Epi
755 1249 1010 1296 Brixiensis,
1050 1255 1101 1289 ut
1128 1264 1180 1289 ea
1214 1249 1569 1297 immutarentur,
1603 1254 1837 1303 antequam
1894 1242 1905 1287 «⁴

375 1321 461 1362 hue
490 1337 534 1362 se
566 1322 824 1362 conferrent.
885 1322 956 1362 Ea
988 1328 1112 1362 erant
1144 1321 1412 1376 hujusmodi,
1436 1322 1534 1369 viz„
1559 1321 1677 1377 quod
1703 1321 1838 1361 nomi-
1899 1326 1901 1331 “

375 1395 541 1436 nabant
573 1395 776 1435 Sanctam
814 1394 1037 1450 Synodum
1073 1393 1315 1434 Ecclesiam
1352 1394 1645 1435 universalem
1677 1408 1838 1448 reprae-

377 1474 630 1514 sentantem,
655 1468 746 1513 δια,
770 1474 813 1507 et
834 1467 941 1507 hanc
969 1466 1172 1507 dicebant
1204 1466 1364 1506 veteris
1398 1465 1582 1506 Concilii
1617 1466 1840 1506 continua-

376 1541 548 1581 tionem.
612 1539 865 1587 Brixicnsis,
898 1538 1031 1594 hujus
1064 1539 1126 1579 rei
1159 1538 1417 1585 admonitus,
1441 1554 1493 1579 ea
1514 1538 1710 1580 tollenda
1732 1554 1837 1586 esse,

375 1629 430 1654 ne
450 1628 540 1668 qua
554 1613 599 1652 in
616 1627 662 1653 re
687 1612 886 1666 Spiodus
907 1611 1213 1660 offenderetur,
1233 1612 1417 1667 privatis
1439 1612 1529 1651 suis
1552 1611 1608 1651 ad
1631 1612 1840 1653 Senatum
1891 1631 1897 1646 ι

375 1688 515 1728 literis
534 1686 767 1741 diligenter
783 1692 1026 1733 curaverat,
1049 1685 1283 1740 simulque,
1302 1692 1352 1726 ut
1364 1685 1639 1740 Respublica
1660 1700 1836 1741 operam
1882 1671 1895 1710 ἶ

375 1776 499 1802 suam
522 1775 763 1801 omnem.ac
785 1758 981 1799 studium
1010 1759 1179 1799 Sanctae
1207 1758 1378 1813 Synodo
1409 1759 1703 1814 profiteretur,
1726 1761 1836 1815 ejus·
1884 1763 1894 1803 '4

376 1848 462 1889 que
483 1832 780 1873 sanctionibus
812 1847 983 1872 summa
1013 1830 1098 1871 fide
1131 1837 1263 1884 atque
1293 1831 1571 1872 observantia
1601 1838 1715 1872 stare
1743 1831 1837 1887 pol·
1887 1846 1894 1873 ,t

373 1906 602 1955 liceretur,
657 1904 775 1960 quod
810 1905 855 1945 in
890 1904 1034 1959 priore
1068 1903 1261 1944 mandati
1302 1903 1492 1944 formula
1531 1910 1623 1944 erat
1657 1910 1836 1958 praeter-

374 1979 570 2019 missum.

588 2089 693 2149 Li‘ae
721 2102 895 2166 Reipcae.
924 2102 1116 2148 Venetae
1142 2102 1201 2147 ad
1230 2101 1501 2165 Synodum.
1540 2100 1620 2147 fol.

588 2185 880 2231 Mandatum
907 2183 1184 2230 Oratorum.
1533 2182 1613 2229 fol.

588 2267 757 2313 Oratio
783 2266 972 2312 Nicolai
998 2266 1055 2311 de
1084 2265 1235 2311 Ponte
1262 2265 1321 2310 ad
1348 2263 1498 2328 Synm.
1536 2263 1615 2310 fol.

590 2348 854 2411 Responsio
882 2346 1066 2410 Synodi
1540 2343 1621 2390 fol.

432 2445 575 2485 Paulo
596 2451 694 2500 post
714 2443 853 2484 literae
877 2457 901 2482 a
923 2442 1119 2482 Lansaco
1143 2441 1327 2482 Oratore
1347 2441 1484 2495 Regis
1511 2441 1757 2482 Galliarum
1779 2439 1835 2481 ad
1879 2439 1893 2485 ζ’

377 2517 654 2558 Cardinalem
679 2516 973 2556 Mantuanum
1003 2515 1246 2555 afferuntur
1267 2513 1384 2554 datae
1409 2511 1526 2553 Milli
1553 2527 1624 2552 xv.
1650 2512 1832 2568 Aprilis.

376 2591 428 2632 In
450 2591 502 2631 iis
523 2590 752 2646 significat,
778 2589 1007 2629 Oratorem
1025 2603 1068 2628 se
1091 2603 1116 2628 a
1131 2587 1256 2642 Rege
1277 2602 1356 2628 suo
1380 2586 1435 2626 ad
1457 2585 1679 2641 Sui-nodum
1701 2586 1832 2634 mitti,
1875 2596 1880 2604 ·

375 2678 463 2703 una
495 2677 592 2702 cum
621 2658 951 2717 jurisconsultis
976 2659 1162 2706 duobus,
1186 2674 1233 2699 ac
1254 2658 1605 2714 praesidentibus,
1627 2657 1728 2698 Dfio
1750 2659 1833 2698 Ar-

373 2735 504 2776 naldo
526 2734 563 2775 F
567 2734 728 2774 errerio
752 2741 794 2774 et
816 2734 918 2773 Dr'io
942 2731 1147 2772 Guidone
1170 2732 1207 2772 F
1211 2732 1341 2772 abro:
1376 2746 1525 2771 curare
1547 2745 1606 2778 se,
1630 2737 1679 2770 ut
1700 2743 1831 2786 quam
1895 2750 1897 2756 ·

376 2809 595 2849 celerrime
611 2807 678 2848 hic
699 2807 864 2855 adsint3
895 2805 1011 2861 quod
1029 2805 1063 2845 si
1082 2805 1221 2845 serius
1240 2819 1370 2859 quam
1389 2810 1563 2858 sperant
1579 2803 1664 2844 huc
1681 2816 1831 2859 perve-
