1905 3254
355 281 434 320 136
997 296 1105 326 sess.
1131 295 1191 325 lv.

692 418 874 465 Oratio.
1475 416 1552 462 fol.

693 498 953 562 Responsio
980 497 1179 561 Synodi.
1475 496 1551 543 fol.

421 597 526 638 Post
553 596 646 637 haee
678 595 899 637 decretum
934 595 1253 651 prorogationis
1284 595 1328 634 in
1362 594 1561 635 Sessione
1594 593 1818 649 publican-

362 669 464 710 dum
491 685 516 710 a
539 669 779 710 Secretario
801 669 964 709 lectum
988 674 1053 708 cst
1074 668 1117 707 111
1140 667 1232 707 haee
1256 667 1402 708 verba.

663 804 920 851 Decretum
950 803 1321 865 Prorogationis.
1460 802 1537 848 fol.

423 910 477 951 Id
500 926 597 951 cum
622 925 646 951 a
670 911 878 951 Patribus
912 910 1034 951 facile
1067 911 1243 966 probari
1267 918 1462 965 coeptum
1492 917 1617 957 esset,
1642 909 1823 950 Lancia-

365 981 520 1028 nensis,
555 982 824 1030 facultatem,
864 982 907 1021 in
940 982 1024 1022 fine
1058 985 1154 1037 ejus
1188 981 1419 1036 adjectam,
1457 980 1747 1037 prorogandae
1784 987 1826 1021 ct

368 1054 636 1095 coarctandae
660 1055 884 1103 Sessionis,
908 1070 1172 1111 oppugnare
1195 1055 1397 1097 tentavit.
1460 1055 1637 1102 Aiebat,
1666 1055 1711 1095 in
1733 1054 1824 1102 hoc,

365 1126 482 1183 quod
503 1127 660 1168 summi
690 1127 846 1183 judicii
876 1128 1095 1169 Tribunal
1128 1136 1206 1177 est,
1242 1127 1492 1169 contrahere
1515 1135 1704 1184 tempus,
1728 1143 1824 1169 011111

364 1198 418 1239 de
443 1199 626 1239 alterius
648 1198 805 1240 damno
837 1200 911 1256 agi
944 1201 1081 1256 possit
1103 1215 1187 1240 11011
1219 1200 1379 1250 licere,
1413 1198 1655 1255 producere
1679 1205 1825 1239 autem

364 1272 493 1319 illud,
519 1287 615 1313 cum
639 1287 765 1312 nemo
788 1272 990 1321 laedatur,
1015 1273 1364 1329 quandocunque
1396 1273 1473 1320 vis,
1509 1288 1600 1314 0550
1632 1273 1763 1313 etiam
1785 1273 1828 1312 in

368 1347 544 1402 privata
575 1346 953 1402 Congregatione3
998 1361 1075 1386 nec
1109 1347 1222 1386 enim
1264 1346 1449 1386 Concilii
1482 1352 1747 1401 potestatem
1779 1346 1830 1386 iis

366 1428 536 1462 tantum
572 1419 726 1460 diebus
759 1419 969 1466 concludi,
1006 1420 1168 1475 quibus
1206 1420 1427 1461 Scssiones
1459 1419 1706 1469 habentur,
1746 1420 1830 1460 imo

366 1494 446 1535 hoc
470 1493 682 1534 Sessionis
707 1508 864 1533 nomen
896 1508 1043 1534 recens
1075 1508 1179 1540 esse,
1204 1508 1301 1532 cum
1331 1492 1449 1532 olim¹
1473 1492 1682 1532 Actiones
1705 1507 1828 1533 voca-

368 1574 533 1608 rentur.
598 1566 726 1606 Hanc
755 1567 893 1622 igitur
921 1566 1162 1607 clausulam
1193 1566 1258 1606 uti
1287 1580 1658 1620 supervacaneam
1682 1565 1831 1606 tollen-

370 1640 483 1680 dam.
546 1639 585 1679 V
590 1653 711 1679 erum
735 1639 881 1679 caeteri
916 1639 1068 1680 Patres
1102 1653 1195 1679 eam
1227 1638 1580 1679 dubitationibus
1613 1639 1830 1686 omnibus,

370 1728 471 1768 quae
498 1711 677 1768 posthac
712 1712 897 1752 existere
932 1718 1123 1766 possent,
1152 1710 1390 1751 adimendis
1418 1717 1713 1766 opportunam
1742 1726 1831 1752 csse

369 1786 703 1842 responderunt,
758 1792 890 1840 atque
934 1785 1124 1825 Decreto
1170 1785 1428 1840 simpliciter
1470 1784 1829 1840 subscripserunt,

369 1858 519 1899 XXX
553 1859 642 1899 fere
676 1858 884 1913 exceptis,
921 1858 995 1912 qui
1031 1857 1260 1898 articulum
1295 1857 1541 1898 residentiae
1575 1858 1828 1899 nominatim

368 1931 413 1970 in
437 1945 487 1971 00
509 1931 652 1978 inseri,
672 1938 722 1971 ut
739 1931 792 1972 de
811 1946 861 1971 eo
884 1938 1037 1986 postea
1059 1937 1333 1979 tractaretur,
1358 1931 1595 1986 petierunt.
1642 1930 1828 1980 Quidam

371 2005 504 2045 etiam
538 2004 583 2044 id
614 2003 893 2052 addiderunt,
928 2014 977 2044 ut
1000 2004 1269 2045 continuatio
1304 2003 1489 2044 Concilii
1522 2004 1565 2044 in
1598 2019 1648 2046 eo
1681 2011 1830 2060 aperte

371 2076 683 2126 declararetur,
708 2077 841 2132 quod,
871 2083 1034 2133 praeter
1066 2076 1304 2132 Hispanos,
1338 2092 1363 2116 a
1397 2076 1664 2131 quibusdam
1701 2077 1829 2118 etiam

371 2150 495 2192 Italis
525 2166 574 2191 eo
598 2152 775 2192 consilio
806 2152 969 2193 factum
995 2151 1127 2192 fuisse
1151 2151 1361 2191 creditum
1385 2157 1464 2197 est,
1487 2165 1573 2190 non
1596 2150 1714 2206 quod
1740 2150 1830 2191 haee

371 2222 705 2263 continuationis
738 2224 1036 2280 promulgatio
1067 2223 1156 2263 illis
1188 2238 1304 2263 curae
1340 2228 1467 2269 esset,
1502 2221 1579 2262 sed
1613 2221 1731 2277 quod
1762 2236 1829 2262 ur-

374 2296 582 2351 gentibus
604 2296 823 2337 acerrimis
844 2296 925 2337 hac
946 2296 1000 2336 dc
1023 2311 1069 2336 re
1088 2296 1201 2337 inter
1224 2295 1431 2337 Oratores
1456 2295 1642 2336 Caesaris
1671 2295 1831 2351 Hispa·

372 2383 538 2424 nosque
586 2368 785 2417 dissidiis,
835 2370 1085 2424 sperabant,
1135 2369 1397 2410 coacervatis
1448 2384 1544 2410 011111
1594 2368 1833 2425 Hispanica

374 2443 550 2482 natione
583 2442 672 2482 suis
705 2456 881 2497 quoque
914 2449 958 2482 et
993 2442 1194 2490 aliorum,
1231 2442 1308 2497 qui
1345 2457 1417 2483 eos
1453 2443 1644 2483 secuturi
1680 2448 1830 2490 essent,

374 2514 607 2570 suffragiis,
642 2514 767 2555 facile
800 2515 1015 2562 futurum,
1040 2520 1091 2554 ut
1113 2513 1203 2555 haec
1231 2529 1335 2570 pars
1361 2530 1543 2557 numero
1566 2515 1694 2556 aliam
1718 2522 1831 2556 ante-

374 2588 485 2636 iret,
518 2586 633 2627 unde
669 2586 1008 2627 Continuatione
1042 2587 1228 2627 Concilii
1263 2587 1486 2629 declarata
1521 2588 1651 2629 simul
1673 2595 1717 2629 et
1739 2592 1829 2643 ejus

376 2660 705 2716 dissipationem
744 2667 988 2700 secuturam
1022 2659 1321 2709 confidebant,
1355 2660 1473 2715 quod
1507 2667 1652 2702 tamen
1685 2674 1830 2702 eorum

378 2733 601 2772 consilium
626 2733 757 2773 fuisse
781 2733 884 2787 Ego
906 2748 991 2773 non
1015 2733 1153 2773 ausim
1177 2732 1404 2773 affirmare.

992 2819 998 2835 ¹
1031 2818 1134 2855 Ultra,
1153 2819 1222 2849 MS.
1255 2841 1258 2843 Α
