1905 3254
665 297 775 329 sess.
801 298 879 329 vn.
1418 286 1502 328 367

42 401 234 441 omnium
269 399 622 441 Christianorum
664 401 856 450 Patrem,
896 403 1136 451 Pastorem,
1179 417 1227 444 ac
1263 403 1498 445 Doctorem

37 487 121 515 non
153 473 363 521 extitisse,
400 473 665 529 plenamque
698 480 960 529 potestatem
983 475 1201 530 pascendi,
1224 475 1419 532 regendi,
1452 483 1498 517 et

37 545 314 602 gubernandi
336 545 632 587 universalem
654 545 898 588 Ecclesiam
932 563 957 589 a
977 547 1060 588 Dno
1077 549 1155 589 Ν1Γο
1186 548 1217 589 J
1220 564 1297 590 esu
1321 548 1498 590 Christo

35 619 81 660 in
102 619 171 659 Bto
188 618 320 660 Petro
341 618 505 660 eisdem
528 618 737 660 traditam
757 635 842 661 non
860 620 992 662 fuisse
1010 638 1020 671 3
1054 622 1305 663 Anathema
1327 622 1396 663 sit.

94 693 211 734 Hinc
232 691 508 748 Seripandus
527 693 693 748 incipit,
716 708 921 748 magnam
947 708 1068 749 spem
1091 694 1236 735 offerri
1257 693 1496 735 concordiae

35 771 79 807 et
111 765 459 820 tranquillitatis,
493 766 528 806 si
560 765 825 806 occasionem
859 774 1107 823 agnoscant,
1142 774 1310 808 eertum
1348 773 1495 808 autem

35 837 281 894 periculum
302 837 533 894 longarum
555 838 880 886 dissentionum,
917 839 952 880 si
984 854 1077 880 eam
1102 839 1321 880 amittant.
1385 838 1496 879 Inde

34 910 78 951 in
99 925 185 966 quo
206 917 326 951 statu
348 925 416 952 res
438 910 523 952 sint
555 912 853 967 persequitur,
887 918 931 952 et
953 911 1061 967 quid
1082 912 1168 952 sibi
1196 927 1294 953 cum
1328 911 1495 953 Lotha-

33 982 175 1038 ringio
209 983 472 1024 convenerit.
535 983 714 1024 Praelati
753 983 952 1024 nonnulli
983 983 1175 1039 primum
1211 983 1491 1038 respondent,

34 1056 178 1097 vereri
199 1070 257 1104 se,
284 1070 338 1096 ne
368 1055 468 1096 inde
491 1058 653 1097 occasio
673 1056 931 1113 disputandi
954 1056 1008 1097 de
1031 1055 1300 1097 authoritate
1319 1056 1392 1096 Smi
1423 1053 1494 1097 Nxi

35 1128 261 1184 aliquibus
282 1129 551 1184 praebeatur,
576 1129 695 1185 quod
715 1130 887 1170 omnino
909 1128 1170 1185 fugiendum
1195 1136 1270 1170 est.
1332 1128 1496 1185 Legati

34 1214 179 1241 omnes
199 1200 425 1256 replicant,
458 1201 544 1241 imo
567 1216 611 1242 se
633 1201 696 1242 ita
715 1215 814 1242 cum
835 1201 1126 1257 Lotharingio
1148 1202 1417 1250 convenisse,
1439 1216 1493 1243 nc

34 1273 172 1314 ullum
193 1272 274 1314 hac
305 1273 359 1315 de
392 1288 439 1314 re
477 1273 659 1315 verbum
694 1274 786 1321 fiat,
824 1273 1146 1329 affirmasseque
1179 1288 1294 1322 eum,
1316 1281 1495 1329 paratos

34 1345 133 1387 illos
154 1360 261 1394 esse,
283 1360 368 1388 non
391 1346 538 1388 verbis
570 1352 743 1388 tantum
781 1345 1093 1387 authoritatem
1117 1346 1372 1387 Sanctitatis
1402 1362 1495 1387 suat

34 1420 160 1468 tueri,
185 1419 261 1461 sed
295 1434 375 1476 pro
401 1434 452 1461 ea
474 1420 604 1461 etiam
627 1420 901 1475 sanguinem,
935 1419 971 1459 si
1003 1434 1113 1474 opus
1146 1419 1212 1467 sit,
1250 1419 1489 1460 effundere.

34 1492 220 1535 Addunt
242 1494 329 1542 alii,
347 1493 454 1542 haec,
478 1508 578 1549 quae
600 1494 642 1533 in
665 1492 864 1534 doctrina
883 1498 926 1533 et
947 1499 1101 1533 octavo
1124 1491 1302 1534 Canone
1323 1492 1493 1549 adJceta

31 1571 147 1614 sunt,
187 1580 273 1606 non
313 1565 464 1621 magni
496 1564 729 1606 admodum
764 1562 975 1611 facienda,
1012 1579 1111 1604 cum
1158 1564 1214 1605 ad
1245 1564 1490 1606 Primatum

34 1638 157 1679 Petri
178 1643 388 1693 spectent,
426 1637 503 1692 qui
529 1637 634 1678 satis
654 1651 734 1692 per
756 1651 813 1683 se,
836 1642 879 1677 et
900 1637 1161 1677 auctoritate
1185 1635 1368 1676 Concilii
1389 1636 1426 1677 F
1430 1636 1490 1677 lo-

32 1711 208 1758 rentini,
239 1711 470 1752 roboratus
491 1717 568 1751 est.
632 1710 794 1765 Legati
815 1710 1042 1765 replicant,
1067 1710 1203 1751 verba
1222 1709 1315 1750 haec
1347 1724 1491 1765 nuper

33 1783 203 1840 adjecta
222 1784 363 1824 multo
386 1783 600 1838 ampliora
621 1797 711 1823 esse
730 1798 737 1822 ε
772 1788 816 1822 et
837 1781 966 1837 quod,
1003 1795 1100 1821 cum
1123 1787 1222 1835 post
1244 1779 1490 1822 Concilium

33 1855 335 1898 Florentinum
357 1863 423 1898 tot
443 1856 632 1897 haereses
653 1862 802 1896 eontra
833 1854 1079 1895 Primatum
1099 1854 1183 1894 sint
1218 1860 1381 1901 exorta,
1414 1869 1489 1910 op-

32 1935 271 1985 portunum
301 1930 490 1971 maxime
524 1944 615 1970 esse
645 1928 743 1969 illas
775 1928 980 1968 evellere.
1043 1927 1107 1967 Et
1138 1933 1367 1983 praeterea,
1390 1943 1487 1970 cum

32 1999 102 2042 hic
122 2002 237 2043 bona
264 2018 365 2058 pars
401 2003 690 2044 Praelatorum
726 2001 885 2041 Galliae
922 2001 1107 2047 intersit,
1141 2000 1218 2055 qui
1251 2000 1489 2042 Basiliense

35 2073 279 2116 Concilium
303 2075 515 2116 adversus
537 2075 843 2116 Florentinum
875 2088 1049 2128 semper
1083 2072 1317 2121 extollunt,
1353 2080 1488 2129 atque

33 2145 274 2189 Ecclesiam
307 2164 475 2191 summo
511 2149 711 2190 Pontifici
747 2147 890 2188 solent
929 2160 1199 2202 praeponere,
1238 2145 1337 2187 hinc
1371 2161 1488 2188 nunc

32 2221 274 2276 opinionem
296 2221 417 2262 illam
439 2222 627 2262 maxime
649 2218 1015 2269 labefactandam,
1047 2225 1091 2259 et
1112 2218 1377 2259 occasionem
1398 2226 1488 2261 tam

33 2295 289 2349 praeclaram
322 2295 575 2336 nullatenus
607 2293 906 2334 amittendam.
982 2291 1213 2332 Instabant
1240 2290 1382 2332 adhuc
1416 2292 1489 2333 alii

35 2367 94 2408 Sm
117 2367 175 2409 D.
211 2368 290 2417 N.,
327 2369 405 2424 qui
428 2375 494 2408 est
514 2369 557 2408 in
580 2367 846 2423 possessione
868 2380 947 2421 per
968 2370 1032 2406 tot
1053 2363 1213 2405 saecula
1233 2364 1300 2404 sui
1321 2365 1488 2407 Prima·

33 2445 119 2488 tus,
141 2454 226 2480 non
248 2454 340 2481 esse
361 2441 517 2481 nostris
538 2439 913 2495 disputationibus
935 2436 1207 2494 agitandum,
1241 2442 1285 2476 et
1316 2437 1488 2478 omnino

33 2512 346 2569 effugiendum.
409 2513 573 2555 Verum
600 2513 850 2569 replicatur,
874 2512 958 2552 fuit
978 2510 1069 2551 haec
1089 2523 1174 2550 non
1191 2508 1487 2564 disputanda3

35 2592 165 2642 atque
184 2587 228 2628 in
249 2587 374 2630 Urbe
407 2602 587 2642 aequum
609 2587 797 2628 maxime
820 2584 972 2633 videri,
997 2591 1047 2625 ut
1067 2599 1163 2625 eum
1199 2582 1252 2624 de
1273 2583 1487 2640 dignitate

33 2657 352 2716 Episcoporum
396 2660 452 2700 sit
497 2659 739 2707 dicendum,
775 2658 866 2700 sedi
913 2658 1060 2712 etiam-2
1081 2655 1352 2712 Apostolicae
1383 2672 1488 2700 suus

33 2729 167 2774 honor
187 2734 424 2774 tribuatur.
488 2733 576 2774 His
597 2733 785 2774 sublatis
822 2731 876 2772 de
909 2731 1095 2787 septimo
1129 2729 1309 2772 Canone
1345 2731 1488 2787 tripli-

34 2804 158 2859 cique
182 2807 275 2861 ejus
297 2806 497 2855 formula,
516 2807 720 2862 plerique
741 2805 779 2847 ei
802 2803 1163 2846 assentiebantur.
1227 2803 1318 2844 Alii
1339 2804 1489 2858 potius
