1905 3254
677 294 790 324 SEss.
819 295 858 323 v.
1421 281 1501 321 155

39 399 286 442 damnanda
319 408 383 442 est
416 402 669 458 antiquitaS,
703 418 802 459 quae
834 418 929 444 eam
954 403 1315 446 consuetudinem
1337 405 1380 444 in
1401 404 1497 460 qui-

38 473 221 515 busdam
244 474 346 516 locis
367 475 600 531 aliquando
623 477 830 525 servavit,
864 476 941 517 sed
973 477 1119 532 potius
1154 477 1496 519 commendanda

35 545 246 587 Ecclesiae
275 547 514 588 oeconomia
547 563 646 603 quae
677 549 720 588 in
741 548 830 588 illis
851 548 1093 604 Religionis
1116 548 1372 590 rudimentis
1392 564 1495 589 non-

36 619 158 660 nulla
173 621 266 662 fieri
285 621 499 676 permisit,
524 636 624 676 quae
644 622 690 661 in
712 635 946 677 progressu
965 622 1184 677 temporis,
1209 622 1493 664 antecedente

36 706 134 740 usu,
171 699 306 748 atque
339 693 612 748 experientia
643 708 803 741 rerum,
829 694 998 749 Spiritu
1022 696 1180 736 Sancto
1204 695 1401 743 authore,
1425 696 1494 737 vel

35 764 270 819 perfectius
291 765 519 821 expolivit,
545 766 615 807 vel
635 766 680 806 in
701 767 856 808 melius
886 768 1088 809 mutavit.
1150 768 1312 824 Neque
1345 775 1493 809 tamen

36 837 302 878 Sacramenti
321 838 466 879 fructu
487 839 717 895 privantur
738 840 940 891 infantes,
971 856 1084 890 cum,
1107 841 1219 882 sicut
1252 856 1330 897 per
1364 842 1493 883 corda

35 917 78 952 et
109 925 183 952 ora
215 913 480 966 gestantium
515 912 701 954 credunt
738 921 781 954 et
819 914 1092 961 confitentur,
1136 914 1196 955 ita
1237 914 1369 955 etiam
1413 929 1492 970 per

34 983 270 1025 eorundem
293 999 368 1025 ora
395 985 641 1040 specialiter
668 986 932 1027 manducent
960 994 1003 1028 et
1036 987 1214 1037 bibant,
1249 1002 1333 1027 non
1366 1002 1490 1028 secus

33 1063 163 1112 atque
185 1057 230 1097 in
250 1064 438 1098 matrum
462 1059 597 1099 uteris
618 1058 784 1108 inclusi,
808 1059 961 1101 edente
984 1066 1025 1100 et
1047 1060 1225 1101 bibente
1248 1067 1402 1109 matre,
1426 1075 1490 1102 re-

31 1130 239 1171 ficiuntur
260 1138 303 1172 et
333 1131 528 1179 aluntur,
552 1139 602 1173 ut
624 1132 735 1173 bene
758 1139 801 1173 et
824 1133 1003 1188 pulchre
1027 1140 1070 1174 ct
1092 1134 1316 1190 eleganter
1342 1134 1490 1176 docuit

31 1203 198 1244 Beatus
221 1205 516 1260 Augustinus,

86 1275 120 1316 I.
155 1276 202 1316 Si
235 1277 334 1332 quis
366 1277 539 1326 dixerit,
578 1292 631 1318 ex
664 1277 750 1318 Dei
780 1286 1014 1335 praecepto,
1051 1279 1120 1319 vel
1148 1294 1201 1320 ex
1230 1280 1488 1321 necessitate

30 1349 194 1398 salutis,
225 1365 371 1391 omnes
393 1357 435 1391 et
455 1351 651 1406 singulos
681 1350 845 1392 Christi
875 1351 1026 1392 fideles
1048 1358 1281 1408 utramque
1300 1353 1488 1408 speciem

31 1423 298 1464 Sanctissimi
330 1424 624 1466 Eucharistiae
660 1425 928 1466 Sacramenti
961 1440 1131 1467 sumere
1159 1425 1332 1474 debere,
1370 1428 1488 1468 Ana-

29 1494 170 1537 thema
191 1499 259 1540 sit.

86 1569 146 1610 II.
182 1570 228 1610 Si
249 1570 346 1625 quis
366 1570 541 1619 dixerit,
571 1572 771 1612 Sanctam
795 1571 914 1611 Eccm
952 1572 1221 1613 Catholicam
1245 1587 1421 1620 errasse,
1445 1580 1488 1614 et

26 1657 111 1682 non
139 1643 268 1698 justis
304 1649 347 1683 et
379 1643 666 1684 rationalibus
702 1644 841 1684 causis
884 1643 1117 1684 adductam
1158 1645 1303 1693 fuisse,
1340 1645 1485 1694 laicos,

29 1722 160 1771 atque
195 1716 328 1757 etiam
363 1715 557 1757 Clericos
590 1731 674 1756 non
706 1717 988 1764 conficientes,
1018 1718 1101 1757 sub
1135 1718 1263 1773 panis
1294 1725 1486 1759 tantum-

27 1787 156 1828 modo
177 1789 319 1844 specie
340 1788 708 1836 communicando,
733 1787 983 1829 Anathema
1004 1788 1072 1828 sit.

87 1860 175 1900 III.
211 1861 257 1901 Si
300 1861 396 1915 quis
435 1861 675 1917 negaverit,
719 1867 859 1901 totum
902 1867 945 1900 et
980 1860 1202 1915 integrum
1242 1860 1483 1910 Christum,

27 1932 215 1972 omnium
254 1934 496 1988 gratiarum
539 1934 701 1974 sontem
743 1940 786 1973 et
827 1931 1069 1980 authorem,
1111 1933 1193 1973 sub
1235 1948 1323 1974 una
1358 1935 1485 1990 panis

27 2005 166 2062 specie
188 2007 316 2054 sumi,
350 2007 426 2062 qui
447 2021 533 2047 11011
555 2006 794 2047 secundum
815 2006 954 2061 ipsius
979 2004 1143 2046 Christi
1164 2006 1482 2050 institutionem

29 2080 109 2121 sub
129 2087 317 2136 utraque
340 2081 482 2136 specie
504 2081 707 2127 sumitur,
732 2078 982 2119 Anathcma
1004 2079 1072 2119 sit.

85 2153 165 2195 IV.
199 2154 245 2194 Si
267 2155 365 2210 quis
385 2153 562 2201 dixerit,
585 2168 638 2194 ex
655 2155 755 2209 jure
773 2152 919 2192 divino
943 2159 1019 2193 aut
1039 2153 1297 2194 necessitate
1314 2154 1482 2203 salutis,

29 2226 236 2281 parvulis,
259 2234 493 2283 antequam
518 2225 572 2267 ad
595 2240 726 2266 annos
748 2224 1018 2266 discretionis
1040 2226 1335 2279 pervenerint,
1353 2243 1481 2269 vene-

27 2298 206 2341 randum
228 2300 525 2342 Eucharistiae
550 2300 878 2340 Sacramentum
905 2298 1141 2338 ministrari
1162 2297 1337 2347 debere,
1360 2301 1480 2342 Ana-

28 2371 172 2414 thema
192 2375 260 2415 sit.

84 2443 171 2486 His
192 2445 255 2486 ita
270 2446 514 2502 propositis,
533 2445 770 2486 advocatur
788 2446 970 2486 Patrum
986 2445 1144 2492 concio,
1163 2445 1480 2502 exquisitisque

28 2517 298 2574 singulorum
321 2520 560 2567 sententiis,
583 2519 821 2575 multiplex
844 2518 1078 2559 admodum
1096 2533 1245 2559 eorum
1261 2518 1479 2575 judicium

28 2590 247 2633 defensum
269 2593 376 2634 fuit:
414 2593 608 2634 Primum
631 2593 759 2641 enim,
786 2592 906 2648 quod
927 2592 982 2633 ad
1005 2592 1137 2633 verba
1160 2591 1386 2642 doctrinae,
1409 2593 1481 2634 alii

29 2665 267 2720 politiorem
286 2667 447 2723 stylum
466 2665 712 2714 abhorrere,
737 2673 780 2707 et
801 2666 1052 2707 crassiorem
1069 2665 1280 2722 loquendi
1299 2666 1479 2709 formam

30 2737 214 2794 exigere,
238 2754 337 2795 quae
360 2739 415 2780 ad
449 2739 672 2795 antiquam
708 2738 934 2779 Canonum
966 2743 1240 2794 majestatem
1273 2740 1479 2795 proprius

31 2809 260 2852 accederet.
324 2812 413 2852 Alii
436 2812 539 2852 nihil
570 2812 770 2866 probare,
805 2811 883 2851 nisi
919 2810 1035 2865 quod
1058 2811 1245 2852 maxime
1268 2811 1477 2854 Latinum
