1905 3254
736 288 848 319 snss.
875 290 915 320 v,
1480 289 1554 330 161

91 379 258 420 caeteris
296 383 467 425 casibus
502 401 526 427 a
556 392 657 444 J’ure
693 395 924 447 permissis,
964 399 1135 441 etiamsi
1177 402 1230 443 dae
1262 403 1388 446 Ecce
1410 417 1553 450 essent

87 611 174 652 que
194 600 509 657 resignationiS,
532 606 840 665 derogationis,
865 622 908 656 et
942 622 1248 674 suspensionis,
1281 626 1373 667 sine
1401 635 1546 671 tamen

85 671 338 726 praejudicio
365 677 620 721 viventium.

141 743 256 793 Quia
294 747 493 792 illiterati
531 760 574 794 et
624 755 817 812 imperiti
868 761 1190 808 Parochialium
1244 769 1543 816 Ecclesiarum

80 813 301 866 RectoreS,
324 827 368 861 et
390 822 637 867 obtinentes
658 828 701 868 in
724 829 933 874 Ecclesiis
956 834 1317 889 Cathcdralibus,
1349 845 1417 885 vel
1441 846 1542 887 Col-

78 884 265 942 legiatiS,
288 889 539 947 dignitates,
572 900 702 941 sacris
723 903 868 944 minus
891 908 987 962 apti
1008 909 1093 950 sint
1124 911 1296 963 officiis,
1331 922 1373 956 et
1407 918 1542 974 aliqui

76 967 256 1015 propter
290 978 439 1006 eorum
474 969 576 1010 vitae
607 975 928 1030 turpitudinem
961 982 1108 1035 potius
1143 983 1377 1030 destruunt
1406 1005 1536 1045 quam

77 1033 312 1086 aedificant3
345 1039 429 1094 ipsi
463 1042 667 1086 ordinarii
702 1047 863 1091 eisdem
900 1052 1119 1096 illiteratis
1161 1065 1205 1099 et
1239 1060 1465 1116 imperitis,
1502 1066 1538 1106 si

74 1106 184 1147 alias
205 1107 398 1153 honestae
422 1115 522 1155 vitae
545 1118 643 1165 sint,
669 1119 959 1178 Coadjutores
996 1135 1071 1170 aut
1092 1129 1287 1174 Vicarios
1317 1149 1395 1190 pro
1427 1144 1533 1179 tem—

72 1195 178 1235 pore
214 1183 442 1240 deputare,
477 1198 737 1249 partemque
769 1196 990 1240 fructuum
1015 1201 1174 1243 eisdem
1199 1220 1278 1260 pro
1301 1208 1533 1252 sufficienti

71 1253 187 1295 victu
205 1258 442 1315 assignare,
458 1264 525 1304 vel
547 1265 676 1306 aliter
692 1270 922 1323 providere
937 1274 1119 1316 arbitrio
1133 1292 1214 1318 suo
1227 1280 1301 1334 jus
1316 1280 1508 1326 habeant
1524 1304 1531 1326 :

69 1329 344 1382 exemptione
366 1339 409 1373 et
426 1336 724 1391 appellatione
746 1352 936 1386 remota:
959 1361 1031 1388 eos
1052 1363 1153 1390 vero
1175 1352 1250 1406 qui
1271 1357 1464 1410 turpiter
1486 1367 1529 1400 et

67 1399 314 1444 scandaloso
347 1405 514 1456 vivunt,
548 1419 780 1468 postquam
818 1421 1066 1472 prfemoniti
1098 1423 1275 1475 fuerint,
1310 1435 1352 1469 ct
1385 1430 1526 1474 adhuc

66 1471 383 1531 incorrigibiles
398 1481 527 1536 juxta
545 1498 763 1529 sacrorum
784 1488 1014 1534 Canonum
1031 1495 1375 1544 Constitutioncs
1391 1504 1526 1546 facul-

61 1690 315 1734 ministeriis
333 1694 475 1738 dicata
496 1707 612 1747 sunt,
635 1708 883 1759 temporum
907 1710 1068 1766 injuria
1090 1714 1376 1766 obsolescant,
1401 1728 1444 1761 et
1466 1737 1519 1764 ex

60 1762 284 1807 hominum
317 1772 521 1812 memoria
552 1774 826 1826 intercidant,
862 1785 1125 1827 transferant
1163 1789 1368 1833 ordinarii
1390 1795 1518 1838 bene-

58 1836 253 1878 ficiorum
289 1841 547 1898 simplicium
593 1847 759 1898 titulos,
808 1854 984 1908 quando
1016 1857 1143 1906 Bet-³³,
1184 1869 1404 1907 vetustate
1447 1871 1517 1911 vel

58 1910 176 1957 alias,
213 1912 277 1954 ita
298 1915 502 1973 collapsae
524 1927 640 1969 sunt,
674 1929 723 1963 ut
745 1924 801 1964 ob
823 1940 971 1968 corum
995 1929 1185 1987 inopiam
1207 1949 1431 1992 nequeant
1454 1943 1516 1984 in-

55 1988 246 2027 staurari
274 1988 315 2028 in
348 1992 562 2041 matrices,
597 2003 675 2036 aut
708 1996 814 2039 alias
846 1999 964 2041 Ecc‘ss
1001 2002 1191 2047 locorum
1226 2009 1510 2071 [eorundem2]

56 2058 236 2100 arbitrio
270 2076 367 2112 su03
401 2071 532 2120 atque
563 2066 606 2107 in
639 2068 798 2111 eisdem
828 2071 1034 2115 Ecclesiis
1052 2078 1224 2134 erigant
1245 2082 1420 2127 Altaria
1441 2088 1512 2129 vel

55 2129 274 2187 Capellas,
297 2135 382 2175 sub
405 2137 565 2179 eisdem
583 2140 948 2194 invocationibus,
968 2155 1011 2188 et
1033 2164 1128 2191 cum
1151 2154 1352 2197 omnibus
1373 2161 1506 2201 oneri-

52 2203 135 2245 bus
165 2207 385 2261 prioribus
405 2209 612 2253 Ecclesiis
631 2214 860 2270 impositis.
923 2219 1203 2265 parochiales
1225 2241 1325 2269 vero
1358 2230 1507 2275 Eccle-

50 2277 134 2319 sias
155 2279 218 2321 ita
239 2281 448 2338 collapsas
470 2286 597 2333 refici,
631 2294 674 2328 et
694 2288 929 2332 instaurari
952 2306 1188 2348 procurent
1210 2315 1235 2341 a
1252 2300 1436 2347 Rectore
1459 2315 1504 2349 et

50 2349 235 2406 Populo,
257 2355 458 2397 omnibus
477 2359 678 2401 remediis
694 2365 969 2418 opportunis,
993 2374 1037 2407 et
1054 2382 1330 2427 quacumque
1352 2380 1504 2434 appel-

46 2421 219 2472 latione,
240 2429 529 2484 exemptione,
553 2438 596 2472 et
618 2434 957 2478 contradictione
976 2448 1154 2482 remota.

103 2497 399 2557 Quaecumque
431 2504 474 2544 in
511 2503 683 2546 Diocesi
717 2508 771 2548 ad
802 2507 889 2550 Dei
915 2512 1079 2554 cultum
1112 2525 1328 2570 spectant,
1361 2536 1413 2563 ea
1444 2525 1500 2567 ab

43 2569 268 2613 ordinariis
287 2573 522 2631 diligenter
543 2580 698 2626 curari,
722 2587 859 2636 atque
880 2583 936 2623 ab
958 2585 1021 2633 iis,
1045 2587 1122 2626 ubi
1141 2597 1326 2643 oportet,
1353 2601 1496 2649 provi-

87 2694 95 2712 ¹
120 2696 150 2726 It
173 2697 198 2728 is
219 2699 306 2739 plain
332 2702 409 2732 from
431 2704 482 2734 the
503 2706 586 2736 sixth
604 2708 731 2749 chapter
746 2711 842 2741 ofthe
860 2712 978 2743 Decree
994 2714 1029 2743 of
1051 2715 1278 2756 Reformation,
1295 2725 1326 2750 at
1341 2721 1391 2753 the
1412 2725 1496 2757 Fisth

41 2743 172 2786 semion,
189 2749 254 2780 that
269 2751 329 2782 this
343 2752 457 2784 should
475 2756 510 2787 be
525 2758 639 2789 added.

83 2796 96 2815 ²
120 2799 195 2832 Dec.
213 2803 279 2834 Res.
295 2816 362 2846 cap.
382 2808 435 2837 vii.

1228 2895 1256 2921 M
