1905 3254
682 285 790 316 sEss.
818 287 894 317 vn.
1440 280 1522 320 385

63 388 176 431 unde
208 390 363 432 nolunt
390 391 474 433 dici
505 407 530 432 a
564 392 761 434 Romano
793 394 1012 443 Pontifice,
1047 410 1098 436 ne
1131 403 1300 438 mortuo
1322 399 1515 453 quando-

62 477 232 518 cunque
256 464 389 520 Papa,
422 464 479 505 sit
499 465 560 505 eis
580 467 817 507 necessario
846 466 900 507 ad
921 482 1084 508 novum
1107 469 1274 525 Papam
1295 471 1516 512 confirma-

61 533 187 575 tionis
209 550 339 576 causa
361 537 685 578 recurrendum.

116 606 283 648 Verum
306 609 361 649 ad
381 608 475 650 haec
494 610 855 666 respondebatur,
876 612 1045 653 nullam
1069 620 1333 668 potestatem
1363 616 1515 657 Eccle-

59 680 271 721 siasticam
293 681 488 738 legitime
510 683 704 731 conferri,
736 684 818 723 nisi
841 684 1108 726 authoritate
1141 686 1288 741 Papae,
1315 695 1390 728 aut
1413 703 1517 729 vera

60 757 136 792 aut
166 752 525 807 interpretativa3
561 754 678 809 quod
711 755 840 796 etiam
874 756 1060 798 affirmat
1084 757 1254 798 Gerson
1276 759 1329 799 de
1352 766 1514 814 potest.

58 823 221 865 Eccles.
245 840 337 880 cap.
401 859 407 865 .
472 826 579 867 Ideo
601 842 769 868 omnem
793 828 1108 884 Episcoporum
1135 831 1393 872 creationem
1419 847 1515 888 gra-

57 895 189 938 datim
225 897 282 938 ad
308 899 488 940 Petrum
512 899 677 948 referri,
714 907 790 941 aut
824 900 878 941 ad
911 902 1161 956 Apostolos,
1191 904 1267 958 qui
1291 919 1315 944 a
1338 903 1515 946 Christo

55 969 164 1011 hane
194 977 467 1026 potestatem,
495 979 544 1013 ut
568 972 830 1028 delegatam,
863 974 1021 1014 Petrus
1046 990 1146 1015 vero
1179 982 1229 1015 ut
1250 976 1514 1018 ordinariam

55 1050 118 1084 est
159 1053 483 1100 consequutus3
536 1046 728 1101 alioquin
770 1047 1024 1102 EpiscOPOS,
1077 1048 1151 1103 qui
1202 1064 1285 1089 non
1329 1057 1516 1105 possunt

54 1117 280 1158 ostendere
302 1133 327 1159 a
348 1133 433 1174 quo
456 1119 539 1174 ipsi
561 1119 695 1159 creati
716 1120 877 1160 fuerint
899 1121 1126 1177 Episcopi,
1150 1136 1227 1162 nec
1260 1123 1515 1179 retrogrado

53 1204 180 1230 cursu
202 1205 342 1245 usque
366 1190 420 1231 ad
439 1191 618 1231 Petrum
652 1192 720 1232 vel
755 1194 990 1248 Apostolos
1021 1195 1213 1234 omnium
1246 1195 1513 1251 dignitatum

53 1262 191 1303 fontes
212 1278 255 1303 se
278 1263 512 1311 reflectere,
535 1278 619 1304 non
642 1279 767 1319 posse
799 1266 930 1306 etiam
961 1267 1120 1322 cuique
1144 1283 1296 1308 verum
1320 1269 1513 1310 ordinem

52 1335 255 1385 conferre,
280 1336 395 1391 quod
417 1352 442 1377 a
463 1336 702 1393 Theologis
724 1345 946 1393 receptum
970 1347 1045 1380 est.
1112 1340 1231 1382 Huic
1255 1342 1511 1384 authoritati

53 1408 178 1450 Joan.
215 1410 416 1456 Gerson.,
455 1425 586 1466 quam
622 1410 708 1451 illis
740 1411 930 1452 ostendit
972 1413 1250 1461 Mutinensis,
1286 1417 1366 1456 visi
1408 1424 1511 1459 sunt

54 1482 172 1523 Galli
195 1484 297 1524 satis
319 1484 599 1539 acquiescere.
661 1485 775 1525 Nam
812 1492 854 1526 et
888 1486 1005 1541 quod
1040 1487 1279 1536 dicebatur,
1317 1505 1400 1530 non
1433 1506 1508 1546 po-

51 1556 186 1597 tuisse
208 1556 293 1597 dici
324 1556 571 1598 Romanum
596 1557 859 1606 Pontificem,
894 1565 1128 1614 antequam
1151 1560 1274 1601 sedes
1296 1564 1510 1605 translata

50 1627 247 1675 Romam,
283 1629 598 1671 concedebatur
625 1630 671 1670 id
704 1630 898 1685 quidem,
931 1630 1082 1672 habita
1114 1634 1279 1674 ratione
1307 1634 1402 1683 loci,
1436 1637 1513 1678 sed

49 1703 202 1742 nomen
224 1701 303 1742 hoc
325 1703 437 1742 sumi
459 1717 538 1757 per
560 1704 911 1750 antonomasiam,
945 1710 988 1744 ct
1007 1704 1195 1760 intelligi
1219 1706 1271 1746 (10
1295 1706 1511 1763 dignitate

49 1772 146 1828 ipsa
167 1773 317 1829 Papae.
383 1774 451 1814 Sic
474 1789 649 1830 quoque
678 1774 1025 1829 respondebatur
1047 1775 1101 1816 ad
1122 1777 1352 1818 secundam
1378 1780 1505 1820 ratio-

50 1860 162 1896 nem,
186 1846 304 1902 quod
326 1862 480 1888 nomen
504 1847 690 1888 Romani
713 1848 932 1888 Pontificis
955 1849 1101 1904 potius
1133 1849 1333 1906 designet
1368 1852 1510 1909 digni-

49 1925 207 1969 tatem3
240 1935 316 1960 nec
338 1920 626 1975 extinguatur
647 1935 742 1961 cum
767 1936 962 1976 persona,
988 1928 1038 1961 ut
1059 1922 1177 1976 apud
1202 1923 1396 1966 Germin.
1421 1942 1451 1965 c.
1475 1927 1511 1966 si

19 2016 21 2019 ·
51 1994 239 2050 gratiose
268 1993 345 2034 col.
371 1994 411 2035 2.
445 1992 498 2033 (10
524 1994 717 2049 rescript.
744 1994 796 2033 vi.
823 1994 959 2034 Sarm.
983 2009 1075 2049 cap.
1104 1996 1138 2034 l.
1174 1994 1227 2035 de
1259 1998 1426 2038 constit.
1452 1999 1507 2039 vi.

49 2081 113 2108 no.
140 2068 205 2117 23
235 2073 279 2108 et
300 2066 392 2107 haec
414 2066 558 2121 opinio
582 2066 668 2106 fere
692 2067 747 2107 ab
769 2067 970 2107 omnibus
1002 2068 1187 2122 probata
1219 2069 1315 2118 fuit,
1339 2077 1399 2115 ut,
1427 2073 1503 2112 sci-

49 2139 160 2189 lieet,
188 2140 292 2181 satis
326 2154 412 2180 non
449 2146 561 2180 esset
594 2139 750 2187 dicere,
782 2139 1045 2180 authoritate
1077 2140 1200 2180 Sedis
1230 2142 1506 2197 Apostolicae,

49 2213 129 2253 nisi
161 2213 394 2254 adderetur
425 2212 647 2260 Romanae,
680 2213 747 2254 vel
772 2228 870 2268 quae
893 2213 1054 2254 residet
1074 2214 1117 2253 in
1141 2213 1337 2255 Romano
1359 2217 1507 2259 Ponti-

50 2285 136 2327 fice.
199 2288 300 2328 Alia
330 2287 414 2327 fuit
439 2286 659 2328 dubitatio
693 2302 745 2327 an
778 2287 991 2327 sufficeret
1024 2286 1120 2334 dici,
1154 2286 1394 2329 Catholicae
1425 2291 1506 2331 Ec-

49 2359 208 2401 clesiae:
237 2360 374 2416 aliqui
395 2361 633 2417 negabant,
659 2361 765 2416 quia
786 2375 882 2401 cum
906 2360 1056 2401 Latini
1078 2376 1240 2409 sumuS,
1265 2363 1396 2404 etiam
1419 2364 1502 2406 La-

49 2431 148 2472 tinis
169 2433 314 2473 verbis
336 2433 401 2473 uti
422 2433 646 2474 debemus.

104 2504 289 2553 Deinde,
332 2506 436 2561 quia
479 2508 674 2554 verbum,
718 2506 990 2554 universalis,
1037 2507 1386 2561 magnificentius
1428 2518 1506 2560 est,

49 2583 182 2632 atque
204 2578 351 2633 aptius
372 2579 434 2619 rei
455 2586 626 2628 nostrae,
655 2579 858 2633 exemplo
881 2579 1009 2619 etiam
1037 2578 1249 2634 Cypriani
1274 2579 1504 2635 Epistolae,

49 2663 135 2704 qua
165 2665 388 2692 conversos
425 2652 479 2693 ad
508 2653 636 2693 fidem
666 2653 760 2693 vult
789 2666 1018 2707 agnoscere
1043 2650 1295 2692 Cornelium
1322 2653 1504 2710 Papam,

48 2720 268 2764 Pastorem
293 2723 549 2775 Catholicae,
580 2724 659 2767 hoc
681 2732 746 2766 cst
768 2724 1025 2765 universalis
1057 2723 1294 2775 Ecclesiam
1329 2733 1371 2768 et
1404 2730 1506 2783 quia

47 2793 187 2838 dicent
211 2795 435 2844 Haeretici,
458 2814 534 2840 nos
560 2799 755 2840 obtinere
778 2813 859 2838 non
884 2798 1091 2853 potuisse,
1117 2804 1166 2838 ut
1190 2797 1313 2854 Papa
1334 2799 1506 2843 dicatur

1202 2872 1226 2909 22
1249 2886 1271 2909 ‹;
