1905 3254
327 317 408 356 596
938 330 1046 360 snss.
1072 330 1167 359 vm.

386 436 473 476 Die
497 435 521 477 7
545 435 828 490 Septembris,
855 434 979 476 1563.
1041 433 1140 474 Hac
1162 433 1231 473 die
1264 431 1475 473 admissus
1506 430 1591 471 fuit
1623 430 1784 472 Orator

329 510 477 564 magni
502 508 708 563 Magistri
731 508 772 549 S.
797 508 825 548 J
830 507 981 547 oannis
1013 505 1403 561 Hierosolymitani
1423 505 1511 545 sine
1533 503 1783 559 praejudicio

329 580 608 627 Patriamhae,
643 579 1085 634 Archiepiseoporum
1118 586 1162 619 et
1191 578 1533 633 Episcoporum3
1567 575 1782 630 datusque

329 654 367 693 ei
403 653 487 694 fuit
518 653 639 693 locus
669 653 714 692 in
746 652 896 692 ordine
931 651 1165 691 Oratorum
1198 649 1596 690 Ecclesiasticorum
1627 647 1783 687 ultimo

327 727 432 773 loco,
457 726 538 766 viz.
563 733 659 781 post
697 725 925 765 Oratorem
948 723 1086 764 Ducis
1107 723 1357 771 Florentiae,
1381 721 1457 776 qui
1480 728 1572 761 erat
1601 720 1783 775 Episco-

327 815 412 854 pus
454 799 745 839 Cortonensis.
829 796 987 837 Orator
1017 796 1166 836 literas
1198 795 1250 835 de
1283 810 1401 835 more
1435 793 1648 839 exhibuit,
1685 807 1782 847 quae

327 873 451 912 lectae
486 879 528 912 et
571 871 769 911 admissae
802 870 1001 918 fuerunt3
1033 868 1277 924 habuitque
1314 867 1549 908 orationem
1587 881 1683 907 cum
1718 880 1783 906 re-

328 943 553 997 sponsione
578 941 741 998 Synodi
762 941 815 981 de
837 955 967 981 more.

388 1016 646 1070 Sequuntur
669 1014 1046 1070 Congregationes
1071 1020 1114 1053 et
1136 1012 1253 1053 Vota
1285 1012 1465 1052 Patrum
1488 1010 1542 1050 de
1566 1009 1782 1050 matrimo-

327 1088 413 1136 nio,
438 1095 481 1128 et
504 1092 601 1143 ejus
623 1088 835 1128 abusibus
858 1087 987 1127 tertio
1009 1085 1264 1126 reformatis.

385 1161 491 1201 Post
513 1160 736 1201 absolutas
759 1166 905 1200 autem
929 1159 1121 1199 omnium
1145 1156 1394 1203 sententias,
1410 1170 1508 1196 cum
1526 1154 1783 1210 significare-

327 1240 399 1274 tur
422 1234 630 1273 Patribus
652 1232 720 1273 die
742 1233 957 1287 sequenti,
984 1231 1064 1272 viz.
1102 1231 1160 1270 xi.
1198 1228 1481 1285 Septembris,
1504 1227 1710 1268 articulos
1731 1227 1784 1268 de

328 1305 631 1345 reformatione
671 1305 779 1345 alias
819 1304 1065 1359 propositos
1107 1301 1415 1343 examinandos
1457 1315 1562 1348 esse,
1602 1300 1785 1341 fremere

328 1378 457 1418 multi
476 1378 701 1433 incipiunt,
725 1376 842 1432 quod
872 1376 1053 1431 dempta
1074 1391 1125 1415 ex
1158 1375 1241 1414 illis
1272 1374 1414 1414 multa
1435 1373 1595 1413 fuerint
1626 1373 1785 1428 capita,

330 1458 461 1506 atque
494 1451 606 1490 illud
631 1451 868 1506 praecipue,
892 1449 1007 1504 quod
1037 1456 1230 1489 extremo
1261 1447 1353 1487 loco
1384 1447 1577 1502 positum
1600 1453 1705 1493 erat,
1730 1446 1784 1486 de

328 1524 652 1580 impedimentis
675 1524 947 1564 saecularium
969 1539 976 1562 :
1009 1537 1143 1577 quare
1166 1521 1294 1561 multi
1316 1523 1465 1561 Patres
1487 1520 1617 1559 simul
1638 1520 1784 1566 coacti,

330 1598 413 1637 viz.
467 1595 721 1637 Patriarcha
781 1595 1005 1643 Yenetusg
1057 1593 1439 1648 Archiepiseopus,
1492 1592 1784 1639 Florentinus,

330 1669 677 1716 Materanensis,'·
704 1668 935 1716 Barensis3
958 1674 1001 1707 et
1026 1666 1244 1722 Episcopi,
1265 1666 1479 1720 Aquinas
1506 1666 1783 1721 Sagonensis,

327 1743 626 1790 Umbraticus,
660 1741 881 1789 BovensiS,
905 1748 1037 1795 atque
1061 1741 1131 1780 alii
1154 1739 1296 1785 multi,
1310 1738 1553 1794 praesertim
1577 1753 1631 1779 ex
1652 1753 1786 1793 regno

328 1815 637 1871 Neapolitano,
662 1814 854 1869 Legatos
876 1813 1110 1853 Moronum
1129 1826 1176 1851 ac
1200 1811 1484 1851 Simonettam
1502 1810 1677 1857 adeunt,
1699 1810 1786 1850 illis

327 1888 649 1933 denunciantes,
672 1902 715 1927 se
735 1886 790 1926 ad
809 1886 1013 1926 articulos
1031 1884 1348 1926 reformationis
1366 1883 1473 1923 nihil
1490 1897 1784 1937 responsuros,

327 1961 410 2001 nisi
442 1961 647 2001 ultimum
681 1966 814 2014 caput
850 1957 906 1998 ad
941 1973 992 1998 ea
1027 1956 1229 1997 addatur.
1296 1957 1432 1996 Aiunt
1464 1970 1508 1996 se
1545 1955 1784 1995 multorum

329 2033 459 2073 etiam
485 2031 789 2072 Cardinalium
811 2030 948 2071 literis
972 2045 1025 2070 ex
1053 2029 1176 2069 Urbe
1202 2027 1442 2068 admonitos
1463 2027 1609 2076 fuisse,
1634 2027 1784 2067 Conci·

326 2104 451 2153 lium,
491 2111 669 2160 peracta
702 2103 782 2144 hac
825 2102 1033 2147 Sessione,
1075 2115 1333 2156 suspensum
1374 2100 1440 2140 iri.
1502 2099 1608 2140 Ideo
1645 2098 1786 2139 vereri

328 2177 529 2224 maxime,
553 2191 607 2216 ne
638 2175 751 2215 illud
782 2175 989 2215 ultimum
1021 2180 1156 2230 eaput
1187 2188 1363 2228 prorsus
1394 2173 1638 2218 omittatur,
1668 2170 1786 2226 quod

328 2249 448 2289 nullo
469 2252 612 2303 paeto²
634 2246 862 2288 ferendum
884 2253 1058 2301 putant.
1129 2245 1292 2301 Legati
1316 2245 1448 2285 variis
1468 2243 1712 2284 rationibus
1742 2249 1786 2283 et

327 2320 719 2376 pollicitationibus
741 2334 811 2359 eos
838 2319 894 2358 ab
916 2317 995 2358 hoc
1018 2317 1242 2373 proposito
1261 2316 1478 2357 abducere
1500 2316 1638 2356 conati
1659 2321 1783 2364 sunt3

328 2393 403 2434 sed
424 2393 597 2439 frustra,
620 2399 669 2432 ut
692 2398 795 2431 tunc
817 2390 993 2431 Praelati
1014 2390 1084 2429 isti
1106 2389 1209 2429 satis
1232 2387 1450 2435 audacter,
1473 2402 1526 2428 ne
1547 2387 1687 2428 dicam
1707 2388 1784 2427 im-

329 2465 560 2521 pudenter,
583 2463 894 2518 respondentes
915 2462 1218 2503 ostendebant.

385 2538 553 2579 Verum
587 2536 763 2591 quidem
795 2535 908 2575 illud
944 2541 1051 2584 erat,
1088 2533 1343 2574 Cardinales
1375 2547 1429 2573 ex
1470 2532 1595 2574 Urbe
1635 2532 1783 2573 literas

330 2610 614 2667 quamplures
629 2608 683 2649 ad
699 2608 891 2649 diversos
905 2608 1119 2648 Praelatos
1136 2606 1446 2661 conscripsisse,
1466 2621 1528 2654 eo,
1552 2613 1656 2646 tunc
1678 2606 1784 2645 fere-

329 2684 474 2730 batur,
489 2681 681 2728 consilio,
698 2687 748 2721 ut
764 2695 835 2720 eos
848 2679 1044 2720 duriores
1057 2679 1287 2720 redderent
1302 2679 1346 2718 in
1363 2677 1589 2732 probanda
1606 2677 1785 2718 materia

329 2753 667 2802 reformationis3
702 2751 875 2807 quando
897 2752 1018 2793 illinc
1033 2759 1075 2793 et
1099 2752 1243 2793 Curiae
1266 2751 1559 2791 calamitatem
1578 2751 1716 2805 sequi,
1740 2755 1783 2790 et

460 2840 466 2858 ¹
494 2840 730 2871 Acheruntinus
745 2844 774 2869 et
792 2839 1004 2870 Matheranns.
1392 2836 1405 2854 ²
1429 2838 1567 2873 Peracto,
1587 2838 1656 2867 MS.

1887 371 1905 393 Τ
1887 129 1905 366 -”Ῐ’-“-4.Ᾰ..-.-ι“·
1885 0 1905 249 ἮῊἪ

1887 397 1905 425 ¹⁴

1887 431 1892 456 l

1888 466 1893 497 ε

1888 499 1905 549 i}
