1905 3254
343 303 426 343 598
960 318 1070 348 SESS.
1096 317 1189 346 v111.

345 430 389 465 et
410 424 634 479 praecipue
658 423 775 479 quod
795 422 848 464 de
869 425 1166 480 potestatibus
1187 425 1472 465 saecularibus
1492 424 1599 465 nihil
1619 427 1803 480 proponi

346 496 507 544 vident,
532 511 633 538 sane
654 512 738 537 non
759 498 923 553 injuria
945 505 1276 553 conquerentur,
1300 498 1348 537 si¹
1381 497 1473 538 haec
1505 503 1645 537 essent
1678 498 1802 538 omit-

345 569 491 610 tenda.
557 570 643 611 Sed
661 571 787 611 sicuti
801 571 928 612 Deus
946 571 1251 627 Omnipotens,
1268 571 1344 626 qui
1362 577 1472 611 nutu
1489 571 1633 611 onmia
1644 577 1801 626 potest,

346 656 422 682 sex
444 648 589 683 tamen
611 642 783 683 dierum
806 644 949 698 spatio
971 650 1126 684 cuncta
1148 643 1291 683 voluit
1311 657 1468 688 creare,
1490 643 1547 683 sic
1566 657 1643 683 nos
1663 649 1802 683 matu-

349 715 442 756 rius
462 716 621 756 facturi
643 716 857 765 videmur,
872 717 908 756 si
929 716 1155 771 sigillatim
1178 716 1536 771 progrediamur;
1561 716 1802 771 praesertim

351 790 457 844 quia
477 791 591 830 intra
613 796 700 831 tres
722 789 813 830 dies
835 795 1011 830 caeteros
1033 789 1249 836 articulos,
1268 804 1356 829 una
1371 804 1468 829 cum
1484 788 1641 843 Capite
1663 788 1737 828 illo
1750 787 1804 828 de

347 861 632 902 saecularibus
654 862 961 917 potestatibus,
985 877 1134 902 sumus
1155 861 1328 908 edituri,
1352 876 1401 902 eo
1423 861 1612 909 consilio,
1634 868 1686 902 ut
1706 861 1742 901 si
1761 861 1806 901 in

348 935 557 990 praesenti
577 941 798 989 nequeant
821 935 1018 974 Sessione
1040 935 1199 982 excuti,
1221 934 1375 975 saltem
1404 934 1447 974 in
1479 935 1681 988 sequenti
1703 933 1804 974 defi-

346 1008 525 1048 niantur
542 1023 553 1056 ;
584 1022 684 1048 nam
706 1022 804 1063 quae
823 1008 878 1048 ab
901 1008 1123 1063 aliquibus
1144 1007 1197 1048 de
1221 1007 1406 1048 Concilii
1422 1008 1704 1063 suspensione
1726 1007 1804 1047 cir-

347 1080 664 1128 cumferuntur,
687 1095 801 1121 vana
821 1087 924 1121 sunt
955 1095 1147 1136 prorsus,
1167 1095 1244 1121 nec
1266 1080 1357 1121 ulla
1378 1080 1509 1121 etiam
1530 1080 1805 1135 responsione

346 1152 580 1209 dignanda.

405 1226 534 1267 Tunc
554 1226 872 1282 Lotharingius
894 1226 1196 1281 subsequutus
1217 1232 1304 1267 est:
1336 1240 1421 1266 non
1453 1225 1642 1281 pudebit
1657 1240 1727 1267 me
1743 1226 1805 1267 di-

348 1313 459 1347 cere,
482 1314 708 1355 nunquam
729 1314 798 1340 me
821 1299 962 1354 magis
982 1299 1292 1354 perturbatum
1313 1313 1366 1339 ex
1397 1298 1476 1339 hoc
1508 1299 1599 1339 loco
1630 1298 1802 1347 dixisse,

350 1384 481 1425 quam
515 1370 560 1409 in
592 1369 799 1425 praesenti
818 1386 827 1418 ;
861 1385 958 1410 nam
992 1385 1087 1410 cum
1123 1370 1176 1411 de
1201 1370 1527 1411 Reformatione
1555 1377 1727 1426 agatur,
1762 1375 1806 1411 et

349 1458 450 1499 quae
473 1443 660 1483 maxime
683 1443 738 1484 ad
758 1443 1002 1499 Episcopos
1025 1445 1228 1499 pertinet,
1251 1444 1335 1484 scio
1356 1458 1424 1484 me
1447 1443 1605 1499 saepius
1632 1444 1676 1484 in
1704 1444 1807 1484 aula

349 1531 482 1572 quam
504 1516 548 1555 in
571 1516 762 1565 ecclesia,
783 1517 827 1555 in
849 1517 935 1556 otio
964 1531 1096 1571 quam
1119 1517 1163 1556 in
1187 1516 1422 1563 Cathedra,
1446 1517 1559 1557 inter
1580 1517 1806 1573 Principes

349 1595 393 1629 et
414 1595 644 1642 magnates
667 1592 794 1643 jussu
815 1588 991 1643 Regum
1013 1602 1222 1637 meorum,
1246 1603 1379 1643 quam
1407 1589 1520 1629 inter
1541 1589 1804 1645 Theologos,

349 1666 574 1700 versatum
594 1676 602 1700 ε
636 1667 792 1706 tamen,
820 1666 1045 1715 utcunque
1063 1667 1226 1715 potero,
1250 1661 1389 1702 dicam
1410 1661 1528 1716 quod
1549 1656 1808 1704 conscientia

350 1733 549 1784 dictabit,
589 1740 770 1788 paratus
811 1734 952 1788 magis
1001 1734 1097 1774 aliis
1137 1735 1424 1782 subscribere,
1467 1750 1598 1790 quam
1640 1737 1808 1777 caeteris

348 1807 585 1862 quicquam
606 1807 902 1862 praescribere.
966 1807 1163 1848 Primum
1184 1808 1326 1863 igitur
1356 1808 1568 1865 leguntur
1592 1816 1693 1850 vota
1721 1810 1805 1851 Pa-

347 1885 465 1920 trum
487 1879 540 1920 de
562 1879 900 1920 Reformatione.

407 1952 582 1993 Accidit
612 1953 763 1994 eadem
796 1952 878 1999 die,
912 1968 1009 1993 cum
1044 1953 1292 1994 Canonicus
1320 1955 1499 2010 quidam
1529 1956 1808 2011 Segobiensis

348 2023 503 2064 missus
527 2039 552 2064 a
574 2024 806 2065 Canonicis
822 2032 865 2065 et
889 2025 1101 2080 Capitulo
1124 2025 1370 2080 Hispaniae,
1393 2033 1442 2067 ut
1463 2042 1612 2068 eorum
1634 2028 1806 2069 nomine

349 2097 470 2152 apud
491 2098 644 2138 Patres
677 2105 844 2154 ageret,
877 2113 931 2139 ne
968 2099 1267 2153 exemptiones
1295 2099 1518 2155 Capitulis
1550 2117 1760 2143 concessae
1782 2117 1807 2143 a

344 2170 647 2225 jurisdictione
667 2171 987 2226 Episcoporum
1010 2171 1094 2212 illis
1127 2172 1412 2221 auferrentur,
1437 2172 1594 2214 Comes
1615 2189 1640 2214 a
1660 2174 1805 2223 Luna,

351 2242 513 2283 Orator
554 2243 797 2297 Hispanus,
839 2259 885 2285 re
925 2245 1159 2291 intellecta,
1194 2246 1325 2300 jubet
1357 2245 1424 2285 illi
1459 2246 1632 2287 nomine
1672 2246 1807 2303 Regis
1848 2301 1849 2306 1

350 2315 562 2371 Philippi,
588 2323 639 2357 ut
658 2316 771 2357 intra
794 2318 849 2357 24
880 2316 1008 2357 horas
1038 2318 1120 2358 sub
1142 2332 1276 2373 poena
1297 2319 1651 2375 praescriptionis²
1671 2321 1806 2361 oinni-
1835 2304 1863 2363 ‘'3''

350 2405 423 2430 um
445 2390 656 2431 bonorum
679 2405 732 2431 ex
754 2390 1013 2432 Tridentina
1035 2392 1146 2432 urbe
1177 2391 1363 2440 recedat,
1397 2393 1627 2449 eidemque
1658 2394 1806 2436 literas

350 2464 515 2521 Regias
536 2464 614 2505 hac
636 2464 690 2505 de
711 2479 757 2505 re
779 2464 969 2506 exhibet.

407 2537 521 2578 Haec
542 2552 610 2578 res
632 2537 834 2577 omnibus
864 2538 1050 2579 maxime
1083 2538 1319 2594 displicuit,
1342 2546 1393 2581 ut
1423 2555 1521 2596 quae
1544 2541 1727 2582 Concilii
1756 2542 1805 2582 li-

349 2611 567 2651 bertatem
604 2609 762 2650 laedere
797 2610 1046 2661 videretur3
1078 2626 1155 2652 nec
1182 2611 1515 2666 reprehensione
1545 2613 1709 2670 Legati
1739 2629 1804 2655 ca-

349 2690 543 2731 ruerant,
562 2683 638 2739 qui
657 2683 702 2723 id
723 2684 819 2738 pati
840 2699 893 2725 ex
911 2699 1060 2726 eorum
1084 2685 1343 2726 auctoritate
1364 2686 1616 2728 nullatenus
1629 2687 1802 2729 debuis-

567 2792 572 2809 ἶ
601 2792 723 2827 Quasi?
1293 2796 1306 2813 2
1330 2798 1412 2828 Vide
1429 2798 1588 2838 Adelung.
