<?xml version="1.0" encoding="UTF-8"?>
<!DOCTYPE html PUBLIC "-//W3C//DTD XHTML 1.0 Transitional//EN"
    "http://www.w3.org/TR/xhtml1/DTD/xhtml1-transitional.dtd">
<html xmlns="http://www.w3.org/1999/xhtml" xml:lang="en" lang="en">
 <head>
  <title>
</title>
<meta http-equiv="Content-Type" content="text/html;charset=utf-8" />
  <meta name='ocr-system' content='tesseract 3.04.00' />
  <meta name='ocr-capabilities' content='ocr_page ocr_carea ocr_par ocr_line ocrx_word'/>
</head>
<body>
  <div class='ocr_page' id='page_1' title='image "actaconciliitrid00paleuoft_0518.png"; bbox 0 0 1905 3254; ppageno 0'>
   <div class='ocr_carea' id='block_1_1' title="bbox 352 265 1192 315">
    <p class='ocr_par' dir='ltr' id='par_1_1' title="bbox 352 265 1192 315">
     <span class='ocr_line' id='line_1_1' title="bbox 352 265 1192 315; baseline 0.006 -10"><span class='ocrx_word' id='word_1_1' title='bbox 352 265 435 308; x_wconf 83' lang='lat'>370</span> <span class='ocrx_word' id='word_1_2' title='bbox 981 282 1089 315; x_wconf 63' lang='lat' dir='ltr'>sess.</span> <span class='ocrx_word' id='word_1_3' title='bbox 1113 282 1192 311; x_wconf 74' lang='lat' dir='ltr'>vu.</span> 
     </span>
    </p>
   </div>
   <div class='ocr_carea' id='block_1_2' title="bbox 349 387 1816 2558">
    <p class='ocr_par' dir='ltr' id='par_1_2' title="bbox 349 387 1814 646">
     <span class='ocr_line' id='line_1_2' title="bbox 356 387 1814 443; baseline -0.001 -15"><span class='ocrx_word' id='word_1_4' title='bbox 356 387 530 443; x_wconf 83' lang='lat' dir='ltr'>Legati,</span> <span class='ocrx_word' id='word_1_5' title='bbox 553 395 596 429; x_wconf 91' lang='lat' dir='ltr'>et</span> <span class='ocrx_word' id='word_1_6' title='bbox 617 387 672 429; x_wconf 87' lang='lat' dir='ltr'>ad</span> <span class='ocrx_word' id='word_1_7' title='bbox 693 394 888 429; x_wconf 90' lang='lat' dir='ltr'>oratores</span> <span class='ocrx_word' id='word_1_8' title='bbox 921 403 1068 430; x_wconf 89' lang='lat' dir='ltr'>omnes</span> <span class='ocrx_word' id='word_1_9' title='bbox 1088 387 1360 443; x_wconf 84' lang='lat' dir='ltr'>Principum,</span> <span class='ocrx_word' id='word_1_10' title='bbox 1384 388 1579 436; x_wconf 89' lang='lat' dir='ltr'>mittunt,</span> <span class='ocrx_word' id='word_1_11' title='bbox 1601 394 1651 428; x_wconf 94' lang='lat' dir='ltr'>ut</span> <span class='ocrx_word' id='word_1_12' title='bbox 1671 387 1814 428; x_wconf 89' lang='lat' dir='ltr'>cuncti</span> 
     </span>
     <span class='ocr_line' id='line_1_3' title="bbox 355 459 1812 517; baseline 0.001 -18"><span class='ocrx_word' id='word_1_13' title='bbox 355 459 618 517; x_wconf 83' lang='lat' dir='ltr'>intelligant,</span> <span class='ocrx_word' id='word_1_14' title='bbox 641 475 720 517; x_wconf 87' lang='lat' dir='ltr'>per</span> <span class='ocrx_word' id='word_1_15' title='bbox 751 460 943 516; x_wconf 81' lang='lat' dir='ltr'>Legatos</span> <span class='ocrx_word' id='word_1_16' title='bbox 975 475 1060 501; x_wconf 90' lang='lat' dir='ltr'>non</span> <span class='ocrx_word' id='word_1_17' title='bbox 1091 467 1205 501; x_wconf 88' lang='lat' dir='ltr'>stare</span> <span class='ocrx_word' id='word_1_18' title='bbox 1237 475 1325 516; x_wconf 93' lang='lat' dir='ltr'>quo</span> <span class='ocrx_word' id='word_1_19' title='bbox 1356 461 1501 501; x_wconf 91' lang='lat' dir='ltr'>minus</span> <span class='ocrx_word' id='word_1_20' title='bbox 1533 475 1632 516; x_wconf 80' lang='lat' dir='ltr'>quae</span> <span class='ocrx_word' id='word_1_21' title='bbox 1667 466 1812 500; x_wconf 88' lang='lat' dir='ltr'>sancta</span> 
     </span>
     <span class='ocr_line' id='line_1_4' title="bbox 349 531 1810 589; baseline -0.001 -16"><span class='ocrx_word' id='word_1_22' title='bbox 349 534 562 589; x_wconf 86' lang='lat' dir='ltr'>justaque</span> <span class='ocrx_word' id='word_1_23' title='bbox 595 539 697 575; x_wconf 88' lang='lat' dir='ltr'>sunt</span> <span class='ocrx_word' id='word_1_24' title='bbox 737 533 1037 582; x_wconf 83' lang='lat' dir='ltr'>decernantur,</span> <span class='ocrx_word' id='word_1_25' title='bbox 1081 548 1128 574; x_wconf 90' lang='lat' dir='ltr'>ac</span> <span class='ocrx_word' id='word_1_26' title='bbox 1171 533 1311 574; x_wconf 85' lang='lat' dir='ltr'>Sessio</span> <span class='ocrx_word' id='word_1_27' title='bbox 1353 534 1585 575; x_wconf 67' lang='lat' dir='ltr'>constituta</span> <span class='ocrx_word' id='word_1_28' title='bbox 1628 532 1698 573; x_wconf 91' lang='lat' dir='ltr'>die</span> <span class='ocrx_word' id='word_1_29' title='bbox 1737 531 1810 572; x_wconf 88' lang='lat' dir='ltr'>ha-</span> 
     </span>
     <span class='ocr_line' id='line_1_5' title="bbox 356 606 528 646; baseline 0 0"><span class='ocrx_word' id='word_1_30' title='bbox 356 606 528 646; x_wconf 88' lang='lat' dir='ltr'>beatur.</span> 
     </span>
    </p>

    <p class='ocr_par' dir='ltr' id='par_1_3' title="bbox 354 678 1816 2558">
     <span class='ocr_line' id='line_1_6' title="bbox 417 678 1812 734; baseline -0.001 -15"><span class='ocrx_word' id='word_1_31' title='bbox 417 679 537 720; x_wconf 90' lang='lat' dir='ltr'>Galli</span> <span class='ocrx_word' id='word_1_32' title='bbox 559 679 777 728; x_wconf 82' lang='lat' dir='ltr'>Oratores,</span> <span class='ocrx_word' id='word_1_33' title='bbox 794 678 862 720; x_wconf 90' lang='lat' dir='ltr'>his</span> <span class='ocrx_word' id='word_1_34' title='bbox 886 679 1088 734; x_wconf 88' lang='lat' dir='ltr'>acceptis,</span> <span class='ocrx_word' id='word_1_35' title='bbox 1112 679 1298 720; x_wconf 84' lang='lat' dir='ltr'>maxime</span> <span class='ocrx_word' id='word_1_36' title='bbox 1318 685 1655 727; x_wconf 79' lang='lat' dir='ltr'>commoventur,</span> <span class='ocrx_word' id='word_1_37' title='bbox 1674 679 1812 734; x_wconf 86' lang='lat' dir='ltr'>quasi,</span> 
     </span>
     <span class='ocr_line' id='line_1_7' title="bbox 355 749 1813 806; baseline 0 -16"><span class='ocrx_word' id='word_1_38' title='bbox 355 749 500 792; x_wconf 70' lang='lat' dir='ltr'>dedita</span> <span class='ocrx_word' id='word_1_39' title='bbox 521 751 669 806; x_wconf 65' lang='lat' dir='ltr'>opera,</span> <span class='ocrx_word' id='word_1_40' title='bbox 692 751 940 792; x_wconf 88' lang='lat' dir='ltr'>inserantur</span> <span class='ocrx_word' id='word_1_41' title='bbox 961 751 1038 792; x_wconf 88' lang='lat' dir='ltr'>illa</span> <span class='ocrx_word' id='word_1_42' title='bbox 1060 752 1207 800; x_wconf 68' lang='lat' dir='ltr'>verba,</span> <span class='ocrx_word' id='word_1_43' title='bbox 1233 751 1537 793; x_wconf 80' lang='lat' dir='ltr'>Universalem</span> <span class='ocrx_word' id='word_1_44' title='bbox 1558 751 1813 797; x_wconf 84' lang='lat' dir='ltr'>Ecclesiam,</span> 
     </span>
     <span class='ocr_line' id='line_1_8' title="bbox 356 824 1813 881; baseline 0 -17"><span class='ocrx_word' id='word_1_45' title='bbox 356 830 407 864; x_wconf 94' lang='lat' dir='ltr'>ut</span> <span class='ocrx_word' id='word_1_46' title='bbox 426 824 551 879; x_wconf 90' lang='lat' dir='ltr'>Papa</span> <span class='ocrx_word' id='word_1_47' title='bbox 570 839 705 879; x_wconf 89' lang='lat' dir='ltr'>supra</span> <span class='ocrx_word' id='word_1_48' title='bbox 725 824 968 865; x_wconf 82' lang='lat' dir='ltr'>Concilium</span> <span class='ocrx_word' id='word_1_49' title='bbox 987 839 1078 865; x_wconf 89' lang='lat' dir='ltr'>esse</span> <span class='ocrx_word' id='word_1_50' title='bbox 1096 824 1361 873; x_wconf 86' lang='lat' dir='ltr'>ostendatur,</span> <span class='ocrx_word' id='word_1_51' title='bbox 1385 825 1504 880; x_wconf 84' lang='lat' dir='ltr'>quod</span> <span class='ocrx_word' id='word_1_52' title='bbox 1525 840 1569 866; x_wconf 92' lang='lat' dir='ltr'>se</span> <span class='ocrx_word' id='word_1_53' title='bbox 1586 839 1813 881; x_wconf 90' lang='lat' dir='ltr'>nunquam</span> 
     </span>
     <span class='ocr_line' id='line_1_9' title="bbox 355 897 1813 953; baseline 0 -16"><span class='ocrx_word' id='word_1_54' title='bbox 355 897 519 938; x_wconf 85' lang='lat' dir='ltr'>laturos</span> <span class='ocrx_word' id='word_1_55' title='bbox 552 898 697 938; x_wconf 90' lang='lat' dir='ltr'>aiunt:</span> <span class='ocrx_word' id='word_1_56' title='bbox 731 898 945 938; x_wconf 89' lang='lat' dir='ltr'>mirantur</span> <span class='ocrx_word' id='word_1_57' title='bbox 966 898 1161 953; x_wconf 81' lang='lat' dir='ltr'>Legatos</span> <span class='ocrx_word' id='word_1_58' title='bbox 1185 897 1277 938; x_wconf 78' lang='lat' dir='ltr'>haec</span> <span class='ocrx_word' id='word_1_59' title='bbox 1300 898 1435 938; x_wconf 89' lang='lat' dir='ltr'>verba</span> <span class='ocrx_word' id='word_1_60' title='bbox 1456 899 1677 939; x_wconf 84' lang='lat' dir='ltr'>excitasse.</span> <span class='ocrx_word' id='word_1_61' title='bbox 1729 897 1813 937; x_wconf 90' lang='lat' dir='ltr'>Le-</span> 
     </span>
     <span class='ocr_line' id='line_1_10' title="bbox 356 970 1814 1026; baseline 0.001 -16"><span class='ocrx_word' id='word_1_62' title='bbox 356 971 450 1025; x_wconf 84' lang='lat' dir='ltr'>gati</span> <span class='ocrx_word' id='word_1_63' title='bbox 472 985 550 1025; x_wconf 88' lang='lat' dir='ltr'>per</span> <span class='ocrx_word' id='word_1_64' title='bbox 572 970 837 1011; x_wconf 88' lang='lat' dir='ltr'>Auditorem</span> <span class='ocrx_word' id='word_1_65' title='bbox 858 971 946 1011; x_wconf 86' lang='lat' dir='ltr'>illis</span> <span class='ocrx_word' id='word_1_66' title='bbox 967 971 1230 1019; x_wconf 90' lang='lat' dir='ltr'>renuntiant,</span> <span class='ocrx_word' id='word_1_67' title='bbox 1255 986 1280 1011; x_wconf 90' lang='lat' dir='ltr'>a</span> <span class='ocrx_word' id='word_1_68' title='bbox 1304 986 1348 1011; x_wconf 89' lang='lat' dir='ltr'>se</span> <span class='ocrx_word' id='word_1_69' title='bbox 1370 972 1455 1011; x_wconf 90' lang='lat' dir='ltr'>ista</span> <span class='ocrx_word' id='word_1_70' title='bbox 1475 985 1558 1011; x_wconf 90' lang='lat' dir='ltr'>non</span> <span class='ocrx_word' id='word_1_71' title='bbox 1580 970 1790 1026; x_wconf 87' lang='lat' dir='ltr'>proficisci</span> <span class='ocrx_word' id='word_1_72' title='bbox 1803 986 1814 1020; x_wconf 80' lang='lat'>3</span> 
     </span>
     <span class='ocr_line' id='line_1_11' title="bbox 355 1042 1814 1100; baseline -0.001 -16"><span class='ocrx_word' id='word_1_73' title='bbox 355 1043 431 1084; x_wconf 88' lang='lat' dir='ltr'>sed</span> <span class='ocrx_word' id='word_1_74' title='bbox 460 1043 739 1085; x_wconf 88' lang='lat' dir='ltr'>Cardinalem</span> <span class='ocrx_word' id='word_1_75' title='bbox 770 1043 1121 1099; x_wconf 84' lang='lat' dir='ltr'>Lotharingium,</span> <span class='ocrx_word' id='word_1_76' title='bbox 1151 1044 1228 1100; x_wconf 91' lang='lat' dir='ltr'>qui</span> <span class='ocrx_word' id='word_1_77' title='bbox 1257 1043 1300 1083; x_wconf 92' lang='lat' dir='ltr'>in</span> <span class='ocrx_word' id='word_1_78' title='bbox 1330 1042 1604 1084; x_wconf 88' lang='lat' dir='ltr'>conciliandis</span> <span class='ocrx_word' id='word_1_79' title='bbox 1632 1043 1814 1084; x_wconf 87' lang='lat' dir='ltr'>Patrum</span> 
     </span>
     <span class='ocr_line' id='line_1_12' title="bbox 356 1115 1816 1172; baseline 0.001 -16"><span class='ocrx_word' id='word_1_80' title='bbox 356 1117 509 1157; x_wconf 86' lang='lat' dir='ltr'>animis</span> <span class='ocrx_word' id='word_1_81' title='bbox 530 1131 707 1172; x_wconf 87' lang='lat' dir='ltr'>operam</span> <span class='ocrx_word' id='word_1_82' title='bbox 729 1131 852 1156; x_wconf 94' lang='lat' dir='ltr'>suam</span> <span class='ocrx_word' id='word_1_83' title='bbox 874 1116 1195 1172; x_wconf 83' lang='lat' dir='ltr'>interponebat,</span> <span class='ocrx_word' id='word_1_84' title='bbox 1218 1115 1295 1156; x_wconf 87' lang='lat' dir='ltr'>has</span> <span class='ocrx_word' id='word_1_85' title='bbox 1321 1115 1376 1156; x_wconf 88' lang='lat' dir='ltr'>ad</span> <span class='ocrx_word' id='word_1_86' title='bbox 1397 1130 1468 1156; x_wconf 91' lang='lat' dir='ltr'>eos</span> <span class='ocrx_word' id='word_1_87' title='bbox 1490 1115 1771 1156; x_wconf 88' lang='lat' dir='ltr'>difficultates</span> <span class='ocrx_word' id='word_1_88' title='bbox 1791 1131 1816 1157; x_wconf 91' lang='lat' dir='ltr'>a</span> 
     </span>
     <span class='ocr_line' id='line_1_13' title="bbox 356 1189 1814 1245; baseline -0.001 -16"><span class='ocrx_word' id='word_1_89' title='bbox 356 1189 620 1245; x_wconf 88' lang='lat' dir='ltr'>quibusdam</span> <span class='ocrx_word' id='word_1_90' title='bbox 638 1189 800 1231; x_wconf 88' lang='lat' dir='ltr'>Pribus</span> <span class='ocrx_word' id='word_1_91' title='bbox 821 1190 1019 1231; x_wconf 77' lang='lat' dir='ltr'>inventas</span> <span class='ocrx_word' id='word_1_92' title='bbox 1041 1189 1251 1235; x_wconf 87' lang='lat' dir='ltr'>attulisse,</span> <span class='ocrx_word' id='word_1_93' title='bbox 1275 1189 1437 1244; x_wconf 85' lang='lat' dir='ltr'>quibus</span> <span class='ocrx_word' id='word_1_94' title='bbox 1458 1189 1540 1243; x_wconf 83' lang='lat' dir='ltr'>ipsi</span> <span class='ocrx_word' id='word_1_95' title='bbox 1561 1203 1814 1244; x_wconf 87' lang='lat' dir='ltr'>responsum</span> 
     </span>
     <span class='ocr_line' id='line_1_14' title="bbox 355 1260 1814 1317; baseline -0.001 -15"><span class='ocrx_word' id='word_1_96' title='bbox 355 1262 548 1303; x_wconf 86' lang='lat' dir='ltr'>breviter</span> <span class='ocrx_word' id='word_1_97' title='bbox 568 1261 663 1302; x_wconf 88' lang='lat' dir='ltr'>dari</span> <span class='ocrx_word' id='word_1_98' title='bbox 685 1269 906 1308; x_wconf 89' lang='lat' dir='ltr'>curarunt,</span> <span class='ocrx_word' id='word_1_99' title='bbox 929 1262 1159 1317; x_wconf 87' lang='lat' dir='ltr'>omniaque</span> <span class='ocrx_word' id='word_1_100' title='bbox 1181 1277 1279 1302; x_wconf 91' lang='lat' dir='ltr'>cum</span> <span class='ocrx_word' id='word_1_101' title='bbox 1301 1261 1386 1301; x_wconf 86' lang='lat' dir='ltr'>illis</span> <span class='ocrx_word' id='word_1_102' title='bbox 1408 1267 1558 1316; x_wconf 86' lang='lat' dir='ltr'>aperte</span> <span class='ocrx_word' id='word_1_103' title='bbox 1581 1260 1814 1301; x_wconf 89' lang='lat' dir='ltr'>communi-</span> 
     </span>
     <span class='ocr_line' id='line_1_15' title="bbox 355 1334 1813 1390; baseline 0 -15"><span class='ocrx_word' id='word_1_104' title='bbox 355 1334 490 1375; x_wconf 81' lang='lat' dir='ltr'>canda</span> <span class='ocrx_word' id='word_1_105' title='bbox 530 1334 749 1383; x_wconf 85' lang='lat' dir='ltr'>dixerunt,</span> <span class='ocrx_word' id='word_1_106' title='bbox 789 1349 873 1375; x_wconf 87' lang='lat' dir='ltr'>non</span> <span class='ocrx_word' id='word_1_107' title='bbox 915 1342 966 1375; x_wconf 90' lang='lat' dir='ltr'>ut</span> <span class='ocrx_word' id='word_1_108' title='bbox 1005 1335 1240 1390; x_wconf 88' lang='lat' dir='ltr'>quicquam</span> <span class='ocrx_word' id='word_1_109' title='bbox 1282 1334 1349 1374; x_wconf 86' lang='lat' dir='ltr'>his</span> <span class='ocrx_word' id='word_1_110' title='bbox 1384 1334 1529 1375; x_wconf 84' lang='lat' dir='ltr'>verbis</span> <span class='ocrx_word' id='word_1_111' title='bbox 1564 1335 1813 1375; x_wconf 89' lang='lat' dir='ltr'>moliantur.</span> 
     </span>
     <span class='ocr_line' id='line_1_16' title="bbox 359 1407 1816 1465; baseline -0.001 -15"><span class='ocrx_word' id='word_1_112' title='bbox 359 1409 566 1450; x_wconf 84' lang='lat' dir='ltr'>Oratores</span> <span class='ocrx_word' id='word_1_113' title='bbox 596 1408 878 1465; x_wconf 85' lang='lat' dir='ltr'>respondent,</span> <span class='ocrx_word' id='word_1_114' title='bbox 917 1423 960 1449; x_wconf 89' lang='lat' dir='ltr'>se</span> <span class='ocrx_word' id='word_1_115' title='bbox 994 1407 1156 1449; x_wconf 86' lang='lat' dir='ltr'>habere</span> <span class='ocrx_word' id='word_1_116' title='bbox 1195 1408 1240 1449; x_wconf 87' lang='lat' dir='ltr'>in</span> <span class='ocrx_word' id='word_1_117' title='bbox 1275 1407 1491 1448; x_wconf 88' lang='lat' dir='ltr'>mandatis</span> <span class='ocrx_word' id='word_1_118' title='bbox 1533 1423 1557 1448; x_wconf 88' lang='lat' dir='ltr'>a</span> <span class='ocrx_word' id='word_1_119' title='bbox 1592 1407 1731 1464; x_wconf 82' lang='lat' dir='ltr'>Rege,</span> <span class='ocrx_word' id='word_1_120' title='bbox 1764 1414 1816 1448; x_wconf 92' lang='lat' dir='ltr'>ut</span> 
     </span>
     <span class='ocr_line' id='line_1_17' title="bbox 356 1481 1815 1538; baseline -0.001 -15"><span class='ocrx_word' id='word_1_121' title='bbox 356 1483 476 1523; x_wconf 91' lang='lat' dir='ltr'>nullo</span> <span class='ocrx_word' id='word_1_122' title='bbox 509 1489 637 1538; x_wconf 86' lang='lat' dir='ltr'>pacto</span> <span class='ocrx_word' id='word_1_123' title='bbox 668 1482 777 1522; x_wconf 87' lang='lat' dir='ltr'>hanc</span> <span class='ocrx_word' id='word_1_124' title='bbox 798 1482 892 1522; x_wconf 90' lang='lat' dir='ltr'>fieri</span> <span class='ocrx_word' id='word_1_125' title='bbox 918 1482 1121 1536; x_wconf 79' lang='lat' dir='ltr'>injuriam</span> <span class='ocrx_word' id='word_1_126' title='bbox 1148 1481 1391 1522; x_wconf 81' lang='lat' dir='ltr'>Gallicanae</span> <span class='ocrx_word' id='word_1_127' title='bbox 1419 1481 1625 1522; x_wconf 83' lang='lat' dir='ltr'>Ecclesiae</span> <span class='ocrx_word' id='word_1_128' title='bbox 1646 1481 1815 1537; x_wconf 89' lang='lat' dir='ltr'>patian-</span> 
     </span>
     <span class='ocr_line' id='line_1_18' title="bbox 354 1553 1816 1610; baseline 0.001 -15"><span class='ocrx_word' id='word_1_129' title='bbox 354 1563 440 1603; x_wconf 87' lang='lat' dir='ltr'>tur,</span> <span class='ocrx_word' id='word_1_130' title='bbox 464 1570 564 1610; x_wconf 79' lang='lat' dir='ltr'>quae</span> <span class='ocrx_word' id='word_1_131' title='bbox 585 1569 671 1594; x_wconf 92' lang='lat' dir='ltr'>non</span> <span class='ocrx_word' id='word_1_132' title='bbox 694 1555 886 1595; x_wconf 84' lang='lat' dir='ltr'>admittit</span> <span class='ocrx_word' id='word_1_133' title='bbox 908 1555 1075 1610; x_wconf 88' lang='lat' dir='ltr'>Papam</span> <span class='ocrx_word' id='word_1_134' title='bbox 1098 1569 1189 1595; x_wconf 87' lang='lat' dir='ltr'>esse</span> <span class='ocrx_word' id='word_1_135' title='bbox 1211 1569 1345 1609; x_wconf 85' lang='lat' dir='ltr'>supra</span> <span class='ocrx_word' id='word_1_136' title='bbox 1367 1553 1623 1596; x_wconf 88' lang='lat' dir='ltr'>Concilium.</span> <span class='ocrx_word' id='word_1_137' title='bbox 1677 1555 1816 1596; x_wconf 86' lang='lat' dir='ltr'>Caete-</span> 
     </span>
     <span class='ocr_line' id='line_1_19' title="bbox 355 1625 1815 1681; baseline -0.001 -14"><span class='ocrx_word' id='word_1_138' title='bbox 355 1641 466 1673; x_wconf 90' lang='lat' dir='ltr'>rum,</span> <span class='ocrx_word' id='word_1_139' title='bbox 494 1627 537 1666; x_wconf 91' lang='lat' dir='ltr'>in</span> <span class='ocrx_word' id='word_1_140' title='bbox 558 1626 741 1681; x_wconf 87' lang='lat' dir='ltr'>reliquis</span> <span class='ocrx_word' id='word_1_141' title='bbox 761 1627 976 1675; x_wconf 89' lang='lat' dir='ltr'>omnibus,</span> <span class='ocrx_word' id='word_1_142' title='bbox 999 1641 1044 1666; x_wconf 89' lang='lat' dir='ltr'>se</span> <span class='ocrx_word' id='word_1_143' title='bbox 1068 1625 1325 1666; x_wconf 78' lang='lat' dir='ltr'>authoritati</span> <span class='ocrx_word' id='word_1_144' title='bbox 1345 1639 1561 1680; x_wconf 83' lang='lat' dir='ltr'>supremae</span> <span class='ocrx_word' id='word_1_145' title='bbox 1584 1625 1735 1681; x_wconf 85' lang='lat' dir='ltr'>Papae,</span> <span class='ocrx_word' id='word_1_146' title='bbox 1765 1631 1815 1666; x_wconf 87' lang='lat' dir='ltr'>ut</span> 
     </span>
     <span class='ocr_line' id='line_1_20' title="bbox 355 1698 1812 1756; baseline -0.001 -16"><span class='ocrx_word' id='word_1_147' title='bbox 355 1700 500 1756; x_wconf 83' lang='lat' dir='ltr'>quivis</span> <span class='ocrx_word' id='word_1_148' title='bbox 532 1700 660 1748; x_wconf 81' lang='lat' dir='ltr'>alius,</span> <span class='ocrx_word' id='word_1_149' title='bbox 695 1699 901 1740; x_wconf 86' lang='lat' dir='ltr'>tribuere.</span> <span class='ocrx_word' id='word_1_150' title='bbox 964 1698 1156 1739; x_wconf 85' lang='lat' dir='ltr'>Auditor</span> <span class='ocrx_word' id='word_1_151' title='bbox 1191 1698 1401 1739; x_wconf 91' lang='lat' dir='ltr'>nonnulla</span> <span class='ocrx_word' id='word_1_152' title='bbox 1437 1713 1490 1739; x_wconf 88' lang='lat' dir='ltr'>ex</span> <span class='ocrx_word' id='word_1_153' title='bbox 1524 1705 1717 1754; x_wconf 89' lang='lat' dir='ltr'>tempore</span> <span class='ocrx_word' id='word_1_154' title='bbox 1749 1713 1812 1739; x_wconf 87' lang='lat' dir='ltr'>re-</span> 
     </span>
     <span class='ocr_line' id='line_1_21' title="bbox 354 1771 1813 1828; baseline -0.001 -14"><span class='ocrx_word' id='word_1_155' title='bbox 354 1773 538 1828; x_wconf 77' lang='lat' dir='ltr'>plicavit</span> <span class='ocrx_word' id='word_1_156' title='bbox 568 1772 621 1813; x_wconf 89' lang='lat' dir='ltr'>de</span> <span class='ocrx_word' id='word_1_157' title='bbox 650 1787 819 1812; x_wconf 88' lang='lat' dir='ltr'>summa</span> <span class='ocrx_word' id='word_1_158' title='bbox 848 1772 1036 1812; x_wconf 88' lang='lat' dir='ltr'>Romani</span> <span class='ocrx_word' id='word_1_159' title='bbox 1068 1771 1289 1812; x_wconf 90' lang='lat' dir='ltr'>Pontificis</span> <span class='ocrx_word' id='word_1_160' title='bbox 1323 1771 1368 1811; x_wconf 90' lang='lat' dir='ltr'>in</span> <span class='ocrx_word' id='word_1_161' title='bbox 1399 1786 1545 1812; x_wconf 88' lang='lat' dir='ltr'>omnes</span> <span class='ocrx_word' id='word_1_162' title='bbox 1576 1777 1813 1827; x_wconf 88' lang='lat' dir='ltr'>potestate:</span> 
     </span>
     <span class='ocr_line' id='line_1_22' title="bbox 354 1844 1813 1900; baseline -0.001 -14"><span class='ocrx_word' id='word_1_163' title='bbox 354 1845 443 1893; x_wconf 88' lang='lat' dir='ltr'>sed,</span> <span class='ocrx_word' id='word_1_164' title='bbox 478 1845 685 1900; x_wconf 89' lang='lat' dir='ltr'>quoniam</span> <span class='ocrx_word' id='word_1_165' title='bbox 717 1845 895 1900; x_wconf 84' lang='lat' dir='ltr'>longius</span> <span class='ocrx_word' id='word_1_166' title='bbox 927 1845 1119 1900; x_wconf 89' lang='lat' dir='ltr'>spatium</span> <span class='ocrx_word' id='word_1_167' title='bbox 1154 1859 1205 1885; x_wconf 89' lang='lat' dir='ltr'>ea</span> <span class='ocrx_word' id='word_1_168' title='bbox 1230 1859 1297 1885; x_wconf 87' lang='lat' dir='ltr'>res</span> <span class='ocrx_word' id='word_1_169' title='bbox 1328 1845 1599 1900; x_wconf 87' lang='lat' dir='ltr'>requirebat,</span> <span class='ocrx_word' id='word_1_170' title='bbox 1634 1844 1813 1893; x_wconf 88' lang='lat' dir='ltr'>addidit,</span> 
     </span>
     <span class='ocr_line' id='line_1_23' title="bbox 355 1918 1811 1973; baseline 0 -15"><span class='ocrx_word' id='word_1_171' title='bbox 355 1919 514 1959; x_wconf 87' lang='lat' dir='ltr'>multos</span> <span class='ocrx_word' id='word_1_172' title='bbox 546 1918 704 1958; x_wconf 89' lang='lat' dir='ltr'>Patres</span> <span class='ocrx_word' id='word_1_173' title='bbox 737 1924 781 1958; x_wconf 91' lang='lat' dir='ltr'>ct</span> <span class='ocrx_word' id='word_1_174' title='bbox 809 1918 1096 1973; x_wconf 86' lang='lat' dir='ltr'>peritissimos</span> <span class='ocrx_word' id='word_1_175' title='bbox 1133 1918 1361 1966; x_wconf 85' lang='lat' dir='ltr'>affirmare,</span> <span class='ocrx_word' id='word_1_176' title='bbox 1393 1932 1444 1958; x_wconf 88' lang='lat' dir='ltr'>ea</span> <span class='ocrx_word' id='word_1_177' title='bbox 1473 1918 1609 1959; x_wconf 83' lang='lat' dir='ltr'>verba</span> <span class='ocrx_word' id='word_1_178' title='bbox 1638 1918 1811 1959; x_wconf 90' lang='lat' dir='ltr'>nullum</span> 
     </span>
     <span class='ocr_line' id='line_1_24' title="bbox 354 1989 1814 2046; baseline 0.001 -17"><span class='ocrx_word' id='word_1_179' title='bbox 354 1989 661 2045; x_wconf 78' lang='lat' dir='ltr'>praejudicium</span> <span class='ocrx_word' id='word_1_180' title='bbox 714 1989 867 2030; x_wconf 86' lang='lat' dir='ltr'>afferre</span> <span class='ocrx_word' id='word_1_181' title='bbox 912 1990 1087 2030; x_wconf 88' lang='lat' dir='ltr'>illorum</span> <span class='ocrx_word' id='word_1_182' title='bbox 1131 1989 1333 2046; x_wconf 86' lang='lat' dir='ltr'>opinioni,</span> <span class='ocrx_word' id='word_1_183' title='bbox 1382 1989 1587 2045; x_wconf 89' lang='lat' dir='ltr'>quoniam</span> <span class='ocrx_word' id='word_1_184' title='bbox 1627 1989 1814 2045; x_wconf 85' lang='lat' dir='ltr'>intelligi</span> 
     </span>
     <span class='ocr_line' id='line_1_25' title="bbox 356 2060 1812 2118; baseline -0.001 -15"><span class='ocrx_word' id='word_1_185' title='bbox 356 2070 540 2118; x_wconf 87' lang='lat' dir='ltr'>possunt</span> <span class='ocrx_word' id='word_1_186' title='bbox 574 2061 627 2102; x_wconf 91' lang='lat' dir='ltr'>de</span> <span class='ocrx_word' id='word_1_187' title='bbox 662 2062 902 2103; x_wconf 86' lang='lat' dir='ltr'>universali</span> <span class='ocrx_word' id='word_1_188' title='bbox 937 2062 1137 2103; x_wconf 88' lang='lat' dir='ltr'>Ecclesia</span> <span class='ocrx_word' id='word_1_189' title='bbox 1172 2061 1466 2109; x_wconf 82' lang='lat' dir='ltr'>distributive,</span> <span class='ocrx_word' id='word_1_190' title='bbox 1505 2069 1724 2117; x_wconf 89' lang='lat' dir='ltr'>quatenus</span> <span class='ocrx_word' id='word_1_191' title='bbox 1757 2060 1812 2102; x_wconf 89' lang='lat' dir='ltr'>ad</span> 
     </span>
     <span class='ocr_line' id='line_1_26' title="bbox 355 2137 1815 2194; baseline -0.002 -15"><span class='ocrx_word' id='word_1_192' title='bbox 355 2138 602 2194; x_wconf 84' lang='lat' dir='ltr'>singulares</span> <span class='ocrx_word' id='word_1_193' title='bbox 634 2137 855 2179; x_wconf 89' lang='lat' dir='ltr'>Ecclesias</span> <span class='ocrx_word' id='word_1_194' title='bbox 886 2139 1087 2187; x_wconf 86' lang='lat' dir='ltr'>refertur,</span> <span class='ocrx_word' id='word_1_195' title='bbox 1116 2153 1200 2179; x_wconf 90' lang='lat' dir='ltr'>non</span> <span class='ocrx_word' id='word_1_196' title='bbox 1229 2144 1378 2178; x_wconf 90' lang='lat' dir='ltr'>autem</span> <span class='ocrx_word' id='word_1_197' title='bbox 1411 2137 1651 2185; x_wconf 87' lang='lat' dir='ltr'>collective,</span> <span class='ocrx_word' id='word_1_198' title='bbox 1683 2142 1815 2192; x_wconf 88' lang='lat' dir='ltr'>prout</span> 
     </span>
     <span class='ocr_line' id='line_1_27' title="bbox 354 2208 1813 2267; baseline -0.001 -15"><span class='ocrx_word' id='word_1_199' title='bbox 354 2213 397 2253; x_wconf 91' lang='lat' dir='ltr'>in</span> <span class='ocrx_word' id='word_1_200' title='bbox 433 2210 607 2267; x_wconf 78' lang='lat' dir='ltr'>Synodo</span> <span class='ocrx_word' id='word_1_201' title='bbox 639 2211 882 2266; x_wconf 88' lang='lat' dir='ltr'>reperitur:</span> <span class='ocrx_word' id='word_1_202' title='bbox 924 2210 1004 2252; x_wconf 90' lang='lat' dir='ltr'>hac</span> <span class='ocrx_word' id='word_1_203' title='bbox 1036 2211 1150 2251; x_wconf 88' lang='lat' dir='ltr'>enim</span> <span class='ocrx_word' id='word_1_204' title='bbox 1184 2210 1347 2250; x_wconf 88' lang='lat' dir='ltr'>ratione</span> <span class='ocrx_word' id='word_1_205' title='bbox 1380 2209 1551 2250; x_wconf 87' lang='lat' dir='ltr'>dixerat</span> <span class='ocrx_word' id='word_1_206' title='bbox 1582 2210 1622 2250; x_wconf 89' lang='lat' dir='ltr'>ei</span> <span class='ocrx_word' id='word_1_207' title='bbox 1653 2208 1813 2251; x_wconf 85' lang='lat' dir='ltr'>Lotha-</span> 
     </span>
     <span class='ocr_line' id='line_1_28' title="bbox 356 2282 1814 2341; baseline -0.002 -15"><span class='ocrx_word' id='word_1_208' title='bbox 356 2286 538 2341; x_wconf 85' lang='lat' dir='ltr'>ringius,</span> <span class='ocrx_word' id='word_1_209' title='bbox 573 2300 617 2326; x_wconf 90' lang='lat' dir='ltr'>se</span> <span class='ocrx_word' id='word_1_210' title='bbox 650 2285 881 2325; x_wconf 80' lang='lat' dir='ltr'>convicisse</span> <span class='ocrx_word' id='word_1_211' title='bbox 910 2284 1123 2325; x_wconf 83' lang='lat' dir='ltr'>Praelatos</span> <span class='ocrx_word' id='word_1_212' title='bbox 1159 2298 1257 2324; x_wconf 88' lang='lat' dir='ltr'>suos</span> <span class='ocrx_word' id='word_1_213' title='bbox 1299 2283 1467 2330; x_wconf 87' lang='lat' dir='ltr'>Gallos,</span> <span class='ocrx_word' id='word_1_214' title='bbox 1503 2288 1554 2323; x_wconf 90' lang='lat' dir='ltr'>ut</span> <span class='ocrx_word' id='word_1_215' title='bbox 1585 2282 1638 2323; x_wconf 88' lang='lat' dir='ltr'>iis</span> <span class='ocrx_word' id='word_1_216' title='bbox 1671 2283 1814 2324; x_wconf 88' lang='lat' dir='ltr'>verbis</span> 
     </span>
     <span class='ocr_line' id='line_1_29' title="bbox 356 2355 1814 2411; baseline -0.002 -13"><span class='ocrx_word' id='word_1_217' title='bbox 356 2358 678 2398; x_wconf 86' lang='lat' dir='ltr'>assentirentur.</span> <span class='ocrx_word' id='word_1_218' title='bbox 741 2356 907 2397; x_wconf 89' lang='lat' dir='ltr'>Verum</span> <span class='ocrx_word' id='word_1_219' title='bbox 936 2356 1145 2397; x_wconf 88' lang='lat' dir='ltr'>Oratores</span> <span class='ocrx_word' id='word_1_220' title='bbox 1176 2356 1221 2395; x_wconf 90' lang='lat' dir='ltr'>in</span> <span class='ocrx_word' id='word_1_221' title='bbox 1249 2370 1299 2396; x_wconf 93' lang='lat' dir='ltr'>eo</span> <span class='ocrx_word' id='word_1_222' title='bbox 1322 2355 1476 2396; x_wconf 86' lang='lat' dir='ltr'>acriter</span> <span class='ocrx_word' id='word_1_223' title='bbox 1497 2355 1741 2411; x_wconf 87' lang='lat' dir='ltr'>persistere,</span> <span class='ocrx_word' id='word_1_224' title='bbox 1764 2360 1814 2396; x_wconf 86' lang='lat' dir='ltr'>ut</span> 
     </span>
     <span class='ocr_line' id='line_1_30' title="bbox 356 2429 1813 2485; baseline -0.002 -13"><span class='ocrx_word' id='word_1_225' title='bbox 356 2432 527 2472; x_wconf 88' lang='lat' dir='ltr'>omnino</span> <span class='ocrx_word' id='word_1_226' title='bbox 561 2431 772 2471; x_wconf 85' lang='lat' dir='ltr'>tollantur</span> <span class='ocrx_word' id='word_1_227' title='bbox 814 2444 866 2471; x_wconf 90' lang='lat' dir='ltr'>ea</span> <span class='ocrx_word' id='word_1_228' title='bbox 902 2430 1048 2478; x_wconf 88' lang='lat' dir='ltr'>verba,</span> <span class='ocrx_word' id='word_1_229' title='bbox 1083 2429 1291 2485; x_wconf 89' lang='lat' dir='ltr'>alioquin,</span> <span class='ocrx_word' id='word_1_230' title='bbox 1326 2430 1467 2470; x_wconf 80' lang='lat' dir='ltr'>vereri</span> <span class='ocrx_word' id='word_1_231' title='bbox 1507 2445 1551 2470; x_wconf 89' lang='lat' dir='ltr'>se</span> <span class='ocrx_word' id='word_1_232' title='bbox 1591 2429 1813 2485; x_wconf 88' lang='lat' dir='ltr'>lapidibus</span> 
     </span>
     <span class='ocr_line' id='line_1_31' title="bbox 356 2501 1812 2558; baseline -0.001 -14"><span class='ocrx_word' id='word_1_233' title='bbox 356 2503 614 2549; x_wconf 86' lang='lat' dir='ltr'>obruendos,</span> <span class='ocrx_word' id='word_1_234' title='bbox 659 2503 695 2543; x_wconf 90' lang='lat' dir='ltr'>si</span> <span class='ocrx_word' id='word_1_235' title='bbox 734 2503 779 2543; x_wconf 92' lang='lat' dir='ltr'>in</span> <span class='ocrx_word' id='word_1_236' title='bbox 825 2503 1036 2551; x_wconf 88' lang='lat' dir='ltr'>Galliam,</span> <span class='ocrx_word' id='word_1_237' title='bbox 1078 2501 1158 2543; x_wconf 86' lang='lat' dir='ltr'>hac</span> <span class='ocrx_word' id='word_1_238' title='bbox 1199 2502 1399 2558; x_wconf 86' lang='lat' dir='ltr'>opinione</span> <span class='ocrx_word' id='word_1_239' title='bbox 1439 2509 1630 2558; x_wconf 88' lang='lat' dir='ltr'>recepta,</span> <span class='ocrx_word' id='word_1_240' title='bbox 1671 2516 1812 2544; x_wconf 88' lang='lat' dir='ltr'>rever-</span> 
     </span>
    </p>
   </div>
   <div class='ocr_carea' id='block_1_3' title="bbox 357 2585 1812 2705">
    <p class='ocr_par' dir='ltr' id='par_1_4' title="bbox 357 2585 1812 2705">
     <span class='ocr_line' id='line_1_32' title="bbox 357 2585 518 2618; baseline 0 0"><span class='ocrx_word' id='word_1_241' title='bbox 357 2585 518 2618; x_wconf 87' lang='lat' dir='ltr'>tantur.</span> 
     </span>
     <span class='ocr_line' id='line_1_33' title="bbox 413 2647 1812 2705; baseline -0.003 -15"><span class='ocrx_word' id='word_1_242' title='bbox 413 2650 552 2690; x_wconf 88' lang='lat' dir='ltr'>Paulo</span> <span class='ocrx_word' id='word_1_243' title='bbox 596 2655 695 2704; x_wconf 91' lang='lat' dir='ltr'>post</span> <span class='ocrx_word' id='word_1_244' title='bbox 735 2649 910 2705; x_wconf 82' lang='lat' dir='ltr'>Legati,</span> <span class='ocrx_word' id='word_1_245' title='bbox 954 2647 1301 2703; x_wconf 86' lang='lat' dir='ltr'>Senogalliensis,</span> <span class='ocrx_word' id='word_1_246' title='bbox 1344 2654 1389 2688; x_wconf 91' lang='lat' dir='ltr'>et</span> <span class='ocrx_word' id='word_1_247' title='bbox 1431 2647 1625 2688; x_wconf 88' lang='lat' dir='ltr'>Auditor</span> <span class='ocrx_word' id='word_1_248' title='bbox 1664 2660 1812 2688; x_wconf 90' lang='lat' dir='ltr'>rursus</span> 
     </span>
    </p>
   </div>
   <div class='ocr_carea' id='block_1_4' title="bbox 357 2721 1811 2850">
    <p class='ocr_par' dir='ltr' id='par_1_5' title="bbox 357 2721 1811 2850">
     <span class='ocr_line' id='line_1_34' title="bbox 357 2721 1811 2778; baseline -0.001 -14"><span class='ocrx_word' id='word_1_249' title='bbox 357 2724 412 2764; x_wconf 86' lang='lat' dir='ltr'>ad</span> <span class='ocrx_word' id='word_1_250' title='bbox 442 2723 779 2778; x_wconf 81' lang='lat' dir='ltr'>Lotharingium</span> <span class='ocrx_word' id='word_1_251' title='bbox 810 2723 1004 2770; x_wconf 89' lang='lat' dir='ltr'>mittunt,</span> <span class='ocrx_word' id='word_1_252' title='bbox 1038 2728 1087 2763; x_wconf 88' lang='lat' dir='ltr'>ut</span> <span class='ocrx_word' id='word_1_253' title='bbox 1118 2737 1168 2762; x_wconf 90' lang='lat' dir='ltr'>eo</span> <span class='ocrx_word' id='word_1_254' title='bbox 1202 2721 1386 2763; x_wconf 89' lang='lat' dir='ltr'>authore</span> <span class='ocrx_word' id='word_1_255' title='bbox 1421 2722 1544 2763; x_wconf 89' lang='lat' dir='ltr'>Galli</span> <span class='ocrx_word' id='word_1_256' title='bbox 1578 2738 1602 2763; x_wconf 88' lang='lat' dir='ltr'>a</span> <span class='ocrx_word' id='word_1_257' title='bbox 1630 2722 1811 2778; x_wconf 89' lang='lat' dir='ltr'>pristino</span> 
     </span>
     <span class='ocr_line' id='line_1_35' title="bbox 358 2794 1808 2850; baseline -0.001 -15"><span class='ocrx_word' id='word_1_258' title='bbox 358 2796 529 2835; x_wconf 76' lang='lat' dir='ltr'>consilio</span> <span class='ocrx_word' id='word_1_259' title='bbox 570 2801 838 2836; x_wconf 75' lang='lat' dir='ltr'>avertantur.</span> <span class='ocrx_word' id='word_1_260' title='bbox 904 2795 984 2836; x_wconf 89' lang='lat' dir='ltr'>Ille</span> <span class='ocrx_word' id='word_1_261' title='bbox 1022 2794 1182 2850; x_wconf 87' lang='lat' dir='ltr'>repetit</span> <span class='ocrx_word' id='word_1_262' title='bbox 1216 2794 1492 2843; x_wconf 82' lang='lat' dir='ltr'>Oratoribus,</span> <span class='ocrx_word' id='word_1_263' title='bbox 1526 2795 1808 2837; x_wconf 78' lang='lat' dir='ltr'>constitutum</span> 
     </span>
    </p>
   </div>
  </div>
 </body>
</html>
