1905 3254
363 270 445 309 210
995 285 1103 316 sess.
1129 286 1187 316 vr.

362 405 443 430 non
475 390 735 431 miscendam
760 406 851 432 esse
874 406 972 432 cum
995 391 1096 431 vino
1122 390 1166 430 in
1190 390 1331 439 calice,
1369 404 1417 430 eo
1453 389 1570 446 quod
1593 390 1649 431 sit
1672 396 1817 431 contra

364 460 526 502 Christi
549 462 891 503 institutionem:
927 461 1176 503 Anathema
1200 462 1266 503 sit.

419 534 537 575 Hinc
565 535 633 576 die
668 535 692 577 7
720 537 994 592 Septembris
1016 536 1242 577 sententiae
1264 536 1447 576 Patrum
1483 536 1624 591 repeti
1656 543 1816 592 coeptae

361 615 476 657 sunt,
520 610 597 664 qui
641 625 738 650 cum
784 617 885 650 ante
920 610 1238 650 Granatensem
1273 623 1419 649 omnes
1454 608 1679 664 proposita
1713 610 1818 650 satis

361 682 689 737 approbassent,
736 682 1022 723 Granatensis
1065 682 1158 737 ipse
1192 681 1324 737 longa
1360 682 1555 722 oratione
1594 681 1816 723 Canonem

360 755 540 795 tertium
577 756 675 796 tolli
704 755 1004 803 contendebat,
1039 762 1133 795 tum
1171 755 1277 810 quia
1310 754 1457 810 aptius
1489 753 1545 794 ad
1576 769 1815 796 sacramen-

358 833 451 868 tum
497 828 657 868 ordinis
705 829 958 884 pertineret,
1006 835 1100 868 tum
1147 827 1253 883 quia
1299 842 1383 867 non
1428 833 1543 867 certo
1587 834 1813 875 constaret,

357 900 644 941 sacerdotium
663 916 687 941 a
705 901 880 942 Christo
901 900 987 941 illis
1000 900 1144 941 verbis
1160 899 1297 940 fuisse
1320 899 1569 939 institutum
1586 916 1595 947 ;
1619 900 1663 940 in
1682 914 1814 955 quam

357 987 447 1013 rem
462 973 693 1013 Nicolaum
711 973 746 1013 C
753 973 991 1023 abasillam,
1005 979 1048 1014 et
1062 973 1102 1013 S.
1119 972 1405 1019 Germanum,
1420 978 1462 1012 et
1472 971 1756 1027 Hesychium,
1772 979 1816 1013 et

357 1046 414 1086 D.
434 1047 590 1088 Thom.
615 1047 779 1095 attulit,
803 1048 980 1095 aientes,
1017 1053 1119 1087 tunc
1152 1045 1388 1101 Apostolos
1418 1045 1662 1086 sacerdotes
1693 1046 1815 1086 insti-

357 1127 487 1169 tutos,
521 1137 618 1162 cum
649 1120 812 1161 dictum
846 1120 943 1167 fuit,
978 1120 1159 1175 accipite
1183 1119 1398 1174 Spiritum
1421 1119 1655 1167 Sanctum3
1688 1123 1815 1174 cujus

355 1193 401 1232 in
422 1191 602 1232 dicendo
640 1192 866 1247 prolixitas
900 1206 1106 1248 magnam
1132 1191 1379 1231 hominibus
1400 1190 1718 1245 suspectionem
1740 1189 1812 1231 de-

357 1265 494 1313 derat,
516 1266 690 1320 longam
709 1265 822 1306 inter
845 1265 949 1306 alios
971 1265 1333 1320 disceptationem
1370 1263 1655 1304 excitandam.
1712 1263 1813 1304 Pla-

356 1339 447 1379 cuit
466 1345 610 1379 tamen
633 1338 794 1378 divinae
817 1338 1097 1393 benignitati,
1132 1345 1182 1378 ut
1214 1338 1388 1392 reliqui,
1426 1338 1577 1393 paucis
1606 1337 1812 1392 exceptis,

356 1411 432 1466 qui
459 1411 720 1452 Granatensi
744 1412 1107 1466 subscripserunt,
1146 1410 1400 1451 brevissime
1422 1411 1508 1450 sint
1529 1410 1690 1450 locuti:
1725 1425 1812 1465 quo

354 1483 517 1524 factum
553 1491 630 1531 est,
669 1491 717 1524 ut
751 1500 800 1525 eo
833 1484 922 1524 solo
956 1483 1026 1524 die
1059 1484 1249 1523 omnium
1272 1483 1498 1523 sententiis
1520 1483 1618 1523 finis
1639 1482 1807 1523 dehinc¹

355 1557 411 1598 sit
432 1558 676 1613 impositus,
700 1557 985 1612 doctrinaque
1009 1572 1105 1597 cum
1130 1556 1384 1597 Canonibus
1416 1571 1577 1612 magno
1599 1572 1809 1597 consensu

355 1631 613 1686 approbata,
639 1629 903 1686 quibusdam
918 1637 1064 1670 tamen
1082 1629 1334 1677 observatis,
1350 1629 1470 1685 quod
1486 1630 1609 1670 facile
1632 1637 1810 1686 possent

351 1701 607 1742 im1nutari.²
670 1702 951 1757 Segobiensis
984 1701 1110 1750 enim,
1144 1701 1223 1741 ubi
1256 1701 1300 1741 in
1337 1700 1533 1742 doctrina
1567 1701 1809 1750 dicebatur,

353 1775 610 1815 sacrificium
632 1775 773 1815 missae
795 1774 940 1815 offerri
962 1790 1041 1830 pro
1064 1774 1159 1814 aliis
1179 1774 1525 1823 necessitatibus,
1548 1774 1627 1816 hoe
1647 1775 1808 1831 impro-

353 1847 505 1896 babat,
530 1863 625 1889 cum
661 1848 759 1888 hinc
796 1847 1188 1903 superstitionibus
1221 1854 1354 1903 atque
1393 1848 1606 1889 abusibus
1639 1848 1808 1890 aditum

352 1919 515 1960 diceret
537 1920 697 1976 aperiri
716 1936 723 1960 :
747 1921 888 1961 missae
906 1920 1020 1960 enim
1043 1920 1295 1961 sacrificium
1313 1935 1393 1975 pro
1412 1922 1602 1975 peccatis
1621 1928 1807 1970 tantum,

353 2000 487 2048 atque
508 1993 570 2034 ira
593 1993 679 2033 Dei
701 1993 927 2049 placanda,
951 1993 1108 2041 offerri,
1145 2008 1229 2034 non
1265 1992 1465 2034 humanis
1499 1994 1592 2034 aliis
1623 1995 1810 2050 negotiis

350 2068 518 2116 nostris,
552 2068 691 2110 veluti
722 2083 802 2124 pro
834 2068 948 2108 felici
983 2074 1143 2108 eventu
1174 2074 1443 2115 mercaturae,
1481 2075 1524 2109 et
1558 2068 1808 2116 fertilitatis,

354 2156 431 2196 pro
454 2155 663 2197 prospera
684 2141 980 2197 navigatione,
1006 2148 1082 2181 aut
1102 2156 1183 2195 pro
1204 2141 1465 2182 invenienda
1485 2157 1531 2182 re
1549 2142 1807 2190 substracta,

352 2222 428 2255 aut
452 2214 496 2255 id
528 2230 668 2270 genus
691 2215 798 2261 aliis,
833 2214 952 2270 quod
973 2215 1241 2255 mulierculae
1268 2215 1408 2256 facere
1440 2215 1589 2256 solent.
1653 2216 1806 2266 Quem,

350 2287 449 2328 licet
471 2289 632 2328 omncs3
655 2287 743 2328 sere
764 2288 917 2328 Patres
938 2287 1025 2328 sint
1047 2288 1198 2335 secuti,
1217 2289 1387 2328 caeteri⁴
1409 2295 1555 2329 tamen
1577 2303 1688 2344 pure
1711 2287 1807 2328 doc-

350 2361 503 2402 trinam
527 2362 783 2417 probavere.
845 2361 947 2411 Qua
968 2360 1021 2401 de
1038 2376 1098 2408 re,
1112 2361 1302 2405 maxima
1322 2361 1606 2402 admiratione
1629 2376 1677 2401 ac
1697 2361 1807 2402 laeti-

350 2434 411 2473 tia
432 2449 578 2474 omnes
599 2440 700 2474 sunt
723 2433 878 2481 affecti,
895 2440 1060 2474 tantam
1077 2434 1190 2474 inter
1213 2448 1284 2474 eos
1302 2448 1355 2474 ex
1377 2433 1615 2489 improviso
1636 2448 1807 2474 consen-

349 2509 509 2548 sionem
552 2521 598 2547 ac
636 2508 897 2547 brevitatem
936 2507 1145 2554 extitisse,
1185 2521 1376 2562 vereque
1413 2521 1562 2547 omnes
1597 2521 1806 2563 cognove-

349 2587 451 2620 runt
477 2580 671 2635 Spiritus
695 2579 839 2620 Sancti
862 2579 1048 2635 gratiam
1070 2579 1156 2619 illis
1173 2594 1223 2620 eo
1245 2578 1315 2620 die
1339 2578 1545 2619 adfuisse.

394 2675 402 2693 1
430 2669 477 2698 De
495 2668 552 2705 his,
572 2668 641 2699 MS.
1166 2666 1179 2684 ⁵
1204 2668 1373 2704 Immitari,
1392 2667 1463 2698 MS.

369 2754 373 2757 Ι
390 2719 402 2736 ³
428 2719 585 2750 Videlicet
610 2725 642 2749 at
668 2718 775 2757 length
803 2719 835 2748 iu
861 2718 911 2748 the
935 2718 1005 2749 MS.
1018 2730 1026 2756 ;
1053 2728 1161 2749 omnes
1176 2729 1273 2749 seems
1288 2723 1318 2748 to
1337 2718 1372 2748 be
1388 2718 1533 2760 required
1550 2718 1592 2758 by
1608 2718 1659 2748 the
1674 2724 1805 2760 sequent

349 2769 421 2798 fere.

392 2821 404 2837 ⁴
426 2820 562 2849 Tamum
583 2821 606 2850 is
622 2820 690 2850 bere
708 2820 852 2850 inserted.
