1905 3254
363 269 442 310 138
998 281 1108 311 sess.
1132 281 1192 312 iv.

359 393 521 435 eisdem
537 391 806 448 Apostolieae
825 390 948 432 Sedis
969 390 1139 445 legatis,
1165 394 1347 445 propter
1369 387 1509 428 varias
1530 386 1815 435 difficultates,

360 481 414 506 ex
448 465 633 506 diversis
667 463 808 505 causis
842 468 1027 510 exortas,
1060 468 1196 517 atque
1230 460 1375 507 etiam,
1412 464 1463 499 ut
1495 458 1817 513 congruentius,
1872 478 1874 513 ζ

361 539 605 595 majorique
633 552 729 578 cum
760 535 1089 583 deliberatione,
1122 534 1268 575 omnia
1300 531 1551 589 procedant,
1586 545 1741 586 nempe
1770 537 1820 572 ut
1872 534 1877 585 ξ,

361 613 571 669 dogmata
606 626 703 652 cum
745 610 797 651 iis
833 624 933 665 quae
970 607 1024 649 ad
1060 606 1412 649 reformationem
1454 610 1652 661 spectant
1692 604 1820 645 simul

362 693 605 728 tractentur
627 692 672 726 et
693 683 950 730 sanciantur,
976 697 1027 723 ea
1049 697 1148 737 quae
1171 679 1405 722 statuenda
1427 679 1709 726 videbuntur,
1733 684 1819 719 tam

362 760 416 801 de
439 758 744 800 reformatione
767 771 899 812 quam
932 754 986 797 de
1018 754 1302 811 dogmatibus
1333 754 1377 794 in
1405 751 1604 808 proxima
1625 750 1820 796 sessione,

363 849 494 890 quam
519 833 719 874 omnibus
742 829 894 871 indicit
914 830 957 869 in
980 829 1094 869 diem
1116 827 1167 868 16
1189 826 1496 883 subsequentis
1518 825 1675 866 mensis
1697 823 1727 864 J
1732 823 1822 872 ulii,

362 906 608 949 definienda
631 920 724 947 esse
746 904 953 945 decrevit.
1018 901 1117 943 Hoc
1138 908 1284 943 tamen
1315 900 1498 958 adjecto,
1522 898 1639 955 quod
1663 897 1822 938 dictum

363 980 599 1021 terminum
623 979 720 1035 ipsa
744 978 906 1018 Sancta
935 975 1137 1032 Synodus
1166 989 1246 1030 pro
1277 975 1371 1031 ejus
1405 973 1586 1015 arbitrio
1609 978 1653 1013 et
1675 971 1824 1012 volun-

364 1060 467 1102 tate,
502 1053 631 1094 sicuti
673 1052 806 1093 rebus
849 1049 1032 1091 Concilii
1073 1049 1304 1104 putaverit
1345 1047 1567 1104 expedire,
1612 1046 1744 1088 etiam
1784 1045 1825 1085 in

366 1126 565 1185 generali
606 1124 962 1181 Congregatione
1009 1122 1274 1178 restringere
1317 1128 1361 1162 et
1403 1134 1641 1176 prorogare
1688 1119 1826 1160 libere

366 1202 515 1258 possit,
540 1207 584 1242 et
608 1200 768 1241 valeat.

422 1274 584 1313 Omnes
607 1272 759 1312 Patres
780 1269 1114 1326 responderunt,
1132 1270 1292 1315 Placet,
1312 1268 1506 1323 exceptis
1527 1266 1825 1321 infrascriptis.

424 1346 477 1386 R.
502 1344 559 1385 D.
585 1343 954 1399 Archiepiscopus
987 1342 1415 1383 Granatensis-non
1450 1340 1608 1396 placet,
1651 1346 1830 1396 propter

367 1420 555 1461 rationes
575 1417 739 1473 positas
772 1416 816 1456 in
841 1415 1071 1463 schedula,
1106 1430 1238 1471 quam
1262 1413 1440 1455 exhibet
1463 1420 1507 1454 ct
1529 1414 1640 1469 petit
1662 1413 1765 1468 poni
1788 1413 1831 1453 in

368 1492 494 1533 Actis
517 1489 714 1531 Concilii.
779 1488 994 1530 Schedula
1028 1494 1175 1529 autem
1206 1486 1298 1528 haee
1327 1486 1590 1535 continebat,
1615 1486 1714 1533 viz.,
1737 1485 1832 1527 heri

367 1567 411 1607 in
460 1565 653 1621 generali
700 1562 1054 1619 Congregatione
1097 1561 1201 1608 dixi,
1251 1561 1490 1601 Decretum
1532 1560 1705 1615 placere
1748 1560 1831 1601 sub

369 1640 496 1681 certis
529 1637 859 1683 conditionibus,
894 1651 1002 1691 quas
1043 1636 1086 1675 in
1118 1649 1221 1675 voce
1253 1649 1350 1675 mea
1395 1633 1588 1674 adhibui.
1654 1634 1751 1675 Scio
1789 1641 1832 1675 et

370 1714 512 1763 video,
544 1728 630 1761 eas,
674 1727 752 1753 nee
794 1711 899 1758 dari,
935 1725 1014 1751 nec
1055 1709 1301 1766 adimpleri,
1335 1708 1434 1750 ideo
1474 1723 1587 1749 nunc
1617 1708 1828 1764 displicet.

370 1789 418 1829 P.
445 1787 744 1829 Granatensis.

427 1859 907 1917 Ragusinus—Placet,
931 1873 1028 1899 cum
1046 1872 1098 1898 ea
1114 1857 1370 1904 conditione,
1395 1856 1512 1912 quod
1533 1863 1833 1913 proponantur

370 1935 513 1975 omnia
534 1948 585 1974 ea
608 1948 708 1988 quae
732 1938 921 1973 tractata
943 1936 1042 1972 sunt
1065 1946 1090 1971 a
1106 1930 1314 1971 Patribus
1335 1930 1379 1970 in
1401 1929 1699 1985 superioribus
1722 1929 1832 1971 Con-

372 2007 720 2064 grcgationibus,
757 2012 800 2048 et
835 2005 952 2046 dicta
983 2019 1061 2060 per
1093 2004 1238 2060 ipsum
1271 2004 1314 2044 in
1341 2004 1555 2059 superiori
1579 2003 1831 2061 Congrega-

369 2083 498 2123 tione.

432 2154 930 2200 Braca1·e11sis—Placet,
965 2167 1064 2193 cum
1087 2151 1247 2193 eisdem
1272 2151 1591 2193 conditionibus
1608 2151 1734 2193 dictis
1756 2165 1834 2207 per

375 2229 428 2270 R.
453 2229 509 2269 D.
534 2228 809 2284 Ragusinum
831 2244 838 2267 :
872 2227 980 2268 alias
1002 2241 1086 2267 non
1111 2226 1270 2282 placet.

434 2301 904 2349 Geriueiisis—Placet,
928 2299 1047 2356 quod
1068 2300 1373 2355 exprimantur
1392 2299 1633 2341 tractanda.

435 2374 741 2421 Messanensis,
766 2374 822 2414 ab
844 2373 898 2414 iis
920 2387 1019 2428 quae
1042 2373 1085 2412 in
1109 2373 1268 2414 ultima
1300 2379 1343 2414 et
1370 2372 1626 2414 immediata
1658 2387 1833 2429 congrc⁶

377 2450 565 2506 gatione,
590 2448 715 2497 dixit,
738 2446 957 2502 sequendo
975 2446 1027 2486 R.
1047 2445 1105 2487 D.
1126 2447 1459 2494 Granatensem,
1482 2461 1565 2487 non
1582 2445 1835 2494 recedendo,

377 2539 458 2564 non
481 2524 625 2579 placet
645 2522 900 2569 Decretum,
934 2526 1029 2561 tum
1053 2520 1158 2575 quia
1180 2535 1256 2561 nee
1288 2535 1538 2577 expressam
1561 2535 1638 2561 seu
1661 2520 1835 2560 tacitam

377 2595 745 2637 continuationem
778 2593 910 2649 hujus
945 2592 1064 2633 Sacri
1101 2592 1287 2633 Concilii
1329 2592 1577 2633 Tridentini
1610 2591 1834 2648 significat,

376 2672 509 2723 juxta
541 2667 741 2708 ultimam
777 2666 1008 2707 sessionem
1047 2665 1241 2721 ejusdem
1280 2664 1463 2706 Concilii
1505 2679 1593 2705 xxv
1636 2663 1837 2705 Januarii

382 2740 603 2789 MDLII„
628 2747 721 2780 tum
745 2739 892 2787 etiam,
928 2738 1033 2793 quia
1055 2737 1108 2778 de
1142 2737 1381 2778 residentia
1412 2737 1702 2778 Praelatorum
1727 2751 1752 2777 a
1773 2741 1836 2777 tot

381 2812 588 2853 Patribus
620 2813 811 2853 omnium
843 2811 1067 2852 nationum
1105 2811 1260 2865 petita,
1295 2825 1378 2850 non
1410 2816 1474 2850 est
1506 2825 1603 2865 spes
1625 2808 1835 2851 tractandi
