1905 3254
352 252 433 293 170
992 266 1105 296 sEss.
1134 266 1174 294 v.

345 376 414 417 hic
437 373 559 430 apud
579 387 726 414 omnes
748 373 892 429 gratia
913 378 956 413 et
978 371 1220 412 authoritas
1242 385 1328 412 non
1356 371 1544 421 omittit3
1575 385 1660 411 non
1681 370 1803 413 defu-

346 456 468 490 turos
502 446 746 504 permultos
780 446 846 486 illi
883 445 1212 493 addictissimos,
1247 445 1325 500 qui
1356 444 1465 486 hanc
1498 445 1564 485 illi
1597 444 1803 499 injuriam

345 522 529 569 illatam,
570 520 646 574 (sic
687 520 802 560 enim
837 518 1282 574 interpretabuntur)
1327 518 1498 574 magnis
1533 517 1720 566 assidue,
1758 533 1806 559 ac

345 594 469 635 novis
490 592 760 635 tumultibus
782 592 929 632 ulcisci
950 591 1215 641 molientur,
1249 590 1399 632 adhaec
1427 594 1621 646 conjecta
1640 591 1685 630 in
1706 605 1804 631 eum

344 669 646 725 improborum
667 667 899 708 maledicta
921 666 1101 714 diluere,
1134 681 1438 722 summamque
1460 670 1498 721 ej
1507 681 1556 706 us
1578 666 1804 714 virtutem,

345 742 643 799 prudentiam,
680 748 814 796 atque
846 740 1150 795 integritatem
1182 754 1520 780 commemorare
1543 754 1626 780 non
1655 745 1804 788 cessat,

345 822 592 871 caeteraque
617 815 685 855 Stis
715 829 806 855 suae
828 814 965 854 oculis
986 813 1215 869 subjicere,
1240 813 1402 869 quibus
1421 814 1465 854 in
1487 818 1585 869 ers
1616 813 1805 870 gratiam

345 888 515 929 facilius
544 886 794 928 reducatur.
858 886 972 927 Haec
993 902 1092 928 cum
1117 886 1420 927 cardinalium
1442 888 1610 943 aliquot
1625 886 1805 943 judicio,

346 968 480 1017 atque
518 961 573 1001 ab
605 961 702 1001 aliis
723 961 902 1016 optimis
924 960 1028 1001 viris
1049 975 1208 1016 magno
1231 975 1407 1001 assensu
1429 961 1803 1010 confirmarentur,

344 1041 394 1075 ut
429 1035 505 1090 qui
537 1049 592 1075 ex
620 1034 859 1076 Mantuani
890 1033 1083 1075 discessu
1105 1034 1327 1089 publicam
1348 1048 1440 1075 rem
1463 1034 1506 1074 in
1527 1033 1691 1074 difficili
1712 1033 1805 1074 loco

343 1108 530 1162 positam
551 1107 892 1162 perspiciebant,
915 1106 1038 1147 facile
1060 1106 1158 1147 hinc
1182 1106 1252 1146 Smi
1282 1107 1463 1154 animus,
1493 1106 1569 1161 qui
1601 1105 1656 1146 ad
1688 1119 1806 1146 man-

345 1177 623 1219 suetudinem
646 1193 693 1218 ac
714 1178 958 1219 bonitatem
980 1193 1226 1234 propensus
1247 1185 1355 1226 erat,
1379 1178 1462 1219 fuit
1483 1179 1524 1219 ei
1539 1178 1804 1219 conciliatus.

349 1251 508 1306 Itaque
536 1250 717 1305 posthac
748 1266 895 1291 secum
925 1251 1193 1292 constituens
1226 1251 1351 1292 illum
1389 1267 1414 1292 a
1444 1251 1629 1307 pristina
1662 1251 1806 1306 Lega-

346 1324 462 1364 tione
503 1323 680 1364 minime
721 1338 811 1364 esse
853 1323 1179 1371 dimittendum,
1222 1324 1541 1371 benevolentiae
1594 1339 1641 1364 ac
1681 1323 1808 1364 officii

346 1397 497 1453 plenas
531 1395 588 1437 ad
628 1411 728 1437 eum
768 1396 920 1436 literas
956 1410 1089 1436 manu
1121 1410 1201 1436 sua
1233 1397 1480 1445 conscribit,
1527 1397 1688 1452 quibus
1720 1412 1807 1438 non

346 1469 548 1511 hortatur
578 1469 731 1518 solum,
764 1475 815 1509 ut
845 1468 1097 1509 inchoatum
1118 1468 1291 1509 noviter
1313 1469 1514 1510 absolvat
1535 1484 1708 1519 nanS,
1732 1469 1808 1510 sed

348 1558 467 1584 sacro
499 1543 632 1583 etiam
666 1542 721 1583 ad
749 1542 794 1583 id
818 1557 919 1582 eum
943 1541 1205 1582 obedientiae
1228 1542 1401 1582 vinculo
1424 1541 1671 1599 adstringit.
1733 1542 1809 1584 Ad

347 1632 419 1657 eos
451 1616 584 1656 etiam
619 1616 848 1663 Praelatos,
882 1615 959 1670 qui
980 1615 1129 1655 literas
1149 1614 1205 1655 ad
1226 1630 1327 1655 eum
1349 1614 1402 1656 de
1423 1615 1659 1657 residentia
1678 1616 1808 1658 dede-

344 1696 457 1737 rant,
490 1690 625 1730 breve
657 1689 867 1730 conscribi
887 1688 1079 1736 mandat,
1101 1688 1546 1745 Lancianensemque,
1578 1690 1647 1730 cui
1666 1690 1806 1731 literae

344 1762 413 1803 hae
446 1777 593 1802 omnes
630 1761 904 1818 perferendae
941 1761 1113 1810 dantur,
1151 1762 1258 1817 quid
1292 1762 1373 1803 hac
1406 1762 1459 1804 de
1499 1777 1545 1803 re
1577 1769 1672 1804 tum
1708 1778 1805 1804 cum

346 1835 604 1883 Mantuano,
623 1841 717 1875 tum
740 1849 840 1875 cum
861 1834 1058 1876 Praelatis
1079 1835 1167 1875 illis
1199 1835 1343 1876 verbis
1364 1835 1454 1876 suis
1477 1850 1608 1892 agere
1630 1836 1804 1885 debeat,

344 1908 576 1964 diligenter
594 1908 780 1949 instruit.
1059 1964 1062 1966 -

404 1981 690 2028 Mantuanus,
728 1980 806 2020 ubi
840 1995 893 2021 ex
929 1980 1000 2021 Smi
1031 1967 1170 2021 literis
1203 1986 1366 2021 certam
1387 1985 1482 2037 ejus
1514 1982 1804 2032 voluntatem,

344 2053 548 2108 idemque
570 2068 623 2094 ex
644 2053 953 2094 Lancianensis
974 2067 1171 2094 sermone
1206 2053 1472 2109 amplissime
1508 2054 1630 2095 videt
1659 2057 1804 2097 confir-

346 2126 468 2174 mari,
505 2126 698 2181 satisque
731 2141 810 2181 per
840 2141 884 2167 se
918 2126 1137 2181 intelligit,
1171 2141 1215 2166 se
1249 2125 1346 2167 hinc
1383 2127 1586 2177 abeunte,
1620 2131 1806 2186 majores

346 2198 469 2239 facile
503 2199 729 2240 tumultus
763 2198 1122 2246 commovendos,¹
1163 2213 1319 2254 anceps
1354 2200 1487 2240 animi
1525 2201 1673 2242 statim
1716 2203 1805 2257 pri-

347 2279 469 2313 vatas
500 2287 646 2314 omnes
677 2287 829 2313 causas
859 2271 1122 2327 deponebat,
1156 2278 1289 2328 atque
1324 2273 1441 2328 quod
1475 2274 1568 2314 Smus
1598 2275 1806 2317 Pontifex

345 2344 538 2393 mandat,
571 2359 624 2385 ex
655 2345 920 2400 Sanetaeque
940 2345 1054 2386 Eccae
1082 2360 1165 2386 usu
1186 2347 1242 2386 sit
1264 2347 1464 2387 futurum
1489 2347 1688 2388 alacriter
1708 2362 1805 2403 pro-

345 2418 616 2474 sequendum
639 2418 873 2459 constituit.
937 2417 1050 2468 Quae
1077 2433 1180 2459 vero
1206 2434 1254 2459 ac
1286 2420 1559 2461 residentiam
1593 2427 1804 2477 spectant,

347 2507 443 2532 cum
466 2492 506 2533 ei
526 2491 848 2539 Lancianensis,
872 2506 1004 2546 quam
1028 2491 1158 2532 valde
1182 2493 1260 2532 Sm⁰
1282 2493 1374 2534 Νῖο
1397 2493 1516 2535 cordi
1537 2495 1634 2541 sint,
1658 2509 1802 2550 quove

347 2564 519 2605 consilio
553 2564 779 2619 negotium
808 2563 887 2605 hoc
921 2563 1096 2605 tractari
1127 2579 1253 2618 posse
1280 2572 1420 2620 putet,
1451 2566 1686 2612 retulisset,
1709 2572 1802 2606 tan-

347 2636 456 2685 dem,
492 2651 577 2677 non
612 2636 842 2677 defuturas
877 2637 1019 2677 varias
1058 2636 1247 2677 rationes
1288 2637 1451 2686 subdit,
1488 2638 1661 2691 quibUS,
1703 2652 1797 2676 curv-

348 2716 522 2764 tempus
554 2709 648 2756 erit,
687 2724 739 2749 ex
779 2708 847 2749 his
878 2709 1086 2750 fiuctibus
1130 2710 1298 2764 emergi
1339 2709 1482 2766 possit·
1559 2705 1643 2745 Per
1676 2702 1780 2734 ‘uem

550 2790 557 2808 ¹
584 2791 649 2820 The
666 2792 734 2821 MS.
751 2791 819 2821 here
836 2791 944 2821 inserts
959 2791 1396 2831 minimos‚-superflu0=>01y‚
1411 2793 1442 2812 3⁵
1458 2790 1592 2821 appears·
