1905 3254
339 260 418 299 168
972 270 1080 301 SESS.
1108 270 1146 298 v,

337 381 478 436 Reipae
507 379 606 420 Of-is
630 384 776 434 partes
798 384 915 433 agat.
979 375 1104 416 Idem
1132 381 1176 415 et
1196 373 1407 414 Praelatos
1427 371 1587 412 multos
1608 369 1790 411 Venetae

335 452 509 493 ditionis
545 465 713 491 summa
756 449 1066 505 pervicacitate
1108 447 1251 487 moliri
1291 444 1583 500 conqueritur.
1657 442 1792 483 Porro

338 525 486 566 Ca1·d‘³⁵
507 524 737 565 nonnullos
753 523 979 570 Praelatos,
1001 522 1195 576 itemque
1217 518 1464 575 Theologos
1479 517 1663 559 minores
1681 516 1793 556 inter

337 614 380 640 se
402 598 646 639 deliberare
680 596 870 643 mandat,
905 594 1023 650 quod
1048 593 1128 634 hac
1147 593 1190 633 in
1211 607 1257 633 re
1279 607 1333 633 ex
1356 592 1409 632 ΒΞ
1433 591 1545 631 Eccae
1569 586 1792 630 commodo

337 687 384 712 ac
406 670 724 726 tranquillitate
759 668 960 708 futurum
983 672 1153 722 putent,
1184 665 1342 705 etenim
1371 678 1517 704 onmes
1539 662 1608 702 Smi
1629 661 1791 717 cogita-

336 745 499 785 tiones¹
525 741 702 784 tendere
739 740 1018 787 videbantur,
1052 745 1104 779 ut
1140 737 1313 778 Christae
1339 735 1480 791 Reipae
1508 733 1791 775 consulerent.

336 817 507 858 Eodem
530 815 618 857 fere
651 821 846 869 tempore
881 811 1023 852 Cardis
1049 811 1270 857 Moronus,
1295 824 1423 864 quem
1445 822 1608 865 magna
1637 812 1730 847 erat
1751 806 1795 846 in

339 888 510 944 Synodo
550 887 695 942 opinio
735 901 830 926 cum
872 884 939 925 his
979 883 1223 924 residentiae
1265 880 1552 935 complicibus
1591 879 1645 919 de
1681 878 1793 919 Jure

336 961 484 1002 divino
520 963 802 1006 concurrere,2
842 955 1194 1013 quandoquidem
1235 954 1511 1009 Episcopum
1549 951 1792 999 Sutrinum,

337 1038 432 1089 ejus
467 1048 521 1074 ex
553 1047 697 1073 sorore
726 1037 944 1087 nepotem,
968 1029 1238 1084 Archiepum
1261 1027 1552 1082 Ragusinum,
1581 1031 1624 1066 et
1644 1025 1792 1081 Epum

338 1107 633 1148 Mutinensem
657 1104 796 1145 eidem
820 1103 1002 1144 Morono
1030 1100 1408 1158 conjunctissimos,
1442 1098 1653 1139 videbant
1683 1112 1792 1152 prae-

337 1181 488 1235 cipuos
528 1180 595 1220 hic
636 1193 727 1219 esse
762 1177 897 1232 hujus
937 1161 1162 1216 seritentiae
1198 1172 1402 1214 authores
1441 1187 1488 1212 ac
1520 1171 1793 1227 impulsores,

337 1252 534 1307 duplices
564 1259 720 1291 nactus
756 1250 1011 1295 occasiones,
1036 1254 1085 1287 ut
1107 1253 1200 1287 erat
1220 1246 1284 1286 vir
1306 1245 1686 1301 prudentissimus,
1708 1243 1795 1284 huc

335 1325 483 1365 literas
515 1322 756 1364 conscribit.
821 1321 874 1361 In
909 1321 1053 1361 alteris
1087 1319 1142 1360 ad
1174 1319 1321 1374 Epum
1354 1316 1792 1372 Justinopolitanum,

339 1397 527 1438 maxime
567 1410 717 1437 eorum
759 1394 939 1435 damnat
980 1392 1217 1439 consilium,
1251 1391 1327 1446 qui
1362 1390 1471 1430 hanc
1508 1390 1795 1445 quaestionem

338 1471 530 1526 ingentis
572 1469 766 1510 fomitem
807 1469 851 1508 in
885 1468 926 1508 S.
964 1467 1099 1507 Eccam
1127 1465 1351 1507 discordiae
1392 1465 1499 1505 adeo
1539 1463 1796 1518 praefracte³

339 1544 498 1584 fovent.
564 1543 616 1584 In
654 1542 815 1589 alteris,
852 1541 950 1596 Epo
984 1539 1164 1580 Sutrino
1196 1538 1446 1585 rescribens,
1477 1536 1587 1577 hanc
1623 1540 1718 1591 ejus
1752 1542 1796 1576 et

338 1618 606 1672 reliquorum
643 1615 775 1655 animi
810 1613 1147 1654 obstinationem
1185 1611 1293 1651 mire
1333 1609 1627 1666 reprehendit,
1662 1624 1796 1665 seque

340 1688 479 1735 valde,
511 1688 547 1727 si
578 1687 622 1726 in
654 1686 730 1726 hoc
762 1685 836 1726 ille
869 1684 1092 1740 proposito
1119 1683 1371 1738 perstiterit,
1405 1683 1523 1738 quod
1557 1681 1796 1723 Catholicae

339 1760 540 1816 religioni
562 1760 734 1800 omnino
755 1758 1045 1813 perniciosum
1065 1764 1207 1812 putat,
1230 1757 1441 1798 offensum
1461 1758 1529 1805 iri,
1551 1756 1751 1797 ostendit.

396 1834 670 1874 Mantuanus
692 1838 853 1879 autem,
888 1831 966 1871 ubi
988 1831 1139 1871 laesum
1163 1830 1260 1870 hinc
1282 1829 1441 1870 summi
1463 1829 1685 1870 Pontificis
1708 1829 1795 1869 ani-

340 1921 471 1953 mum,
495 1905 886 1959 confirmatumque
904 1907 999 1958 ejus
1020 1902 1230 1943 adversus
1246 1917 1290 1943 se
1304 1902 1534 1958 judicium,
1556 1902 1795 1943 multorum

338 1978 477 2019 literis
512 1985 555 2018 et
599 1977 718 2017 fama
748 1976 938 2031 denique
970 1976 1068 2031 ipsa
1100 1976 1148 2015 fit
1183 1976 1349 2022 certior,
1391 1975 1622 2031 indignum
1669 1981 1798 2030 putat

341 2051 524 2092 nominis
548 2051 613 2091 sui
635 2049 866 2105 splendore
890 2057 1023 2104 atque
1051 2049 1267 2105 dignitate
1300 2049 1468 2090 diutius
1498 2056 1563 2090 tot
1599 2048 1797 2089 crimina-

342 2125 511 2166 tionum
536 2124 706 2164 aculeos
728 2123 959 2171 sustinere,
977 2129 1129 2177 totque
1151 2122 1467 2163 malevolorum
1484 2121 1582 2162 telis
1603 2120 1799 2176 quotidie

341 2198 587 2254 expositum
631 2198 791 2244 vivere,
829 2196 977 2237 scribit
1015 2196 1105 2243 ΞΜ,
1137 2211 1182 2236 se
1214 2195 1424 2236 hactenus
1454 2210 1603 2236 omnes
1634 2195 1799 2251 ingenii

341 2285 495 2311 nervos
526 2271 570 2310 in
604 2269 859 2310 Sanctitatis
895 2283 986 2308 suae
1022 2267 1230 2314 studium,
1269 2282 1316 2308 ac
1351 2267 1419 2307 Stae
1449 2267 1581 2307 Ecclae
1616 2281 1798 2308 commo-

342 2343 446 2383 dum
469 2343 710 2383 contulisse.
760 2342 891 2390 Hinc,
916 2348 1149 2396 postquam
1172 2347 1352 2381 conatus
1371 2340 1514 2381 irritos
1532 2354 1799 2395 operamque

345 2417 436 2471 ejus
457 2416 603 2455 minus
632 2415 696 2454 illi
717 2421 936 2469 acceptam
975 2428 1066 2454 esse
1100 2413 1320 2469 perspicit,
1355 2427 1513 2468 cupere
1543 2412 1627 2453 sibi
1657 2411 1799 2452 ‹limit-

342 2488 461 2529 tendi
482 2488 617 2544 hujus
639 2487 832 2528 muneris
854 2493 1117 2542 potestatem
1149 2486 1255 2527 dari.
1320 2485 1495 2526 Pridem
1519 2501 1563 2527 se
1591 2486 1800 2526 fratribus

347 2561 547 2602 omnibus
579 2575 632 2602 ex
664 2560 911 2601 rationibus
946 2560 1052 2600 alias
1087 2574 1112 2600 a
1144 2563 1206 2599 se4
1240 2559 1491 2614 significatis
1525 2558 1656 2599 fidem
1691 2558 1799 2598 obli-

343 2636 477 2688 gasse,
506 2633 821 2688 permissurum
854 2648 910 2681 se,
943 2632 1225 2688 quaestionem
1259 2631 1312 2672 de
1344 2631 1579 2672 residentia
1607 2631 1700 2672 loco
1721 2645 1800 2672 suo

442 2736 450 2754 ³
476 2738 563 2767 Smae.
579 2737 774 2775 cognitionis,
794 2737 865 2768 MS.
965 2737 977 2754 ²
1000 2738 1065 2767 'she
1080 2737 1164 2767 word
1178 2747 1306 2777 appears
1322 2742 1353 2767 to
1369 2737 1405 2767 be
1421 2747 1505 2767 corre
1519 2737 1552 2767 in
1567 2736 1618 2766 the
1634 2736 1704 2767 MS.

488 2790 501 2807 ³
526 2790 682 2828 Praesecte,
699 2790 769 2820 MS.
900 2792 912 2808 4
937 2791 1003 2821 The
1022 2791 1091 2820 MS.
1110 2790 1163 2820 has
1177 2789 1231 2828 ee,
1245 2790 1295 2819 the
1313 2790 1505 2820 contractiori
1521 2790 1567 2820 for
1579 2800 1646 2819 esse.

1900 2900 1905 3254 ——A—-m—.
1900 2614 1905 2885 *μ-ῌΨ-
1900 2302 1905 2608 .--..-.-.-.,-,-.
1900 1808 1905 2295 ψ.-..--..-...->Α,-.ᾲ-.,..--.-,.,.--
1901 1754 1905 1802 «--
1901 1715 1905 1747 -,.
1900 1686 1905 1707 .-
1898 1039 1905 1675 ..ω-Μ--ψ-ω--σψἯη-ς-ιῃ-μ-ςηη
1898 980 1905 1032 mz-„n
