1905 3254
672 289 785 321 sess.
810 290 885 321 vu.
1423 279 1499 320 491

56 409 197 452 prece,
218 395 406 436 maxima
427 394 690 445 humilitate,
713 398 819 453 quia
846 397 973 438 Deus
994 398 1197 453 superbis
1231 399 1403 447 resistit,
1426 399 1505 440 hu-

53 467 229 509 milibus
251 475 396 510 autem
419 467 496 509 dat
519 469 720 525 gratiam.
784 469 913 519 Quod
934 470 969 510 si
988 469 1188 517 humiles,
1209 471 1434 512 unanimes
1455 486 1504 513 ac

0 541 1 555 ¹
53 539 280 581 concordes
298 540 469 582 fueritis
485 540 612 594 (duce
630 540 799 596 Spiritu
816 541 1012 594 Sancto),
1027 543 1171 583 omnia
1192 543 1302 584 bene
1325 550 1368 585 et
1387 550 1503 586 recte

51 611 295 668 perficietis,
312 612 500 654 fructum
516 613 786 654 uberrimum
807 612 999 654 Ecclesia
1017 613 1104 654 Dei
1125 629 1179 654 ex
1201 621 1266 655 tot
1282 615 1502 670 perieulis,

0 695 1 698 ’
50 683 193 740 longis
222 685 468 734 itineribus,
503 685 726 725 laboribus
763 692 807 725 et
843 685 1050 741 impensis
1082 687 1232 726 vestris
1274 688 1500 742 percipiet.

49 757 114 799 Et
135 772 212 798 vos
231 757 380 799 lumen
400 756 619 813 quoddam
648 772 859 813 magnum
882 763 924 798 ct
946 757 1228 799 clarissimum
1251 759 1439 800 scientiae
1460 766 1504 801 et

47 828 251 871 doctrinae
286 829 540 877 accendetis,
575 836 706 885 atque
740 830 783 869 in
816 829 903 870 alto
935 830 1211 872 collocabitis.
1275 831 1350 872 Ad
1385 832 1505 888 quod

45 915 131 943 non
162 902 302 943 solum
333 903 379 950 ii,
408 902 485 958 qui
515 917 629 943 nunc
665 902 836 950 vivunt,
860 901 935 942 sed
969 903 1099 944 etiam
1133 904 1295 958 posteri
1327 919 1500 945 cursum

47 974 151 1015 vitae
185 989 276 1015 suae
317 974 557 1031 dirigentes
592 975 859 1016 tutissimum
894 975 1050 1016 salutis
1086 981 1259 1030 portum
1296 976 1501 1018 facillime

44 1046 270 1088 tenebunt.
334 1045 458 1087 Deus
491 1053 638 1087 autem
667 1053 849 1102 propter
871 1062 946 1088 vos
967 1047 1153 1087 maxime
1176 1047 1438 1089 laudabitur
1459 1055 1502 1090 et

46 1119 375 1176 glorificabitur,
399 1126 443 1160 et
472 1134 547 1160 vos
576 1120 770 1175 ejusdem
794 1119 937 1160 laudis
959 1120 1193 1175 participes
1214 1121 1335 1161 eritis
1356 1121 1399 1161 in
1420 1121 1500 1163 hac

43 1193 151 1241 vita,
174 1200 220 1234 et
250 1198 349 1248 post
378 1192 488 1233 hanc
510 1193 643 1233 vitam
677 1177 858 1248 gloriam
887 1192 1227 1234 immortalitatis
1254 1193 1498 1235 immarces-

42 1263 213 1305 sibilem
238 1264 471 1322 accipietis:

101 1336 315 1377 Salutatis
335 1335 415 1377 hac
435 1336 652 1377 occasione
675 1336 895 1384 Patribus,
918 1336 1133 1391 brevique
1155 1351 1276 1377 mora
1296 1336 1498 1378 Tridenti

42 1409 311 1465 interposita,
331 1409 541 1450 Moronus
562 1409 709 1449 statim
728 1408 768 1447 in
788 1408 1088 1464 OEnopontem
1107 1408 1312 1450 mandato
1329 1409 1498 1449 Summi

43 1481 270 1522 Pontificis
305 1481 360 1522 ad
395 1481 614 1522 Caesarem
649 1479 943 1537 progreditur.
1007 1480 1064 1528 Is,
1099 1481 1317 1521 memoriae
1351 1496 1494 1528 causa,

42 1555 213 1610 aliquot
253 1561 424 1596 tantum
459 1569 605 1596 rerum
642 1554 862 1610 capitibus
898 1554 953 1594 ab
990 1554 1209 1596 Auditore
1246 1555 1497 1610 conscriptis

40 1642 185 1669 secum
219 1628 478 1684 desumptis,
499 1627 715 1668 neminem
758 1642 811 1668 ex
853 1626 1060 1667 Patribus
1096 1642 1238 1668 secum
1278 1642 1328 1667 eo
1361 1627 1495 1668 dedu-

39 1699 223 1742 cendum
245 1701 433 1756 putavit,
457 1706 507 1740 ut
534 1704 673 1755 major
694 1699 733 1740 ei
754 1714 848 1740 curn
876 1699 1048 1739 Caesare
1071 1698 1124 1738 de
1154 1699 1287 1739 rebus
1311 1699 1496 1740 Concilii

41 1779 190 1814 acturo
222 1771 329 1813 fides
360 1771 661 1821 adhiberetur,
685 1771 763 1827 qui
797 1786 849 1812 ex
887 1771 1018 1812 animi
1050 1770 1307 1811 conscientia
1341 1778 1494 1826 sponte

39 1859 120 1887 sua
149 1845 315 1886 nullius
345 1846 584 1886 instructus
605 1845 778 1886 consilio
800 1845 1117 1900 affectibusque
1139 1858 1374 1900 persuasus
1395 1859 1493 1884 cum

37 1933 90 1961 eo
117 1919 385 1976 colloquium
414 1919 625 1968 haberet;
658 1918 845 1960 subinde
874 1926 1019 1959 tamen
1044 1917 1286 1958 Castellius
1309 1917 1492 1958 Concilii

38 1993 266 2035 Promotor
297 1992 352 2034 ad
386 2008 485 2034 eum
519 1993 676 2033 missus
709 1992 811 2040 fuit,
846 1998 910 2040 ut,
939 1992 973 2032 si
1008 1991 1113 2046 quid
1143 2005 1256 2046 opus
1285 1997 1408 2039 esset,
1438 1990 1492 2032 de

38 2064 170 2106 rebus
192 2071 322 2106 antea
342 2066 449 2106 actis
470 2065 642 2121 plenius
664 2065 981 2106 admoneretur.

95 2139 200 2180 Post
233 2143 330 2193 ejus
363 2139 612 2188 discessum,
640 2140 774 2180 frater
807 2140 853 2180 P.
884 2139 1014 2179 Sotus
1041 2136 1352 2177 Dominicanus
1373 2135 1490 2176 The-

37 2209 201 2267 ologus‚
219 2226 245 2252 a
262 2211 443 2252 Summo
459 2211 668 2252 Pontifice
685 2211 770 2252 huc
785 2211 955 2257 missus,
974 2222 1133 2263 magna
1149 2208 1216 2248 vir
1232 2205 1489 2254 eruditione,

37 2296 86 2324 ac
98 2283 218 2339 apud
233 2298 382 2325 omnes
393 2284 728 2331 existimatione,
745 2282 1011 2324 obdormivit
1033 2282 1075 2321 in
1095 2280 1297 2321 Domino.
1344 2278 1387 2318 Is
1403 2279 1489 2334 pri-

34 2353 194 2412 dieque
216 2363 459 2397 moreretur
479 2356 626 2398 literas
643 2355 854 2412 quasdam
878 2354 933 2395 ad
956 2352 1284 2394 Sanctissimum
1305 2350 1488 2392 dictasse

36 2426 270 2478 ferebatur,
302 2443 412 2484 quas
447 2428 632 2471 fideliter
665 2434 871 2484 exceptas
909 2426 1139 2467 Generalis
1174 2423 1488 2465 Dominieanus

36 2499 290 2550 affirmabat,
313 2501 475 2557 quibus
504 2502 789 2542 Sanctitatem
823 2514 946 2540 suam
975 2497 1248 2544 hortabatur,
1272 2501 1322 2536 ut
1352 2510 1378 2536 a
1410 2496 1486 2551 Sy-

34 2571 146 2614 nodo
176 2572 268 2615 haec
297 2574 519 2630 praecipue
549 2573 718 2615 definiri
751 2577 936 2618 curaret,
961 2571 1043 2610 viz.
1069 2569 1305 2624 Episcopos
1334 2581 1425 2608 esse
1461 2582 1488 2608 a

30 2642 210 2686 'Christo
223 2645 460 2694 institutos,
477 2647 696 2703 subjectos
713 2652 856 2687 tamen
874 2644 1053 2685 Summo
1071 2640 1293 2691 Pontifici3
1317 2640 1485 2696 Papam

34 2730 124 2759 esse
145 2733 281 2774 supra
300 2719 556 2761 Concilium.
