1905 3254
376 320 458 361 322
996 336 1105 366 sess.
1130 336 1206 366 vn.

438 443 553 484 Cum
585 448 731 484 autem
767 442 917 483 divina
948 456 1016 483 res
1050 443 1118 489 sit,
1154 448 1243 482 tam
1274 442 1412 483 sancti
1434 441 1671 483 Sacerdotii
1692 440 1826 481 admi—

377 517 589 565 nistratio,
626 522 960 558 consentaneum
993 515 1090 563 fuit,
1129 530 1215 571 quo
1243 515 1433 572 dignius,
1468 522 1512 557 et
1543 515 1698 571 majori
1729 528 1827 555 cum

378 589 658 630 veneratione
688 588 879 630 exerceri
905 594 1067 644 posset,
1100 594 1149 628 ut
1178 588 1223 628 in
1254 587 1462 628 Ecclesiae
1494 586 1827 627 ordinatissimae

377 661 657 717 dispositione
691 661 843 716 plures
876 667 919 702 et
949 660 1109 702 diversi
1141 666 1283 701 essent
1314 660 1610 701 ministrorum
1644 658 1826 704 ordines,

378 734 456 790 qui
478 733 725 775 Sacerdotio
757 747 810 775 ex
842 733 978 774 officio
1009 733 1289 779 deservirent,
1323 733 1384 774 ita
1415 732 1656 779 distributi,
1680 738 1731 774 ut
1752 730 1829 786 qui

373 811 465 863 Jam
497 807 541 848 in
567 813 725 848 sortem
757 806 848 846 Dni
877 807 1019 847 vocati
1050 812 1200 853 essent,
1233 820 1313 862 per
1344 806 1530 847 minores
1556 804 1611 845 ad
1641 807 1826 861 majores

377 880 681 922 ascenderent:
712 894 811 920 nam
834 879 948 920 infra
970 878 1283 925 Sacerdotium,
1307 885 1350 919 et
1371 878 1424 918 de
1440 877 1658 926 Diaconis,
1682 878 1826 918 Sacrae

380 952 541 993 Literae
583 958 779 1007 apertam
815 950 1074 991 mentionem
1107 950 1272 990 faciunt
1284 966 1295 999 3
1338 956 1381 990 et
1413 949 1615 997 maxime,
1649 963 1748 1003 quae
1781 949 1827 988 in

375 1025 549 1066 illorum
572 1024 840 1066 ordinatione
872 1023 1134 1065 attendenda
1158 1030 1272 1071 sunt,
1300 1023 1566 1079 gravissimis
1587 1023 1732 1064 verbis
1752 1022 1825 1063 do-

374 1104 483 1146 cent,
505 1105 550 1140 et
585 1098 640 1139 ab
672 1098 767 1154 ipso
797 1097 911 1138 Eecae
943 1096 1065 1137 initio
1097 1096 1375 1152 sequentium
1407 1095 1608 1136 ordinum
1639 1095 1825 1141 nomina,

375 1179 508 1227 atque
547 1186 695 1212 eorum
727 1171 911 1227 singulis
945 1170 1124 1226 propria
1155 1169 1407 1216 ministeria,
1442 1167 1693 1209 subdiaconi
1723 1167 1827 1216 scil.,

374 1245 595 1303 Acolythi,
637 1245 893 1290 Exorcistae,
928 1244 1136 1289 Lectoris,
1169 1250 1212 1284 et
1246 1242 1441 1291 Ostiarii,
1478 1242 1824 1298 frequentissime

375 1318 495 1375 apud
516 1319 671 1359 Patres
691 1324 735 1358 et
757 1317 886 1358 Sacra
909 1316 1105 1357 Concilia
1125 1316 1327 1372 legimus.

433 1392 636 1447 Insuper,
673 1405 771 1432 eum
813 1390 1053 1445 Scripturae
1090 1390 1336 1431 testimonio
1366 1395 1410 1430 et
1441 1389 1556 1430 Eccae
1588 1389 1824 1431 traditione

372 1465 652 1523 perspicuum
670 1464 737 1512 sit,
762 1470 939 1505 externo
961 1464 1086 1519 signo
1103 1464 1297 1504 sensibili
1319 1462 1525 1512 ordinem,
1540 1463 1615 1518 qui
1635 1470 1827 1518 potestas

372 1537 615 1594 spiritualis
648 1542 726 1584 est,
761 1543 804 1577 et
838 1536 1026 1591 gratiam
1059 1536 1256 1583 conferri,
1290 1535 1490 1576 dubitare
1527 1550 1651 1576 nemo
1679 1535 1823 1584 debet,

370 1609 683 1651 ordinationem
705 1625 806 1651 vere
828 1616 870 1650 et
890 1608 1065 1664 proprie
1097 1623 1188 1649 esse
1209 1624 1343 1648 unum
1366 1623 1420 1649 ex
1441 1615 1607 1664 septem
1632 1609 1696 1649 ΞΜ
1716 1609 1828 1655 ΕοοΞΕ

374 1683 673 1724 Sacramentis.
737 1682 790 1723 In
825 1697 875 1723 eo
906 1682 1019 1722 enim
1053 1681 1280 1737 praecipua
1312 1682 1533 1723 sensibilia
1561 1683 1688 1738 signa
1709 1690 1823 1732 sunt,

372 1756 557 1797 materia
597 1762 642 1797 et
681 1756 831 1804 forma,
887 1755 1050 1810 quibus
1090 1755 1287 1795 Ecclesia
1329 1754 1554 1796 Catholiea
1595 1770 1620 1796 a
1654 1755 1822 1811 Spiritu

372 1831 527 1872 Sancto
548 1830 703 1877 docta,¹
728 1828 784 1871 ad
815 1828 1073 1869 invisibilem
1107 1829 1293 1884 gratiam
1317 1828 1642 1884 significandam
1664 1835 1707 1870 et
1729 1843 1823 1870 con-

371 1904 607 1952 ferendam,
631 1910 681 1944 ut
703 1903 937 1951 consuevit,
965 1901 1177 1956 [docuit].2
1226 1902 1426 1942 Gratiam
1450 1915 1550 1942 vero
1570 1901 1649 1942 hoe
1673 1902 1824 1943 Sacra-

370 1982 516 2017 mento
548 1975 732 2016 conferri
766 1976 870 2015 satis
904 1979 996 2030 Jam
1030 1989 1085 2015 ex
1120 1973 1271 2014 eadem
1305 1973 1465 2028 Apliea
1501 1973 1746 2023 traditione,
1779 1981 1824 2015 et

370 2050 504 2091 Prum
536 2049 729 2090 omnium
764 2062 969 2088 consensu
1002 2053 1047 2088 et
1080 2047 1371 2087 Sacrosanctae
1396 2045 1605 2087 Ecclesiae
1628 2061 1821 2103 compro-

370 2122 525 2164 batum
547 2128 624 2163 est.

429 2195 650 2236 Praeterea
669 2199 815 2234 sancta
828 2191 1029 2248 Synodus
1049 2192 1252 2241 declarat,
1275 2191 1394 2247 quod
1409 2206 1579 2248 semper
1597 2191 1823 2234 Catholica

370 2268 568 2309 Ecclesia
600 2267 792 2323 agnovit,
818 2272 860 2307 et
892 2272 1141 2306 sanctorum
1175 2266 1359 2306 Patrum
1388 2265 1649 2306 auctoritate
1680 2266 1820 2306 firma-

370 2348 464 2382 tum
488 2347 566 2389 est,
593 2340 768 2382 Ordinis
799 2345 1117 2380 sacramentum
1150 2338 1261 2379 illud
1292 2353 1388 2379 cum
1420 2338 1637 2393 baptismo
1662 2345 1705 2379 et
1726 2353 1821 2379 con-

370 2414 610 2455 firmatione
631 2427 856 2454 commune
877 2411 1050 2458 habere,
1083 2418 1133 2452 ut
1156 2410 1443 2452 characterem
1464 2412 1713 2467 imprimat3
1746 2412 1822 2466 qui

370 2486 478 2527 adeo
499 2487 612 2527 fixus
632 2492 675 2527 et
701 2484 934 2526 immobilis
966 2485 1121 2524 animae
1153 2483 1303 2531 haeret,
1328 2490 1376 2524 ut
1402 2483 1537 2525 deleri
1559 2484 1630 2525 vel
1658 2484 1821 2524 auferri

368 2560 490 2600 nulla
522 2560 688 2600 ratione
721 2558 882 2614 possit:
915 2572 1051 2613 quare
1088 2557 1242 2598 merito
1274 2556 1517 2597 damnanda
1549 2563 1614 2597 est
1644 2557 1819 2597 illorum

368 2633 594 2680 sententia,
619 2632 693 2687 qui
723 2637 936 2680 asserunt,
959 2630 1060 2671 novi
1083 2630 1354 2670 Testamenti
1377 2630 1619 2671 sacerdotes
1651 2636 1817 2684 tempo-

368 2707 523 2747 rariam
556 2706 859 2747 tantummodo
891 2711 1151 2761 potestatem
1171 2703 1345 2749 habere,
1370 2719 1417 2744 ac
1439 2704 1573 2745 semel
1594 2704 1677 2744 rite
1701 2702 1819 2744 ordi-

538 2835 545 2852 ¹
574 2836 681 2869 Recta,
699 2834 767 2865 MS.
1126 2832 1137 2849 ²
1159 2833 1251 2863 Some
1266 2832 1342 2863 such
1358 2833 1441 2863 word
1458 2834 1482 2863 is
1500 2833 1646 2872 wanting.
