1905 3254
682 323 794 354 SEss.
819 323 896 354 vn.
1433 308 1517 351 307

114 422 294 464 Postero
334 423 404 464 die
437 439 534 465 cum
569 425 887 482 Lotharingius
921 441 1009 466 una
1045 441 1142 467 eum
1174 426 1434 468 Oratoribus
1469 434 1514 468 et

57 494 259 536 Praelatis
294 497 385 536 suis
421 496 538 538 domi
561 496 838 539 cardinalem
873 499 1182 548 Mantuanum,
1219 500 1514 555 praesentibus

58 567 151 608 aliis
176 568 372 624 Legaffls,
406 584 477 610 eos
513 569 738 610 salutandi
772 585 902 612 causa
940 572 1220 620 convenisset,
1254 573 1394 614 multa
1414 588 1511 628 per—

55 638 303 681 humaniter
325 641 378 681 de
401 642 568 695 optima
588 657 668 682 sua
690 657 796 697 erga
818 649 1009 683 sanctam
1038 644 1260 698 Synodum
1284 646 1512 687 voluntate

56 725 104 751 ae
124 712 268 753 studio
289 714 504 768 exposuit,
524 713 715 755 subdens
736 729 796 763 se,
815 730 911 755 cum
935 717 1126 770 primum
1148 731 1286 771 pauca
1308 717 1512 772 quaedam

54 783 98 823 in
121 784 292 840 Synodo
320 787 494 827 nomine
526 787 664 842 Regis
686 787 753 827 sui
773 787 996 836 netulerit,
1028 803 1256 843 personam
1289 790 1511 845 publicam

53 857 321 906 relicturum,
339 866 383 900 et
400 861 569 915 reliqua
583 860 845 901 Oratoribus
858 861 1012 916 Regiis
1030 862 1200 917 agenda
1216 862 1511 913 dimissurum,

53 944 187 986 seque
227 931 431 988 deinceps
470 939 679 988 tanquam
724 933 949 988 privatum
999 933 1067 975 hic
1110 942 1322 983 acturum,
1373 952 1512 993 eaque

54 1002 209 1044 sedulo
230 1012 496 1055 curatarum,
519 1020 617 1061 quae
646 1005 701 1046 ad
723 1006 894 1046 Sanctae
916 1006 1128 1047 Ecclesiae
1150 1009 1512 1063 tranquillitatem

54 1081 99 1115 et
130 1076 401 1117 commodum
435 1078 697 1132 pertineant,
731 1084 866 1132 atque
891 1077 1014 1118 Sedis
1036 1078 1298 1133 Apostolicae
1330 1080 1512 1121 auctori-

54 1154 192 1190 tatem
225 1148 333 1189 nihil
366 1149 555 1199 laedant3
589 1165 747 1206 cupere
769 1165 813 1190 se
835 1150 1012 1206 quidem
1036 1158 1079 1191 et
1102 1151 1258 1191 Gallos
1279 1167 1438 1200 omneS‚
1462 1160 1512 1194 ut

53 1221 105 1262 de
125 1223 427 1264 reformatione
450 1223 621 1278 aliquid
648 1239 734 1264 non
757 1224 943 1279 vulgare
974 1229 1208 1272 statuatur,
1241 1227 1446 1280 quoniam
1468 1226 1514 1267 id

53 1311 204 1337 eorum
221 1296 378 1352 Regno
395 1296 636 1352 plurimum
659 1297 713 1337 sit
734 1297 1028 1351 profuturum.
1074 1298 1186 1348 Quae
1208 1299 1347 1340 oratio
1367 1300 1517 1341 multis

52 1368 181 1409 officii
213 1369 587 1425 benignitatisque
619 1369 763 1409 verbis
798 1377 1019 1418 exornata,
1053 1371 1135 1411 etsi
1164 1386 1367 1427 magnam
1395 1387 1517 1428 spem

53 1441 394 1497 tranquillitatis
416 1441 569 1482 afferre
588 1441 839 1490 videbatur,
862 1457 946 1482 non
968 1449 1142 1497 poterat
1164 1450 1310 1484 tamen
1330 1459 1385 1486 ex
1406 1445 1516 1486 mul-

52 1520 194 1555 torum
218 1515 372 1555 animis
392 1515 583 1570 suspicio
604 1515 748 1563 evelli,
781 1530 880 1555 eum
904 1515 995 1556 alta
1016 1523 1059 1557 et
1080 1517 1326 1571 periculosa
1347 1518 1490 1559 moliri
1503 1535 1514 1567 3

51 1601 153 1628 nam
187 1593 231 1628 et
261 1586 479 1628 Lansachi
514 1587 709 1628 Oratoris
743 1588 912 1628 animus
945 1589 1094 1638 multis
1129 1604 1173 1630 se
1200 1590 1245 1630 in
1271 1591 1403 1632 rebus
1430 1605 1515 1631 non

53 1659 161 1700 adeo
195 1660 423 1700 remissum
458 1659 729 1709 ostenderat3
763 1667 805 1701 et
837 1676 934 1701 cum
972 1663 1153 1703 Praelati
1188 1663 1262 1703 alii
1296 1663 1425 1704 multi
1460 1679 1514 1706 ex

54 1732 206 1773 Gallia
242 1730 477 1772 adventuri
509 1731 770 1780 dicerentur,
802 1747 887 1773 non
919 1734 1057 1774 otiosa
1088 1734 1180 1774 haec
1213 1737 1514 1791 commigratio

52 1802 118 1845 his
139 1804 408 1844 turbulentis
429 1804 472 1844 in
496 1804 647 1844 Gallia
668 1804 940 1859 temporibus
961 1806 1313 1848 existimabatur.

111 1876 230 1917 Inter
262 1883 440 1917 caeteros
479 1884 628 1916 autem
665 1876 741 1931 qui
773 1876 1114 1932 Lotharingium
1151 1878 1413 1919 Tridentum
1450 1894 1514 1920 se-

54 1949 183 2005 quuti
213 1949 389 1990 fuerant
423 1950 580 1990 Abbas
620 1956 713 1990 erat
756 1949 1106 1994 Clarevallensis,
1148 1951 1224 2005 qui
1255 1951 1394 1993 locum
1430 1953 1514 1994 sibi

53 2029 154 2064 ante
170 2023 368 2063 Abbates
392 2022 669 2062 Cassinenses
691 2022 733 2062 in
757 2022 929 2077 Synodo
952 2022 1123 2063 decerni
1146 2024 1363 2077 postulat3
1397 2026 1515 2080 quod

54 2094 246 2137 ordinem
271 2110 397 2136 suum
431 2095 719 2150 antiquiorem
751 2111 843 2136 esse
876 2095 1037 2136 diceret
1071 2095 1417 2145 cassinensibus,
1439 2113 1516 2139 nec

53 2182 152 2208 vere
174 2182 246 2208 eos
267 2182 291 2208 a
313 2167 366 2208 Sti
390 2167 617 2208 Benedicti
640 2167 868 2224 Religione
902 2168 1172 2215 descendere,
1196 2168 1272 2209 sed
1291 2170 1374 2209 sub
1398 2169 1511 2211 Con-

54 2241 308 2297 gregatione
349 2241 414 2281 8ωε
448 2241 639 2282 Justinae
681 2242 858 2289 censeri,
902 2257 1001 2297 quae
1039 2256 1184 2282 recens
1218 2248 1284 2282 est
1317 2248 1513 2298 tempore

53 2313 247 2369 Eugenii
280 2313 392 2362 IV⁶3
424 2320 518 2354 tum
555 2313 697 2360 etiam,
732 2314 836 2369 quia
869 2314 1070 2354 Abbates
1107 2328 1254 2353 omnes
1289 2313 1513 2356 Clareval-

52 2386 192 2428 lenses
229 2393 331 2427 sunt
364 2387 469 2427 certi
504 2386 587 2427 loci
622 2387 917 2442 perpetuique
954 2387 1168 2434 Abbates‚
1206 2386 1315 2427 filios
1351 2388 1433 2428 sub
1468 2403 1512 2429 se

53 2458 369 2514 monachosque
383 2459 610 2500 habentes:
630 2459 857 2500 conferunt
870 2458 1052 2505 ordines,
1070 2466 1314 2500 consecrant
1330 2459 1510 2508 Calices,

54 2531 243 2580 Patinas,
276 2533 462 2588 aliisque
495 2532 644 2573 multis
667 2533 909 2589 privilegiis
941 2533 1183 2588 potiuntur,
1215 2533 1375 2587 quibus
1407 2533 1511 2574 Cas-

53 2603 241 2645 sinenses
277 2611 433 2645 carent.
495 2604 849 2660 Respondebam,
884 2620 928 2646 se
962 2619 1063 2645 vere
1097 2603 1260 2644 ordinis
1297 2605 1339 2645 S.
1374 2606 1512 2648 Bene-

55 2674 158 2718 dicti
178 2692 282 2726 esse,
305 2684 348 2718 et
371 2678 466 2718 aliis
487 2679 690 2718 omnibus
713 2679 994 2733 antiquiores,
1025 2684 1068 2719 et
1088 2678 1400 2720 substantialia
1419 2680 1512 2735 ejus

54 2747 296 2805 Religionis
318 2765 361 2791 se
384 2750 585 2797 retinere,
607 2750 709 2791 licet
727 2750 965 2792 accidentia
982 2749 1200 2805 quaedam,
1218 2751 1393 2806 majoris
1413 2766 1510 2808 per-

55 2820 249 2864 fectionis
281 2838 424 2871 causa,
460 2823 802 2864 immutaverint.
865 2822 1104 2864 Addebant
1137 2838 1181 2864 se
1210 2838 1386 2880 quoque
1416 2839 1510 2880 per-

1205 2909 1233 2935 x
1258 2896 1284 2935 2
