1905 3254
350 274 431 315 384
973 286 1082 315 sEss
1108 286 1184 317 vn.

353 392 530 448 Prepos.
554 398 598 432 et
619 391 819 432 dicantur
842 390 954 431 sedis
976 390 1164 446 Aplieae,
1189 397 1232 431 ct
1255 387 1605 430 Patriarcharum
1627 396 1670 430 et
1690 389 1807 444 Epo-

349 480 458 505 rum.
495 481 527 505 c.
561 464 781 520 pudendae
813 480 846 505 e.
883 463 1077 504 Schisma
1109 464 1177 504 24.
1213 473 1256 518 qe
1281 463 1314 502 l.
1338 470 1381 503 et
1410 461 1596 502 Tertull.
1621 461 1673 502 de
1696 476 1808 516 prae-

350 537 514 594 script.,
538 544 581 578 et
604 537 722 593 quod
742 537 988 577 firmaretur
1010 551 1158 577 eorum
1181 536 1326 591 opinio
1348 535 1424 591 qui
1446 535 1581 583 aiunt,
1596 534 1679 574 rite
1700 534 1808 589 Epi-

349 626 499 666 scopos
522 610 630 666 eligi
652 624 776 665 posse
801 624 825 649 a
848 609 1141 664 Coepiscopis‚
1175 615 1218 649 ct
1250 607 1493 648 confirmari
1525 622 1549 647 a
1581 606 1810 661 Metropw,

349 684 481 724 etiam
502 683 729 739 ignorante
753 682 889 737 Papa,
914 681 1178 722 authoritate
1202 680 1392 720 Canonis
1422 680 1647 735 generalis,
1681 685 1730 719 ut
1753 679 1813 720 ait

352 756 482 797 Card.
519 756 559 796 d.
592 771 625 796 c.
659 755 951 796 ordinationes
974 754 1040 795 75.
1061 753 1160 794 dist.
1224 754 1337 794 Item
1375 767 1525 793 eorum
1560 752 1635 807 qui
1673 752 1810 797 aiunt,

351 829 470 885 quod
504 828 666 884 Aplica
700 827 835 868 Sedes
866 827 1023 867 dicitur
1057 841 1148 867 csse
1183 833 1225 866 et
1257 826 1302 866 in
1335 825 1542 873 Concilio.
1572 824 1811 865 secundum

350 900 571 955 opiniones
602 899 908 939 nonnullorum
941 899 984 937 in
1022 897 1217 938 Concilio
1254 897 1496 938 Basiliensi.
1559 896 1810 942 Addebant,

350 971 481 1027 quod,
505 987 603 1012 cum
635 971 776 1027 aliqui
807 970 943 1011 velint
963 970 1043 1010 hoc
1064 985 1219 1011 nomen
1243 970 1366 1011 Sedis
1388 969 1653 1024 Apostolicae
1675 969 1812 1023 Papae

350 1051 540 1094 tantum,
573 1044 702 1084 simul
734 1059 831 1084 cum
866 1043 1038 1084 Cardbus
1071 1050 1114 1083 et
1136 1057 1220 1083 non
1244 1043 1371 1083 aliter
1392 1042 1630 1088 convenire,
1655 1040 1809 1082 Archi-

351 1117 475 1158 diac⁸¹
493 1133 525 1158 c.
548 1117 606 1158 sic
626 1117 688 1157 19.
707 1116 806 1158 dist.
828 1116 958 1158 Card.
983 1132 1015 1157 c.
1038 1116 1141 1157 licet
1158 1115 1211 1156 de
1234 1115 1357 1156 elect.
1384 1113 1427 1170 qe
1439 1116 1508 1155 44.
1533 1115 1806 1154 Turrecrem.

355 1191 433 1231 lib.
459 1193 496 1231 2.
520 1190 573 1232 de
595 1191 760 1232 Eccles.
784 1206 886 1247 pag.
918 1191 1012 1230 258.
1050 1204 1141 1244 cap.
1181 1190 1273 1229 112.
1308 1188 1407 1229 hinc
1441 1194 1698 1243 sequeretur
1732 1187 1813 1227 Pa-

353 1279 454 1319 pam
477 1264 618 1305 solum
640 1278 725 1304 non
742 1278 868 1318 posse
889 1277 1034 1303 creare
1057 1263 1312 1317 Episcopos.

411 1336 486 1377 Ad
518 1336 610 1377 haec
649 1336 913 1377 Mutinensis
955 1336 1116 1383 aiebat,
1153 1334 1252 1375 idco
1287 1334 1440 1375 Gallos
1477 1334 1721 1374 detrectare
1762 1348 1814 1373 ne

351 1425 556 1466 expresse
577 1409 760 1457 dicatur,
780 1410 1038 1451 auctoritate
1054 1409 1221 1449 Summi
1235 1409 1455 1449 Pontificis
1474 1424 1481 1448 :
1501 1409 1567 1456 ΡΟ,
1591 1408 1696 1463 quia
1714 1423 1811 1448 cum

351 1483 420 1524 hic
453 1482 656 1523 tradatur
690 1481 884 1522 doctrina
916 1481 1146 1537 generaliS,
1178 1495 1291 1536 opus
1322 1488 1387 1521 est
1415 1487 1465 1520 ut
1485 1481 1528 1520 in
1551 1495 1601 1520 ea
1621 1493 1812 1534 compre-

352 1555 570 1596 hendatur
591 1570 715 1595 omne
739 1561 926 1610 tempus,
951 1569 1038 1609 quo
1060 1554 1192 1594 creati
1223 1560 1324 1593 sunt
1347 1553 1570 1609 Episcopi,
1604 1560 1648 1594 et
1679 1552 1816 1592 omnis

352 1630 466 1671 ratio
489 1643 579 1684 qua
600 1627 728 1668 hodie
756 1628 892 1668 creari
919 1633 1112 1683 possunt.
1178 1626 1310 1667 Initio
1334 1634 1479 1667 autem
1501 1626 1714 1667 nascentis
1737 1626 1815 1666 Ec-

353 1701 506 1749 clesiae,
539 1707 703 1742 creatos
730 1699 864 1741 fuisse
899 1700 1142 1755 Episcopos
1165 1699 1220 1739 ab
1254 1699 1493 1754 Apostolis,
1530 1698 1663 1739 etiam
1693 1698 1815 1754 igno-

352 1781 475 1816 rante
509 1775 653 1823 Petro,
691 1773 803 1814 sicut
835 1773 1002 1814 Paulus
1034 1772 1225 1813 instituit
1258 1773 1412 1813 Titum
1444 1779 1488 1813 et
1515 1771 1814 1820 Timotheum,

353 1848 441 1889 imo
474 1863 613 1903 usque
648 1847 704 1888 ad
732 1847 777 1888 id
811 1855 999 1902 tempus,
1032 1861 1118 1901 quo
1150 1846 1310 1886 Petrus
1341 1845 1485 1886 sedem
1516 1846 1614 1887 fixit
1636 1845 1814 1886 Romae:

353 1922 527 1963 interim
568 1921 729 1962 multos
770 1920 905 1961 fuisse
954 1919 1205 1974 EpiscopOS,
1242 1919 1319 1974 qui
1360 1918 1445 1960 dici
1482 1934 1568 1960 non
1608 1924 1816 1975 poterunt

357 1996 492 2036 creari
517 2010 542 2036 a
563 1995 773 2036 Pontifice
794 1994 1014 2043 Roma1103
1038 1999 1081 2034 et
1112 1992 1231 2047 quod
1264 1992 1468 2033 authores
1501 1993 1650 2048 aliqui,
1674 1992 1816 2033 veluti

354 2069 392 2110 F
396 2068 612 2109 ranciscus
633 2068 686 2109 de
707 2067 913 2115 Victoria,
937 2067 1166 2113 affirmant,
1189 2064 1315 2105 hodie
1340 2079 1514 2120 quoque
1536 2070 1648 2105 recte
1681 2064 1817 2104 creari

355 2155 482 2196 posse
497 2140 747 2195 Episcopos
780 2145 824 2179 et
856 2137 1098 2179 confirmari
1121 2152 1145 2177 a
1168 2136 1515 2192 Metropolitano
1537 2136 1719 2191 ubique²
1740 2150 1816 2176 au-

354 2211 563 2252 thoritate
605 2211 755 2266 Papae,
798 2210 882 2250 nisi
922 2210 1045 2265 Papa
1081 2209 1173 2264 ipse
1217 2208 1345 2249 aliter
1386 2214 1578 2257 statuat3
1621 2207 1817 2247 similiter

354 2285 603 2340 Theologos
638 2297 784 2323 omnes
825 2282 1071 2330 concedere,
1106 2281 1236 2322 etiam
1278 2280 1514 2335 Episcopos
1551 2287 1718 2321 creatos
1760 2280 1816 2321 ab

355 2357 590 2399 Haereticis
623 2363 666 2398 et
697 2355 976 2397 schismaticis
1004 2370 1095 2396 esse
1124 2369 1249 2395 veros
1270 2353 1516 2408 Episcopos
1537 2353 1683 2409 quoad
1703 2353 1816 2394 ordi-

353 2447 467 2480 nem,
500 2436 633 2487 prout
658 2436 760 2470 sunt
784 2429 997 2485 Episcopi
1033 2426 1305 2469 Orientales:
1339 2425 1436 2467 ideo
1478 2441 1550 2467 eos
1574 2442 1750 2483 quoque
1772 2427 1817 2466 in

355 2504 435 2545 hac
457 2504 653 2545 doctrina
675 2501 1116 2558 comprehendendos.

419 2578 473 2617 2⁰.
507 2577 613 2632 quia
636 2583 813 2631 sperant
849 2575 971 2616 Galli
1003 2590 1028 2615 a
1060 2573 1342 2615 concordatis
1363 2573 1454 2613 suis
1476 2572 1712 2628 aliquando
1734 2572 1816 2613 dis-

358 2665 523 2690 cessum
556 2650 623 2698 iri,
661 2656 706 2690 et
740 2649 992 2690 electionem
1030 2648 1349 2703 Episcoporum
1388 2645 1440 2686 ad
1477 2650 1551 2701 jus
1586 2646 1816 2700 antiquum

358 2723 692 2771 restituendum,
733 2723 796 2763 ita
837 2729 886 2763 ut
926 2721 1112 2762 sufficiat
1147 2719 1411 2761 confirmatio
1453 2717 1814 2774 Metropolitani:

487 2814 495 2831 ¹
522 2814 587 2844 The
603 2813 709 2844 reader
724 2824 799 2853 may
817 2813 893 2844 refer
908 2817 939 2843 to
957 2813 1050 2847 Note,
1066 2822 1095 2851 p.
1114 2811 1185 2841 296.
1490 2807 1503 2825 ²
1527 2808 1680 2848 Absque?
