1905 3254
343 274 425 313 292
967 287 1073 317 sess.
1098 287 1177 317 vn.

355 394 609 435 Canonibus
639 395 684 435 in
712 394 838 441 hunc,
863 395 941 450 qui
969 394 1185 449 sequitur,
1216 390 1408 439 modum,
1432 389 1635 430 damnare
1657 388 1807 429 consti-

348 467 447 513 tuit,
483 474 530 507 ut
550 482 699 507 omnes
724 467 979 524 (adjuvante
995 467 1111 519 Deo)
1137 464 1239 505 fidei
1271 463 1422 519 regula
1458 468 1644 509 utentes,
1672 460 1716 500 in
1745 466 1811 501 tot

348 553 543 579 errorum
572 540 762 580 tenebris
795 540 1067 581 Catholicam
1103 539 1333 579 veritatem
1370 535 1538 575 facilius
1579 546 1811 589 agnoscere

351 626 398 652 ac
420 618 566 654 tenere
588 613 769 667 possint.

965 764 1199 811 Canones.

413 895 477 935 ΡΞ.
502 895 648 949 Siquis
669 894 841 942 dixerit,
875 908 959 934 non
983 908 1074 933 esse
1106 893 1149 932 in
1172 906 1284 932 novo
1307 891 1591 930 Testamento
1619 888 1813 929 sacerdo-

354 967 464 1006 tium
488 967 660 1007 visibile
683 974 726 1007 et
748 974 989 1014 externum,
1014 966 1083 1006 vel
1104 980 1188 1005 non
1210 978 1300 1004 esse
1325 969 1587 1018 potestatem
1621 962 1812 1016 aliquam

354 1039 629 1079 consecrandi
660 1046 704 1079 et
743 1039 952 1079 offerendi
994 1053 1148 1093 eorpus
1183 1044 1226 1078 et
1259 1037 1516 1092 sanguinem
1549 1035 1739 1083 Domini,
1774 1041 1818 1075 et

355 1119 532 1168 peccata
572 1127 713 1153 coram
754 1112 852 1153 Deo
889 1111 1139 1152 dimittendi
1171 1117 1215 1151 et
1256 1108 1485 1157 retinendi,
1515 1108 1591 1148 sed
1629 1108 1816 1149 officium

354 1192 527 1227 tantum
551 1193 594 1227 et
614 1185 780 1226 nudum
804 1185 1089 1226 ministerium
1114 1183 1379 1240 praedicandi
1400 1181 1714 1237 Evangelium,
1747 1181 1817 1222 vel

356 1273 428 1300 eos
462 1260 538 1315 qui
575 1274 659 1299 non
699 1258 942 1314 praedicant
982 1273 1159 1314 prorsus
1199 1272 1283 1298 non
1315 1271 1406 1297 esse
1444 1254 1695 1296 Sacerdotes
1708 1271 1719 1305 3
1761 1254 1818 1294 sit

359 1332 622 1373 Anathema.

416 1406 489 1446 2¹¹³.
514 1405 560 1445 Si
590 1405 687 1460 quis
713 1403 887 1454 dixerit,
923 1410 1083 1459 praeter
1123 1402 1420 1443 Sacerdotium
1447 1417 1529 1442 non
1553 1416 1643 1442 esse
1665 1401 1708 1440 in
1731 1400 1819 1440 Ec-

358 1478 484 1519 clesia
499 1478 725 1519 Catholica
741 1478 846 1518 alios
861 1477 1061 1524 Ordines,
1085 1483 1128 1517 et
1149 1476 1315 1515 infimos
1338 1482 1382 1516 et
1403 1474 1580 1522 medios,
1604 1474 1681 1529 qui
1696 1474 1820 1514 velut

360 1550 524 1607 gradus
545 1550 722 1605 quidam
744 1550 788 1589 in
807 1549 1044 1590 Sacerdotii
1063 1548 1272 1590 Ordinem
1295 1547 1491 1595 tendant,
1514 1547 1586 1587 vel
1610 1546 1819 1587 Ordinem

360 1641 451 1666 esse
471 1627 729 1680 figmentum
756 1624 973 1680 quoddam
996 1624 1254 1669 humanum,
1280 1629 1322 1662 et
1344 1622 1644 1677 excogitatum
1670 1635 1694 1660 a
1717 1621 1821 1660 viris

359 1714 506 1739 reruni
528 1698 932 1738 Ecclesiasticarum
953 1696 1169 1752 imperitis
1191 1713 1202 1746 3
1237 1695 1486 1737 Anathema
1507 1695 1573 1735 sit.

418 1773 488 1812 3¹¹5.
516 1772 560 1812 Si
590 1772 689 1826 quis
721 1770 894 1817 dixerit,
925 1770 1149 1816 Ordinem,
1183 1769 1273 1808 sive
1305 1783 1471 1809 sacram
1495 1767 1821 1808 Ordinationem

360 1861 444 1887 non
480 1859 570 1885 esse
604 1859 705 1885 vere
738 1851 781 1884 et
818 1843 993 1899 proprie
1035 1849 1354 1883 sacramentum
1392 1857 1416 1882 a
1438 1841 1614 1882 Christo
1634 1841 1823 1881 Domino

360 1919 627 1966 institutum,
662 1924 740 1958 aut
760 1932 843 1957 non
866 1931 955 1957 esse
987 1930 1123 1956 unum
1152 1922 1483 1963 sacramentum,
1517 1922 1595 1955 aut
1617 1929 1708 1955 esse
1730 1921 1820 1955 tan-

361 1998 456 2032 tum
478 1991 612 2031 ritum
635 1989 855 2045 quendam
878 1988 1066 2045 eligendi
1093 1988 1311 2029 ministros
1340 1989 1463 2029 verbi
1496 1995 1540 2029 et
1575 1989 1822 2028 Sacramen-

364 2071 509 2105 torum
530 2080 538 2112 ;
571 2062 738 2104 Anath.
763 2062 829 2102 sit.

419 2139 473 2178 4³.
499 2137 545 2177 Si
566 2137 664 2192 quis
686 2135 858 2182 dixerit,
882 2149 961 2190 per
983 2134 1294 2175 ordinationem
1325 2148 1411 2174 non
1442 2133 1625 2174 conferri
1646 2133 1823 2188 spiritu-

366 2210 478 2250 alem
515 2216 560 2250 et
592 2207 872 2248 indelebilem
913 2213 1195 2262 potestatem,
1229 2212 1306 2245 aut
1341 2220 1455 2253 eum,
1503 2205 1580 2260 qui
1616 2203 1825 2245 Sacerdos

365 2283 499 2324 semel
518 2283 582 2330 fit,
604 2296 757 2322 rursus
780 2280 964 2321 Laicum
984 2280 1079 2320 fieri
1100 2294 1250 2335 posse3
1284 2284 1362 2319 aut
1384 2292 1468 2318 non
1491 2277 1586 2317 dari
1616 2292 1694 2332 per
1725 2291 1825 2316 eum

366 2354 581 2409 Spiritum
625 2353 845 2399 Sanctum,
898 2366 946 2392 ac
999 2350 1180 2406 proinde
1221 2351 1384 2391 frustra
1422 2349 1681 2404 Episcopo&
1728 2363 1824 2388 cum

368 2428 580 2473 ordinant,
604 2425 761 2473 dicere,
783 2424 983 2480 Accipite
1007 2424 1221 2480 Spiritum
1246 2425 1454 2464 Sanctum
1468 2438 1479 2471 3
1514 2421 1676 2462 Anath.
1700 2422 1767 2463 sit.

424 2503 493 2542 5¹¹⁵.
520 2500 566 2540 Si
588 2499 687 2554 quis
717 2498 887 2547 dixerit,
915 2498 1090 2538 Sacram
1119 2497 1392 2544 Unctionem,
1424 2510 1512 2551 qua
1534 2495 1641 2536 Ecc²
1666 2495 1826 2542 utitur,

365 2589 450 2614 non
471 2573 611 2614 solum
632 2587 718 2613 non
737 2571 904 2627 requiri
924 2571 969 2610 in
991 2569 1191 2611 ordinum
1218 2569 1464 2617 traditione,
1501 2568 1576 2609 sed
1608 2583 1700 2609 esse
1728 2583 1825 2623 per-

365 2647 567 2686 niciosam
589 2651 633 2685 et
655 2642 1028 2691 contemnendam,
1056 2642 1254 2682 similiter
1276 2649 1320 2682 et
1351 2656 1498 2682 omnes
1530 2640 1636 2682 alias
1667 2640 1828 2681 ordinis

369 2718 673 2766 eaeremonias3
709 2716 871 2757 Anath.
897 2716 964 2756 sit.

425 2792 477 2831 6³.
502 2791 547 2831 Si
570 2791 668 2845 quis
689 2789 861 2838 dixerit,
885 2788 1052 2829 nullam
1074 2788 1117 2828 in
1133 2788 1237 2828 Ecca
1255 2787 1478 2828 Catholiea
1498 2793 1541 2828 et
1557 2786 1715 2841 Apliea
1736 2799 1828 2825 esse
