1905 3254
338 263 391 301 56
980 278 1091 307 snss.
1116 278 1161 307 11.

399 387 470 427 Fr.
498 386 718 426 Martinus
740 386 874 426 Roias
900 385 1267 432 PortalrubcnsiS,
1293 385 1452 425 Orator
1479 384 1577 424 Illlmi
1597 391 1641 425 et
1663 384 1800 425 Revmi

344 459 400 500 D.
426 459 581 515 Magni
598 460 817 516 Magistri.
843 475 889 500 ac
913 460 1048 499 totius
1067 458 1244 499 Ordinis
1268 459 1415 499 Sancti
1437 459 1621 499 Joannis
1644 458 1803 499 Hiero-

345 532 607 587 solymitani,
631 538 727 589 ejus
749 533 910 574 ordinis
939 532 1324 579 Procancellarius,
1350 532 1564 573 admissus
1588 532 1612 574 7
1637 531 1805 587 Septblfis

347 605 631 646 MDLXIII.

404 678 548 725 Nunc,
575 685 625 719 ut
648 679 703 719 ad
724 680 978 720 institutum
1003 686 1288 727 revertamus,
1313 685 1546 734 postquam
1571 678 1624 718 de
1655 677 1804 718 Indice

346 749 558 791 librorum
577 766 623 791 ac
642 751 724 792 fide
741 752 922 807 publica
936 751 1092 799 danda,
1111 752 1167 792 ab
1185 751 1388 792 omnibus
1403 751 1613 791 Patribus
1627 751 1803 792 fuerant

339 824 429 877 jam
453 824 679 865 sententiae
703 824 844 872 dictae,
864 824 1135 864 Mantuanus
1158 823 1367 878 postridie
1385 825 1427 864 in
1448 823 1802 879 Congregatione

346 911 508 951 magna
529 897 692 952 inquit:
721 897 889 943 Patres,
918 897 1072 937 laetitia
1102 895 1244 936 affecti
1274 912 1437 943 sumus,
1472 912 1568 936 cum
1594 911 1668 937 vos
1696 895 1805 936 adeo

346 977 545 1010 accurate
561 984 661 1024 quae
685 970 847 1009 anobis
865 971 1092 1025 proposita
1106 970 1286 1010 fuerunt
1305 969 1504 1009 videmus
1521 968 1777 1024 expendisse
1793 986 1802 1018 3

346 1043 520 1097 critque
556 1043 682 1082 nobis
718 1043 912 1098 pignoris
940 1043 1031 1083 loco
1063 1058 1254 1098 praesens
1293 1050 1435 1083 vestra
1476 1041 1543 1082 his
1584 1042 1637 1082 de
1670 1043 1804 1082 rebus

346 1116 617 1161 consultatio,
642 1123 691 1156 ut
715 1131 803 1171 quo
825 1117 1028 1171 graviora
1051 1116 1228 1171 posthac
1250 1116 1362 1156 inter
1378 1129 1454 1155 nos
1473 1113 1644 1170 agenda
1660 1120 1802 1162 erunt,

346 1203 408 1235 eo,
433 1195 476 1228 et
499 1187 755 1243 diligentius
779 1196 944 1229 vestras
979 1188 1264 1244 cogitationes
1298 1188 1342 1227 in
1376 1187 1427 1228 iis
1460 1187 1717 1228 collocatum
1751 1187 1804 1226 iri

347 1260 620 1309 confidemus,
660 1268 709 1301 ut
746 1276 822 1301 nos
855 1262 938 1316 ipsi
980 1260 1153 1301 idoneos
1187 1260 1355 1315 aliquot
1398 1260 1512 1300 viros
1555 1261 1802 1316 seligamus,

348 1334 510 1389 quibus
547 1334 833 1390 componendi
873 1333 1033 1374 Indicis
1069 1334 1297 1388 negotium
1342 1333 1498 1374 demus
1517 1350 1522 1370 :
1566 1348 1719 1374 sumus
1759 1333 1804 1374 id

350 1406 529 1462 quidem
556 1407 882 1462 promptissimo
907 1406 1048 1447 animo
1072 1407 1245 1446 facturi.
1311 1407 1410 1456 Qua
1444 1407 1487 1446 in
1518 1422 1563 1447 re
1600 1407 1807 1447 nolumus

350 1480 520 1535 aliquos
554 1480 780 1535 suspicari,
804 1495 885 1520 non
919 1479 1029 1526 ideo,
1055 1487 1099 1520 et
1125 1479 1332 1534 reliquos,
1372 1480 1449 1534 qui
1481 1480 1691 1521 nominati
1718 1495 1804 1521 non

348 1559 489 1599 erunt,
507 1567 532 1592 a
552 1552 677 1592 nobis
693 1552 836 1592 minus
850 1558 988 1607 aptos,
1005 1558 1082 1591 aut
1100 1552 1380 1607 indigniores,
1400 1553 1575 1593 censeri.
1619 1553 1802 1600 Verum,

348 1639 446 1665 cum
470 1638 630 1678 magna
651 1638 795 1664 rerum
824 1624 1112 1678 gerendarum
1130 1624 1264 1664 moles
1285 1616 1523 1674 immineat,
1540 1624 1804 1664 existimavi-

347 1712 444 1736 mus
463 1696 584 1736 varia
596 1696 710 1736 inter
723 1695 916 1736 diversos
929 1711 1060 1736 onera
1078 1711 1156 1736 suo
1175 1703 1372 1751 tempore
1390 1711 1480 1736 esse
1495 1696 1802 1751 dispertienda,

349 1779 398 1812 ut
415 1772 477 1812 ita
494 1771 800 1826 unusquisque
818 1771 1010 1811 muneris
1027 1770 1160 1825 hujus
1183 1785 1308 1810 suum
1326 1785 1511 1825 pensum
1529 1770 1652 1810 ferat.
1706 1769 1805 1810 Hoc

345 1845 485 1900 igitur
509 1844 719 1900 privatim
753 1858 828 1884 nos
851 1851 1111 1884 statuemus.
1176 1844 1307 1884 Nunc
1333 1850 1481 1884 autem
1513 1851 1728 1899 superest,
1752 1850 1802 1884 ut

346 1933 423 1958 vos
444 1917 530 1972 ipsi
561 1933 615 1958 ex
638 1916 787 1957 ordine
810 1923 955 1957 vestro
978 1917 1083 1957 alios
1116 1917 1365 1972 appelletis,
1391 1918 1469 1972 qui
1501 1916 1722 1958 decretum
1760 1918 1803 1957 in

347 1992 490 2046 prima
512 1991 711 2037 sessione,
736 2006 836 2046 quae
852 1990 934 2030 erit
956 1990 1025 2032 die
1048 1991 1102 2031 26
1126 1990 1356 2046 praesentis
1378 1990 1536 2031 mensis
1554 1991 1801 2040 Februarii,

347 2064 677 2120 publicandum,
697 2071 974 2120 componant.

406 2136 518 2176 Haec
540 2152 636 2176 cum
672 2136 865 2185 dixisset,
890 2136 1036 2177 statim
1063 2136 1118 2176 ab
1141 2137 1344 2176 omnibus
1366 2137 1653 2178 acclamatum
1690 2137 1801 2178 fuit:

342 2208 528 2265 Eligant
550 2209 633 2264 ipsi
658 2209 752 2249 Illmi
776 2210 951 2265 Legati.
1017 2208 1082 2249 Hi
1104 2209 1256 2265 igitur,
1276 2211 1429 2266 paucis
1452 2211 1564 2252 inter
1587 2226 1631 2251 se
1655 2211 1802 2252 verbis

348 2284 531 2333 collatis,
562 2299 641 2339 per
669 2284 953 2325 secretarium
992 2283 1271 2324 nominarunt
1295 2284 1687 2340 Archiepiseopum
1725 2285 1800 2325 Ja-

346 2357 558 2406 drensem,
574 2357 845 2412 Episcopum
862 2357 1170 2404 Mutinensem,
1186 2356 1501 2406 Vivariensem,
1522 2357 1800 2398 Ilerdensem.

405 2431 502 2480 Quo
527 2445 628 2471 vero
657 2430 712 2470 ad
745 2430 938 2470 Indicem
967 2429 1304 2477 emendandum,
1328 2430 1482 2486 paucis
1504 2437 1602 2486 post
1629 2429 1799 2478 diebus,

345 2509 494 2556 patres
522 2501 669 2542 decem
702 2508 744 2542 et
773 2508 867 2542 octo
903 2516 928 2541 a
963 2516 1007 2542 se
1037 2500 1223 2542 delectos
1256 2516 1347 2542 esse
1380 2501 1671 2549 declararunt,
1707 2502 1799 2557 qui,

347 2575 558 2615 adhibitis
580 2590 725 2615 secum
743 2574 874 2615 ctiam
898 2574 1140 2629 Theologis
1158 2575 1414 2623 minoribus,
1437 2574 1557 2629 quod
1580 2575 1641 2615 eis
1657 2589 1800 2615 neces-

347 2649 447 2689 sarii
485 2648 752 2695 viderentur,
788 2662 901 2703 opus
936 2647 1310 2704 aggrederentur:
1344 2648 1608 2703 interimque
1643 2648 1802 2704 reliqui

343 2722 496 2762 Patres
523 2720 579 2762 ad
610 2721 704 2761 illos
737 2736 787 2761 ea
822 2721 966 2761 omnia
994 2721 1199 2770 referant,
1232 2736 1332 2775 quae
1362 2721 1623 2776 perficiendo
1661 2722 1800 2763 Indici

1894 216 1895 223 ⁴
1893 174 1895 181 —
1893 155 1896 166 ἡ
1892 0 1905 136 -57--12-2-11

1900 2838 1905 2967 l

1903 2971 1905 3006 Ε
