1905 3254
392 268 474 308 396
1011 285 1120 314 SEss.
1145 285 1221 314 vll.

392 396 553 430 tantur.
618 389 775 444 Itaque
798 390 964 446 placuit
985 389 1145 430 divinae
1167 389 1406 431 clementiae
1429 390 1631 445 spiritum
1654 390 1772 444 pacis
1795 395 1839 429 et

389 461 625 502 eoncordiae
662 462 776 503 inter
812 462 1025 518 plurimos
1055 462 1236 503 Patrum
1270 463 1470 508 excitare,
1504 462 1579 517 qui
1600 468 1697 517 post
1719 461 1841 502 varia

388 534 505 574 ultro
536 534 728 590 citroque
761 535 911 583 relata,
945 550 991 575 ac
1021 535 1228 575 nonnulla
1259 535 1302 575 in
1324 535 1535 575 Doctrina
1557 534 1772 577 adnotata,
1796 533 1838 572 in

388 607 568 662 reliquis
590 608 762 649 tandem
785 611 938 664 magna
962 609 1155 649 omnium
1177 608 1266 648 fere
1288 608 1444 649 laetitia
1466 622 1730 657 convenere3
1763 620 1834 647 ex-

386 681 523 736 ceptis
548 681 858 736 infrascriptis:
894 696 993 722 nam
1020 682 1303 723 Granatensis
1323 681 1448 729 dixit,
1476 696 1557 721 non
1586 680 1757 735 placere
1779 679 1835 719 vi.

388 754 634 804 Canonem,
667 762 928 811 optaretque
954 755 1051 803 dici,
1076 755 1311 810 Episcopos
1341 755 1564 795 institutos
1595 770 1619 795 a
1644 753 1833 800 Christo,

385 833 461 867 aut
483 826 788 868 Hierarchiam
811 843 836 868 a
858 827 1047 874 Christo,
1082 827 1152 867 vel
1184 826 1348 867 Christi
1378 827 1663 868 institutione.
1726 827 1831 867 Bra-

382 899 565 939 carensis
597 898 710 939 idem
724 915 735 948 ;
773 914 816 939 se
839 905 998 947 tamen,
1022 898 1141 953 quod
1162 914 1186 939 a
1203 899 1407 954 pluribus
1427 899 1661 954 probatum
1684 899 1831 945 fuerit,

381 977 628 1025 sequutum.
691 971 983 1011 Messanensis
1017 970 1145 1017 idem,
1175 971 1278 1025 quia
1298 972 1481 1011 materia
1508 985 1592 1010 non
1623 978 1688 1010 est
1718 977 1830 1010 trac-

380 1042 514 1084 tanda
542 1059 566 1084 a
587 1043 834 1099 Theologis.
888 1042 1131 1083 Clodiensis
1151 1043 1373 1083 maluisset
1395 1042 1490 1089 dici,
1513 1057 1565 1082 ex
1587 1041 1738 1082 divina
1756 1057 1829 1098 pe-

378 1117 531 1157 culiari
553 1116 837 1157 ordinatione.
901 1116 1186 1171 Segobiensis,
1221 1115 1342 1171 quod
1360 1116 1404 1155 in
1426 1116 1468 1155 2⁰
1490 1130 1581 1170 cap.
1607 1114 1828 1155 Doctrinae

377 1190 566 1237 additur,
600 1196 678 1230 aut
700 1190 955 1245 Episcopali
975 1190 1138 1230 officio:
1172 1189 1215 1229 in
1243 1189 1287 1228 6Ο
1311 1189 1486 1229 Canone
1510 1188 1642 1229 vellet
1664 1187 1831 1243 aliquid

377 1263 557 1313 clarius3
590 1278 704 1311 nam,
737 1279 832 1304 cum
856 1270 953 1318 post
976 1264 1068 1318 ejus
1090 1262 1358 1303 debilitatem
1383 1268 1594 1317 sequatur
1616 1261 1767 1302 Canon
1790 1261 1826 1301 8.

376 1336 429 1377 de
468 1336 733 1377 authoritate
770 1337 953 1377 Romani
990 1336 1222 1383 Pontificis,
1265 1341 1440 1375 veretur
1475 1335 1641 1375 adstrui
1676 1349 1826 1374 eorum

373 1411 534 1465 opinio,
573 1410 650 1465 qui
683 1417 861 1466 negant,
890 1410 1132 1465 Episcopos
1154 1424 1178 1449 a
1201 1407 1377 1449 Christo
1400 1409 1632 1449 institutos.
1694 1408 1824 1449 Unde

372 1498 457 1523 non
480 1483 701 1538 improbat
723 1490 924 1523 octavum
950 1482 1186 1529 Canonem,
1219 1489 1428 1537 tanquam
1449 1496 1533 1521 non
1555 1496 1722 1528 verum,
1746 1481 1823 1522 sed

372 1563 421 1595 ut
443 1562 709 1595 evertentem
732 1555 990 1595 contrariam
1014 1554 1296 1602 sententiamg
1321 1553 1437 1608 quod
1457 1554 1590 1593 nollet
1613 1553 1822 1595 Caurien-

370 1630 439 1676 sis,
475 1629 512 1670 F
517 1628 735 1676 esulanus,
771 1627 936 1668 Montis
966 1627 1151 1675 Marani,
1184 1627 1390 1674 Vicensis,
1415 1627 1610 1675 AEsinus‚
1644 1628 1819 1682 Pampi-

368 1702 568 1744 lonensis,
594 1700 940 1756 Senogalliensis,
963 1699 1204 1747 Auriensis,
1226 1700 1521 1755 Legionensis,
1546 1700 1819 1750 Ostunensis,

367 1774 671 1822 Peturcensis,¹
695 1774 918 1821 Lucensis,
942 1771 1205 1828 Aliphanus.
1252 1773 1555 1828 Subscripsere
1575 1774 1818 1815 Granaten-

366 1847 435 1893 sis,
459 1853 502 1887 et
525 1845 700 1901 quidem
725 1846 814 1893 alii,
833 1846 909 1900 qui
930 1852 1075 1886 tamen
1093 1860 1136 1886 se
1153 1845 1206 1885 ad
1223 1847 1430 1902 majorem
1448 1852 1617 1901 partem
1635 1847 1817 1888 Patrum

363 1920 623 1961 referebant.

423 1993 700 2047 Quapropter
729 1991 798 2032 die.
832 1991 1030 2047 sequenti
1066 1991 1224 2032 Orator
1258 1991 1394 2047 Regis
1432 1993 1634 2048 Hispani,
1667 1993 1816 2034 multis

363 2081 460 2106 cum
494 2065 694 2106 Praelatis
724 2064 936 2120 Hispanis
973 2066 1294 2114 comitantibus,
1326 2067 1521 2122 Legatos
1554 2067 1658 2115 adit,
1693 2083 1814 2125 mag-

361 2153 503 2193 noque
536 2137 683 2178 studio
714 2138 838 2192 petit,
873 2144 924 2177 ut
945 2138 988 2177 in
1011 2138 1069 2177 vi.
1098 2137 1275 2178 Canone
1297 2137 1482 2187 dicatur,
1507 2139 1813 2181 Hierarchiam

361 2226 452 2251 esse
476 2225 501 2251 a
524 2210 699 2251 Christo
720 2210 981 2255 institutam,
1015 2216 1091 2249 aut
1123 2224 1213 2250 esse
1246 2225 1298 2250 ex
1335 2210 1499 2251 Christi
1526 2212 1810 2254 institutione.

360 2286 500 2326 Aiunt
521 2285 651 2332 enim,
674 2284 750 2324 illa
767 2284 913 2331 verba,
927 2282 1073 2324 divina
1089 2283 1373 2332 ordinatione,
1395 2285 1523 2324 nimis
1542 2285 1628 2327 late
1647 2294 1811 2342 patere,

359 2374 453 2399 cum
487 2365 531 2399 et
566 2364 724 2399 caetera
756 2357 797 2397 in
829 2357 1035 2397 universo
1067 2357 1170 2397 orbe
1193 2372 1218 2398 a
1239 2356 1385 2397 divina
1405 2357 1619 2412 prodeant
1641 2360 1810 2401 ordina—

357 2431 497 2471 tione:
532 2430 651 2477 alias,
674 2429 949 2477 denuntiant,
969 2444 1012 2469 se
1037 2428 1259 2470 Canonem
1280 2429 1406 2469 illum
1427 2444 1510 2470 non
1533 2430 1807 2479 admissuroe„

356 2504 598 2559 praesertim
632 2518 729 2543 cum
762 2509 975 2558 sequatur
997 2509 1176 2543 octavus
1205 2501 1369 2550 Canon,
1391 2518 1479 2557 quo
1501 2503 1671 2552 dicitur,
1694 2504 1807 2560 Epi-

354 2593 504 2633 scopos
535 2583 781 2632 assumptos
815 2592 839 2616 a
871 2576 1066 2616 Romano
1097 2575 1300 2616 Pontifice
1324 2576 1417 2624 δια,
1451 2577 1577 2632 quasi
1596 2577 1807 2633 Episcopi

353 2664 569 2704 nusquam
602 2665 627 2690 a
660 2649 846 2696 Christo,
883 2647 959 2689 sed
989 2654 1160 2688 tantum
1194 2662 1218 2688 a
1250 2648 1445 2690 Romano
1476 2650 1681 2690 Pontifice
1706 2665 1802 2705 pro-

354 2722 608 2771 ficiscantur,
644 2722 741 2764 Deo
775 2723 837 2763 ita
876 2721 1111 2762 ordinante.
1174 2721 1333 2777 Legati
1364 2723 1585 2779 replicant,
1621 2724 1683 2765 ita
1712 2729 1802 2780 jam

956 2810 963 2828 ¹
989 2810 1183 2841 Patracensis
1198 2812 1210 2840 ἲ.
