1905 3254
376 323 458 362 306
998 336 1107 367 snss.
1133 337 1208 366 vn.

439 444 485 484 Si
525 443 623 498 quis
661 442 822 485 dixerit
863 458 888 483 a
920 442 1095 483 Christo
1135 441 1324 483 Domino
1364 455 1450 482 non
1490 455 1582 482 esse
1620 442 1841 482 institutos

379 515 634 570 Episcopos,
669 515 905 556 secundum
940 515 1058 571 quod
1093 516 1274 570 antiqua
1318 514 1595 556 Universalis
1627 514 1840 563 Ecclesia,

380 587 654 641 Patruinque
687 587 867 627 traditio
900 587 1036 634 docet,
1075 603 1122 628 ac
1145 586 1326 642 perinde
1349 587 1623 642 Presbyteris
1643 601 1728 627 non
1749 601 1840 627 esse

379 661 652 716 superiores3
681 660 928 700 Anathema
947 661 1015 701 sit.

440 733 586 783 Quare
609 733 740 773 accito
763 734 866 774 Soto
887 749 983 774 cum
1006 748 1055 773 eo
1079 733 1239 788 agitur,
1264 738 1314 773 ut
1336 731 1638 787 Hispanorum
1654 739 1841 774 mentem

379 807 634 862 diligentius
656 809 901 853 scrutetur)
926 821 1013 861 quo
1036 806 1190 846 certior
1212 805 1371 860 suscipi
1394 806 1529 861 possit
1549 805 1822 846 deliberatio.

438 880 614 920 Interea
635 886 795 926 autem,
819 894 916 919 cum
939 879 1147 919 Praelatos
1168 893 1222 918 ex
1246 878 1395 918 Gallia
1417 878 1531 918 male
1556 878 1598 917 in
1621 893 1839 918 summum

383 950 631 989 Pontificem
666 950 878 989 animatos
898 948 982 989 huc
1002 949 1204 989 accedere
1227 956 1425 989 constans
1444 949 1559 988 fama
1580 955 1706 995 esset,
1743 963 1838 989 con-

380 1028 561 1062 venerat
602 1022 827 1076 Hispanos
873 1021 1118 1077 Episcopos
1167 1020 1364 1061 Marchio
1407 1021 1632 1062 Pescarius
1685 1021 1845 1061 Orator

379 1093 515 1148 Regis
538 1093 735 1148 Philippi
758 1093 1012 1141 Mediolani,
1037 1093 1113 1149 qui
1134 1093 1269 1134 literis
1297 1094 1386 1133 suis
1408 1093 1463 1133 ad
1483 1094 1543 1135 N.
1566 1094 1842 1149 Pagnanum,

379 1171 476 1222 ejus
508 1167 681 1206 nomine
704 1166 903 1206 Tridenti
927 1172 1143 1221 agentem,
1163 1166 1498 1221 significaverat,
1532 1172 1583 1206 ut
1621 1164 1847 1220 Hispanos

378 1247 586 1286 moneret,
624 1254 798 1279 causam
833 1239 1084 1279 Sanctitatis
1117 1254 1220 1285 suae,
1261 1244 1304 1279 et
1335 1238 1536 1294 Philippi
1566 1237 1717 1293 Regis,
1749 1253 1845 1278 con-

377 1311 575 1365 junctam
598 1325 715 1359 esse;
739 1324 814 1349 nec
832 1310 1068 1365 quicquam
1092 1310 1302 1351 adversus
1315 1309 1576 1365 dignitatem
1598 1315 1642 1350 et
1662 1323 1844 1350 commo-

380 1380 484 1421 dum
518 1381 679 1421 summi
709 1382 931 1422 Pontificis
964 1382 1154 1423 accidere
1187 1396 1328 1437 posse,
1362 1381 1481 1437 quod
1511 1397 1595 1422 non
1623 1382 1690 1422 illi
1717 1396 1843 1437 aeque

379 1455 609 1496 molestum
632 1456 687 1496 sit
708 1456 922 1497 futurum.

437 1527 524 1568 Die
546 1527 684 1583 igitur
705 1528 756 1567 13
778 1528 1045 1569 Novembris
1059 1528 1304 1569 Cardinalis
1325 1527 1641 1584 Lotharingius
1663 1528 1845 1570 Triden-

379 1607 473 1641 tum
505 1616 601 1640 cum
635 1600 837 1641 Praelatis
881 1602 932 1641 14
968 1601 1111 1642 Gallis
1149 1608 1215 1642 est
1255 1603 1500 1656 ingressus:
1550 1603 1703 1657 paucis
1744 1610 1845 1644 ante

379 1673 535 1713 diebus
572 1673 821 1728 Episcopus
866 1674 1207 1730 Senogalliensis
1255 1675 1531 1730 Legatorum
1580 1676 1754 1716 nomine
1805 1676 1845 1717 ei

378 1745 550 1785 obviam
572 1744 806 1799 prodierat.
873 1745 1121 1802 Episcopus
1144 1762 1320 1802 quoque
1345 1746 1766 1788 Montisfalconensis
1789 1762 1844 1788 ex

378 1819 501 1860 Urbe
526 1834 550 1858 a
572 1819 750 1859 Summo
771 1819 991 1868 Pontifice,
1027 1825 1078 1860 ut
1099 1820 1139 1860 ei
1161 1826 1415 1866 occurreret,
1449 1820 1652 1860 dimissus
1687 1820 1842 1861 fuerat.

381 1891 467 1932 Sed
489 1898 533 1932 et
551 1891 731 1932 Praelati
753 1891 840 1937 alii,
857 1892 997 1939 multi,
1019 1892 1146 1933 officii
1167 1907 1308 1940 causa,
1331 1892 1385 1933 ad
1407 1907 1503 1933 eam
1526 1900 1652 1933 antea
1668 1908 1844 1948 perrex-

380 1970 514 2005 erant.
578 1963 678 2004 Hac
706 1963 776 2005 die
798 1971 946 2005 autem
969 1965 1088 2005 missi
1109 1972 1210 2006 sunt
1239 1980 1264 2005 a
1293 1965 1475 2021 Legatis
1508 1966 1547 2006 ei
1579 1966 1754 2007 obviam
1790 1967 1846 2007 ad

382 2037 560 2077 tertium
584 2037 672 2077 fere
703 2036 907 2092 lapidem,
937 2037 1218 2085 Patriarchae,
1244 2037 1576 2093 Archiepiscopi
1598 2038 1778 2093 aliquot,
1801 2045 1845 2079 et

378 2112 591 2167 Episcopi
610 2111 857 2152 nobiliores.
907 2111 1015 2151 Inde
1033 2112 1193 2167 Legati
1215 2112 1299 2168 ipsi
1322 2112 1451 2166 [ηερ]2
1472 2112 1616 2153 induti
1639 2112 1842 2167 palliolis,

379 2200 458 2226 nec
479 2184 617 2224 Cruce
649 2183 837 2232 sublata,
876 2183 953 2224 sed
983 2184 1104 2225 mula
1135 2190 1309 2225 tantum
1332 2184 1443 2224 vecti
1464 2185 1504 2225 ei
1526 2190 1652 2225 extra
1672 2190 1844 2240 portam

380 2257 436 2298 ad
457 2257 647 2312 primum
669 2256 856 2297 milliare
878 2262 979 2296 sunt
1002 2257 1179 2311 egressi.
1243 2256 1444 2297 Aderant
1466 2263 1510 2297 et
1533 2256 1740 2297 Oratores
1768 2256 1843 2297 ali-

381 2337 489 2386 quot
511 2345 559 2370 ae
577 2329 757 2371 Praelati
778 2329 931 2379 multi3
955 2329 1029 2370 sed
1050 2345 1213 2385 magna
1232 2331 1354 2385 prius
1376 2329 1458 2371 fuit
1479 2329 1770 2378 consultatio,3
1792 2343 1846 2370 an

381 2418 406 2443 a
432 2403 617 2459 Legatis
650 2408 764 2443 esset
794 2402 859 2442 illi
893 2402 1081 2450 obviam,
1121 2409 1165 2443 et
1198 2418 1286 2458 quo
1317 2402 1473 2444 habitu
1507 2402 1842 2459 procedendum.

380 2475 581 2516 Tandem
604 2481 876 2530 compertum
899 2480 965 2515 est
988 2474 1196 2515 Bononiae
1220 2475 1326 2515 alias
1349 2481 1545 2531 tempore
1559 2475 1689 2516 Pauli
1702 2474 1845 2515 Tertii

382 2549 568 2590 eundem
601 2548 718 2589 hunc
758 2562 919 2588 morem
955 2546 1087 2587 fuisse
1121 2547 1417 2588 observatum.
1492 2548 1651 2603 Itaque
1681 2546 1846 2602 Legati

382 2638 479 2663 cum
505 2622 767 2663 Oratoribus
788 2628 832 2663 et
862 2620 1062 2662 Praelatis
1083 2620 1209 2661 illum
1234 2636 1373 2676 usque
1398 2621 1452 2663 ad
1474 2621 1590 2663 aedes
1611 2622 1651 2663 ei
1670 2628 1846 2677 paratas

380 2696 667 2737 deduxerunt.

511 2797 519 2815 ¹
544 2800 698 2836 Servetur,
712 2799 785 2829 MS.
1128 2798 1141 2815 2
1167 2799 1207 2828 So
1224 2799 1238 2827 Ι
1255 2798 1371 2840 supply
1386 2809 1405 2829 a
1419 2808 1510 2839 space
1527 2798 1558 2829 in
1574 2797 1626 2829 the
1643 2798 1714 2829 MS.

894 2853 907 2870 ³
933 2852 1127 2891 Confutatio,
1146 2852 1216 2882 MS.
