1905 3254
698 317 806 349 sess.
831 319 892 350 η’.
1446 311 1526 352 135

67 415 202 471 Papae
245 418 484 461 voluntatis
529 436 580 462 ea
621 424 731 464 ratio
773 424 1050 474 afferebatur,
1099 427 1217 483 quod
1262 428 1522 472 Cardinales

65 488 200 545 aliqui
232 490 287 532 ab
320 494 415 548 ejus
448 495 645 544 consiliis,
681 512 779 537 cum
813 499 1005 555 primum
1044 499 1139 541 haec
1171 506 1466 546 controversia
1497 521 1522 546 a

64 561 220 617 legatis
262 563 347 605 fuit
387 565 426 605 ei
463 566 721 622 significata,
760 571 906 611 statim
950 571 1134 614 Concilii
1176 578 1519 630 prosecutionem

62 633 364 678 declarandam
396 638 595 681 Pontifici
625 650 864 691 suaserant,
895 644 1040 700 idque,
1073 661 1157 688 non
1185 649 1325 690 solum
1349 651 1392 691 in
1415 652 1517 693 Phi-

61 707 175 764 lippi
196 709 331 765 Regis
353 711 555 766 gratiam,
578 713 653 755 sed
674 715 819 764 etiam,
836 717 968 772 quod,
986 717 1066 760 hac
1087 719 1140 761 de
1162 736 1292 763 causa
1309 724 1518 771 alienatis,

60 780 177 836 quod
217 783 466 838 sperabant,
499 784 686 828 Caesaris
725 788 1046 847 Gallorumque
1080 794 1354 845 Oratoribus,
1393 799 1518 840 facile

60 853 281 908 Synodum
304 864 460 911 sponte
484 857 636 900 divelli
668 875 792 916 posse
825 863 1121 907 confidebant:
1154 867 1345 925 hincque
1368 872 1516 913 Ponti-

56 925 175 967 ficem
206 942 250 968 se
284 943 310 969 a
339 935 405 970 tot
437 930 766 976 imminentibus
792 936 998 991 periculis
1030 945 1074 980 ct
1107 943 1368 997 sumptibuS,
1397 946 1515 988 null-:2

56 1001 132 1039 sua
153 999 285 1056 culpa
314 1008 359 1042 et
389 1003 510 1044 salva
543 1006 873 1056 existimatione,
905 1009 1209 1054 liberaturum.
1273 1016 1374 1066 Qua
1395 1017 1448 1060 de
1469 1034 1515 1060 re

56 1072 223 1126 priores
246 1073 393 1116 literas
424 1076 480 1117 ad
501 1076 707 1134 LegatOS,
740 1080 850 1123 hanc
881 1083 942 1124 eis
974 1083 1310 1128 declarationem
1341 1092 1515 1133 omnino

53 1145 346 1202 injungentes,
390 1149 519 1190 scribi
561 1161 832 1195 curaverant.
904 1156 1062 1198 Postea
1099 1173 1213 1208 vero,
1250 1162 1513 1216 prudentius

51 1219 194 1260 forsan
218 1220 274 1260 ab
298 1220 394 1262 aliis
429 1221 741 1266 cardinalibus
769 1229 962 1283 ejusdem
986 1230 1121 1286 Papae
1143 1232 1318 1283 intimis,
1341 1251 1387 1277 re
1410 1253 1510 1279 con-

51 1292 250 1342 siderata,
269 1297 386 1349 (cum
402 1295 500 1338 hinc
517 1311 720 1354 magnam
740 1301 876 1343 totius
898 1302 1108 1345 Ecclesiae
1126 1308 1507 1360 perturbationem

50 1371 180 1421 atque
203 1367 528 1410 convulsionem
563 1378 850 1427 sequuturam
884 1376 1192 1432 perspicerent,
1226 1394 1302 1422 nec
1323 1382 1505 1427 illaesam

49 1438 178 1480 etiam
221 1444 318 1496 ejus
360 1442 614 1485 Sanctitatis
654 1447 954 1489 conscientiam
990 1450 1355 1509 relinquendam)
1383 1457 1507 1501 facile

48 1525 149 1552 eum
170 1512 444 1565 induxerant,
466 1522 516 1556 ut
539 1518 854 1572 posterioribus
874 1521 1012 1563 literis
1034 1524 1223 1578 priorem
1247 1532 1503 1573 sententiam

45 1584 355 1627 moderaretur.

106 1656 291 1700 Sublata
325 1659 463 1714 igitur
494 1662 608 1702 omni
643 1663 928 1712 solicitudine,
952 1681 1051 1706 cum
1081 1674 1257 1722 postero
1278 1671 1349 1712 die
1371 1675 1502 1716 sessio

46 1726 247 1771 habenda
268 1738 394 1780 esset,
415 1733 695 1789 Seripandus,
717 1735 895 1776 absente
913 1737 1170 1789 Mantuano,
1189 1741 1342 1784 Patres
1359 1759 1503 1788 omnes

44 1801 260 1856 imprimis
295 1803 351 1844 ad
384 1805 649 1846 concordiam
683 1807 950 1864 pietatisque
987 1812 1183 1855 studium
1217 1817 1406 1860 maxime
1436 1836 1503 1862 co-

43 1871 256 1922 hortatus,
281 1875 493 1931 significat
521 1879 582 1919 eis
610 1878 778 1929 deinde,
804 1889 965 1936 praeter
987 1898 1135 1926 eorum
1164 1888 1409 1944 opinionem
1434 1909 1499 1936 ac-

42 1945 204 1994 cidisse,
228 1953 279 1988 ut
301 1962 402 2002 quae
424 1949 468 1990 in
501 1952 689 1993 crastina
723 1953 918 1996 Sessione
942 1964 1206 2011 putaverant
1227 1961 1498 2008 decernenda

44 2020 185 2073 (novis
227 2020 390 2063 obortis
429 2022 775 2077 difficultatibus,
820 2044 868 2070 ac
905 2033 1117 2086 gravibus
1160 2035 1495 2092 impedimentiS,

42 2106 140 2147 quae
163 2093 356 2136 breviter
386 2098 657 2152 perstrinxit)
693 2101 735 2141 in
771 2104 1035 2146 commodius
1062 2113 1251 2163 tempus,
1281 2112 1317 2151 si
1346 2113 1408 2154 ita
1433 2116 1495 2156 eis

41 2163 280 2215 videbitur,
305 2170 540 2212 statuerint
561 2171 812 2216 differenda.

97 2237 214 2281 Hinc
236 2241 342 2296 quid
367 2242 549 2285 Gallicis
578 2246 839 2290 Oratoribus
872 2265 898 2290 a
927 2258 1076 2293 sancta
1110 2253 1285 2309 Synodo
1316 2273 1491 2315 respon-

41 2309 229 2353 dendum
266 2315 320 2356 sit
353 2315 508 2357 Patres
540 2320 739 2368 consulit,
785 2322 1120 2366 ostendentibus
1156 2341 1272 2370 nunc
1311 2330 1396 2373 illis
1438 2349 1491 2375 ex

39 2384 200 2439 scripto
222 2385 471 2429 Orationem
496 2391 716 2445 quandam
746 2395 967 2449 prioribus
1000 2404 1116 2438 certe
1153 2397 1404 2443 dissimilem
1427 2420 1490 2446 sa-

39 2455 183 2512 tisque
223 2458 507 2510 moderatam,
551 2477 681 2518 quam
726 2472 870 2508 tamen
912 2469 997 2524 ipsi
1039 2470 1218 2512 candem
1262 2488 1354 2516 esse
1391 2492 1488 2520 eum

39 2529 246 2572 anteriore
287 2546 312 2572 a
352 2547 397 2573 se
437 2533 601 2585 habita,
647 2545 724 2579 aut
756 2553 912 2594 parum
946 2541 1165 2585 diversam
1207 2546 1486 2600 affirmarent,

39 2599 257 2657 simulque
292 2604 638 2661 efflagitantibus
680 2617 728 2651 ut
764 2620 925 2654 sanctae
961 2614 1124 2669 Synodi
1165 2620 1485 2673 responsionem

38 2685 134 2713 cum
165 2689 217 2715 ea
250 2676 395 2718 liceret
417 2685 696 2738 conjungere,
722 2699 854 2740 quam
888 2687 931 2727 in
956 2688 1127 2730 Gallias
1161 2692 1307 2733 statim
1345 2704 1486 2738 essent

37 2744 215 2787 missuri.
279 2749 377 2799 Qua
399 2752 442 2792 in
475 2768 520 2794 re
556 2755 829 2812 benigniores
852 2760 1005 2802 Patres
1035 2777 1131 2802 cum
1165 2763 1217 2803 iis
1249 2767 1482 2820 agendum,

39 2829 166 2870 quam
187 2833 332 2862 eorum
358 2831 452 2865 acta
483 2828 789 2881 postulassent,
825 2839 955 2887 atquc
990 2832 1055 2874 his
1087 2837 1360 2890 temporibus
1391 2840 1481 2884 haec

36 2885 352 2942 dissimulanda,
377 2908 650 2941 censuerunt.
