1905 3254
707 303 818 334 sEss.
846 305 884 334 v.
1452 298 1531 338 163

70 397 317 456 Episcopus
334 402 730 463 philadelphiensis
753 412 1001 455 Germanus
1020 415 1129 456 nihil
1159 416 1212 457 de
1234 417 1287 457 iis
1306 432 1420 459 nunc
1440 420 1525 474 agi,

69 468 145 510 sed
180 474 324 515 omnia
362 476 404 516 in
444 477 678 523 adventum
717 483 1033 527 Germanorum
1077 487 1236 528 deferri
1283 489 1498 532 suadebat
1511 508 1523 541 3

69 556 165 583 cum
202 546 315 587 enim
351 548 564 605 imprimis
600 555 849 598 Germaniae
888 560 1030 600 clerus
1065 562 1265 602 maximis
1306 565 1525 606 erroribus

66 614 337 670 depravatus
371 622 427 662 ad
463 624 682 667 meliorem
717 628 913 685 indigeat
955 633 1091 674 vitam
1126 637 1330 684 revocari,
1364 652 1520 692 parum

62 684 153 727 haec
183 689 285 739 illis,
328 707 427 748 quae
467 710 578 737 nunc
611 698 920 751 deliberantur,
962 706 1197 760 profutura
1237 708 1397 757 aiebat,
1441 711 1523 751 nisi

62 769 301 814 praesentes
323 781 348 806 a
376 771 519 809 sancta
552 770 721 826 SJmodo
743 774 869 815 officii
890 777 956 817 sui
978 777 1307 828 admoneantur,
1339 780 1520 838 haecque

60 831 236 876 illorum
258 839 390 881 etiam
412 856 620 884 consensu
641 847 902 890 sanciantur.

120 907 568 966 Quinqueeclesiensis
589 918 719 959 etiam
752 923 1030 977 peroptabat,
1065 932 1114 966 ut
1138 933 1283 968 sancta
1317 929 1518 984 Synodus

61 982 267 1034 graviora
303 985 401 1034 alia,
431 995 474 1028 et
495 988 562 1029 his
582 990 712 1046 longe
736 985 912 1036 utiliora
933 998 1281 1053 aggrederetur,
1312 1010 1370 1047 et,
1402 1003 1516 1044 inter

60 1059 231 1103 caetera,
254 1060 542 1113 proponebat,
571 1071 620 1103 ut
640 1064 683 1104 in
707 1065 956 1110 Germaniae
979 1078 1023 1112 et
1043 1071 1294 1129 Hungariae
1314 1074 1416 1116 locis
1433 1075 1516 1117 Ca-

59 1123 276 1168 thedrales
308 1129 516 1173 Ecclesiae
549 1137 801 1192 erigantur3
836 1156 933 1182 cum
963 1144 1076 1184 enim
1113 1147 1311 1201 regiones
1339 1155 1382 1188 ct
1410 1163 1516 1204 agro

58 1198 307 1256 finibusque
328 1204 413 1244 sint
435 1205 674 1257 latissimae,
711 1213 901 1254 accidere
924 1230 1053 1270 saepe,
1088 1219 1308 1267 narrabat,
1333 1227 1381 1260 ut
1403 1221 1516 1262 intra

55 1273 249 1327 spatium
282 1282 574 1321 trecentorum
612 1284 860 1326 milliarium
895 1288 968 1329 vix
1002 1305 1103 1338 una,
1147 1298 1223 1331 aut
1258 1292 1399 1333 altera
1431 1294 1514 1335 Ca-

56 1343 266 1387 thedralis
287 1348 561 1403 inveniatur3
596 1370 696 1410 quae
719 1364 864 1399 tamen
897 1359 991 1401 loca
1024 1362 1275 1418 frequentes
1297 1365 1516 1408 Ecclesias

54 1423 100 1458 et
130 1418 332 1462 Pastores
354 1425 638 1478 postularent.
703 1429 834 1473 Unde
866 1434 1068 1475 assiduus
1094 1437 1170 1478 ssat
1194 1445 1346 1480 ventus
1377 1439 1513 1482 haere·

53 1505 163 1533 sum.

110 1564 204 1605 Alii
225 1569 434 1620 permulti
455 1579 531 1612 aut
550 1578 711 1629 aperta,
736 1584 813 1618 aut
834 1580 1012 1636 obliqua
1028 1584 1221 1625 oratione
1244 1585 1356 1625 idem
1381 1586 1511 1641 signi-

51 1637 254 1688 ficabant,
278 1641 481 1685 maluisse
499 1660 543 1687 se
565 1647 769 1690 solidiora
790 1659 924 1707 atque
945 1654 1236 1698 fructuosiora
1249 1658 1302 1699 de
1319 1660 1511 1700 moribus

52 1712 332 1754 restituendis
353 1726 610 1771 argumenta
632 1721 803 1777 Synodo
824 1729 1020 1781 proponi.

112 1784 223 1834 Quae
242 1801 345 1828 vero
362 1788 416 1830 de
436 1789 502 1831 his
524 1792 630 1847 ipsis
651 1794 834 1837 decretis
855 1801 1078 1855 praecipue
1101 1803 1402 1847 animadversa
1417 1807 1508 1848 fue-

50 1864 167 1906 runt,
188 1858 280 1900 haec
303 1860 390 1903 fere
414 1870 542 1914 sunt3
575 1881 675 1907 nam
698 1869 911 1925 imprimis
942 1875 1143 1916 omnibus
1175 1877 1356 1932 placuit,
1390 1881 1508 1935 quod

49 1938 143 1973 erat
165 1933 414 1978 Secundum
431 1938 682 1990 Decretum,
699 1951 868 1986 mutato
889 1946 1050 1997 ordine,
1069 1951 1211 2005 primo
1231 1952 1321 1994 loco
1342 1954 1505 2003 referri,

50 2004 168 2060 quod
203 2007 259 2048 sit
300 2009 355 2050 ad
397 2012 567 2068 reliqua
608 2016 745 2057 veluti
785 2022 1164 2075 praeparatorium.
1228 2023 1281 2065 In
1319 2041 1368 2067 eo
1404 2042 1506 2068 vero

49 2080 367 2124 contendebant
387 2086 526 2134 multi,
549 2095 600 2129 ut
631 2098 859 2133 caveretur
882 2093 1105 2136 Canonem
1135 2099 1270 2139 sancti
1302 2099 1506 2157 Gregorii

47 2150 92 2192 in
112 2153 243 2195 titulo
264 2155 317 2197 de
351 2157 542 2201 Simonia
576 2162 618 2202 in
653 2163 961 2208 Decretalibus
987 2170 1249 2225 generaliter
1274 2174 1504 2217 observan-

49 2223 167 2275 dum,
190 2234 240 2268 ut
255 2230 392 2285 gratis
413 2233 557 2274 omnia
578 2236 904 2290 perficerentur,
927 2256 1004 2282 nec
1027 2244 1259 2300 quicquam
1283 2248 1503 2291 aNotario

51 2306 128 2341 aut
149 2316 176 2342 a
195 2303 416 2355 ministris,
440 2308 601 2352 nedum
625 2313 680 2352 ab
701 2313 925 2372 Episcopo
948 2319 1216 2375 acciperetur
1237 2324 1309 2364 alii
1331 2327 1503 2368 maluis-

48 2380 156 2423 sent,
192 2382 240 2417 ut
261 2392 347 2433 quo
369 2386 566 2438 tempore
589 2385 760 2429 ordines
780 2390 1027 2432 conferendi
1047 2401 1149 2435 sunt
1179 2395 1266 2437 duo
1299 2412 1352 2438 ex
1376 2399 1503 2441 Clero

49 2445 244 2490 Diocesis
278 2451 594 2510 deligerentur,
625 2460 701 2515 qui
732 2477 889 2505 munus
929 2464 1008 2506 hoc
1050 2469 1188 2523 gratis
1227 2478 1499 2526 praestarent.

47 2516 213 2562 Verum
238 2525 427 2579 probata
455 2530 596 2586 magis
619 2547 769 2574 eorum
793 2535 878 2577 fuit
899 2539 1056 2592 opinio,
1079 2542 1155 2595 qui
1179 2542 1354 2584 Notarii
1380 2545 1499 2587 labo-

46 2605 135 2633 rem
158 2597 281 2638 tenui
302 2600 498 2643 mercede
520 2607 885 2660 compensandum
914 2626 967 2652 ex
1000 2615 1185 2669 receptis
1209 2616 1499 2673 interpretum

46 2665 89 2706 in
118 2668 268 2710 eodem
293 2671 498 2729 Gregorii
520 2692 679 2720 canone
700 2682 942 2724 rationibus
963 2685 1262 2737 tradiderunt3
1295 2691 1499 2745 quoniam

46 2743 191 2782 tamen
214 2743 335 2785 Galli
371 2747 491 2802 apud
526 2764 598 2790 eos
633 2751 675 2792 in
705 2768 821 2794 more
855 2756 1044 2810 positum
1077 2757 1293 2808 dicebant,
1323 2769 1373 2803 ut
1393 2763 1502 2805 nihil

50 2823 223 2864 prorsus
245 2830 295 2856 eo
316 2819 484 2860 nomine
508 2824 796 2876 persolvatur,
822 2829 913 2869 visa
934 2829 1017 2871 fuit
1035 2830 1125 2871 haec
1149 2832 1384 2876 laudabilis
1405 2852 1499 2878 con-

1180 2920 1207 2945 M
1244 2908 1269 2947 2
