1905 3254
696 281 804 310 sess.
829 281 922 310 vni.
1452 269 1537 309 603

79 387 178 428 Hac
212 387 348 443 igitur
382 401 458 442 spe
498 387 636 427 fretus
672 387 868 442 approbo
903 386 1016 428 diem
1059 390 1327 444 propositam
1369 389 1534 431 futurae

79 474 270 501 sessionl.

136 531 230 572 Alii
270 532 424 572 Patres
476 531 598 571 varia
649 530 999 587 responderunt:
1032 532 1206 587 f'omnes
1256 540 1403 574 tamen
1454 535 1535 576 fre-

81 605 292 661 quentius
327 604 580 645 dilationem
613 606 813 645 sessionis
855 606 1183 661 approbarunt3
1225 621 1325 648 nam
1362 608 1536 649 fuerant

79 685 251 720 tantum
283 677 337 717 36
361 677 436 733 qui
464 684 784 733 repugnarunt.
850 678 1009 733 Itaque
1040 679 1156 719 facta
1187 686 1253 720 est
1282 682 1535 735 prorogatio

80 751 280 792 sessionis
300 750 344 790 in
364 750 480 790 diem
501 750 543 790 S.
562 750 746 791 Martini
767 765 862 790 eum
887 751 1092 791 facultate
1117 766 1211 792 eam
1236 753 1536 794 abbreviandi.

137 825 240 865 Non
291 823 530 864 defuerunt
579 824 733 865 Patres
773 824 913 871 multi,
955 824 1033 879 qui
1073 832 1405 879 conquerentur,
1448 833 1536 866 tam

79 897 258 954 longam
281 897 530 938 dilationem
553 897 847 952 praestitutam
873 897 1039 952 absque
1061 898 1242 946 ratione,
1258 913 1354 938 cum
1376 898 1537 939 debue-

80 971 167 1012 rint
201 970 363 1027 Legati
404 970 583 1011 definire
622 970 667 1011 in
703 971 886 1010 sessione
923 971 1147 1011 materiam
1185 972 1443 1012 sacramenti
1483 971 1537 1012 de

83 1043 378 1091 Matrimonio,
402 1049 533 1098 prout
556 1058 581 1084 a
602 1043 809 1084 Patribus
830 1043 1078 1084 examinata
1099 1043 1256 1091 fuerat,
1275 1051 1318 1084 et
1339 1059 1364 1084 a
1385 1045 1539 1101 majori

81 1121 207 1171 parte
249 1116 464 1171 probata3
517 1131 629 1162 nam,
664 1116 741 1170 qui
780 1116 824 1156 in
864 1116 1050 1156 sessione
1092 1116 1330 1157 voluissent
1370 1117 1414 1158 id
1452 1132 1538 1158 non

80 1189 286 1244 probare,
300 1189 488 1229 liberum
506 1189 566 1229 eis
582 1189 737 1229 fuisset
758 1188 1005 1236 dissentire3
1035 1189 1310 1237 verebantur,
1325 1191 1468 1239 etiam,
1482 1205 1537 1231 ne

79 1261 472 1318 posthaeoratores
498 1261 746 1316 Principum
775 1261 873 1302 hinc
895 1262 1160 1303 occasionem
1183 1262 1422 1317 arriperent
1453 1270 1538 1303 ter-

82 1334 303 1390 giversare
343 1334 386 1373 in
428 1334 562 1374 rebus
602 1334 765 1381 multis,
806 1335 908 1374 licet
948 1334 1086 1375 minor
1126 1349 1226 1389 pars
1262 1335 1445 1375 Patrum
1486 1335 1540 1375 iis

83 1405 281 1453 haereret,
306 1407 382 1461 qui
414 1406 619 1462 exemplo
640 1406 718 1446 hoc
748 1407 843 1462 ipso
864 1407 908 1447 id
939 1422 983 1447 se
1006 1406 1145 1447 facere
1170 1407 1408 1462 aliquando
1431 1408 1539 1464 obji-

82 1494 177 1520 cere
208 1479 386 1534 possint.
450 1480 687 1527 Praeterea,
720 1495 816 1520 cum
854 1479 947 1520 haec
979 1480 1146 1528 dilatio,
1177 1496 1276 1521 cum
1310 1481 1406 1521 aliis
1439 1497 1539 1536 quae

83 1560 340 1608 supererant
376 1552 615 1602 tractanda,
647 1552 874 1607 protrahat
906 1568 982 1594 nos
1013 1554 1055 1593 in
1084 1569 1297 1594 summam
1328 1553 1539 1609 hyemem,

82 1625 255 1666 videtur
277 1625 520 1667 Concilium
552 1626 631 1667 hoc
662 1627 902 1666 continuari
930 1642 1007 1681 per
1036 1634 1172 1667 totam
1203 1627 1419 1683 hyemem,
1442 1643 1540 1668 011111

83 1713 160 1740 1100
193 1698 386 1754 Hispani
418 1714 495 1740 nec
529 1699 663 1747 Galli,
691 1700 773 1739 nisi
808 1699 1066 1740 adveniente
1101 1716 1212 1747 vere,
1238 1701 1425 1755 amplius
1457 1701 1542 1742 sint

84 1771 328 1819 discessuri,
372 1778 415 1812 et
466 1772 520 1812 ad
573 1772 616 1812 id
669 1787 808 1827 usque
850 1778 1023 1826 tempus
1073 1773 1217 1812 omnia
1269 1772 1541 1826 producturi,

83 1844 250 1886 Verum
281 1844 373 1885 haec
406 1845 557 1886 dilatio
589 1846 777 1886 maxima
809 1846 1062 1886 necessitate
1090 1846 1204 1886 faeta
1238 1846 1347 1886 fuit:
1385 1846 1538 1901 primo,

86 1917 190 1972 quia
219 1918 333 1959 inter
367 1918 559 1975 Legatos
589 1919 718 1974 ipsos,
744 1918 992 1959 Cardinalis
1014 1918 1293 1967 Varmiensis,
1323 1925 1364 1959 et
1406 1919 1540 1960 Simo-

87 1997 209 2032 netta
226 1992 269 2032 in
288 2007 338 2032 eo
355 1992 663 2047 persistebant,
680 1999 730 2032 ut
745 1991 835 2031 haec
851 1991 1123 2032 matrimonia
1139 2006 1221 2031 non
1246 1992 1516 2032 irritarentur
1533 2008 1541 2031 :

85 2064 138 2105 iis
171 2064 303 2105 etiam
331 2064 613 2105 Madruecius
643 2064 852 2112 haerebat,
875 2072 918 2105 et
947 2065 1075 2105 multi
1102 2065 1175 2104 alii
1204 2065 1406 2105 Praelati:
1455 2066 1542 2105 imo

87 2137 176 2178 duo
208 2138 271 2178 illi
302 2137 463 2194 Legati
495 2138 750 2179 ferebantur
782 2152 923 2178 coram
947 2137 1150 2178 Praelatis
1180 2137 1474 2184 denuntiasse,
1498 2152 1543 2178 se

87 2210 236 2265 potius
267 2225 320 2251 ex
356 2211 544 2251 sessione
585 2210 858 2258 discessuros,
892 2216 969 2250 aut
997 2209 1051 2250 ad
1080 2210 1189 2250 smum
1231 2210 1542 2265 appellaturOS,

90 2298 222 2339 quam
247 2289 298 2324 ut
318 2282 506 2324 decretis
536 2282 600 2323 illi
631 2283 900 2324 consentiant
918 2283 1001 2323 nisi
1028 2283 1280 2323 melioribus
1301 2283 1544 2323 rationibus

89 2355 423 2396 convincantur)
469 2355 641 2396 Deinde
665 2363 857 2396 oratores
879 2371 1026 2396 omnes
1048 2356 1299 2410 Principum
1322 2370 1547 2410 repugna—

90 2429 209 2476 bant,
242 2444 296 2470 ne
322 2429 455 2470 sessio
487 2428 620 2470 fuerit
654 2430 822 2484 absque
856 2429 1047 2469 articulis
1076 2428 1411 2476 reformationis3
1444 2443 1542 2468 nam

91 2502 373 2547 dubitabant,
389 2518 457 2549 ne,
473 2510 649 2558 peracto
671 2503 749 2544 hoc
771 2510 1049 2550 sacramento,
1074 2501 1191 2557 quod
1211 2502 1415 2543 ultimum
1437 2509 1542 2550 erat,

93 2577 336 2618 Concilium
368 2577 476 2618 forte
508 2577 831 2623 dissolveretur,
868 2578 1119 2633 imperfecta
1160 2576 1301 2617 adhuc
1340 2577 1542 2618 reforma-

92 2649 221 2690 tione.
285 2648 397 2690 Haec
439 2656 584 2691 autem
627 2650 876 2691 reformatio
916 2649 960 2689 in
1002 2648 1198 2704 praesenti
1233 2648 1429 2689 concludi
1463 2663 1545 2689 non

94 2730 283 2778 poterat,
308 2739 404 2764 cum
439 2723 627 2764 nondum
665 2723 887 2764 sententiae
925 2737 1056 2778 super
1093 2738 1143 2763 eo
1177 2722 1361 2778 prolatae
1390 2729 1542 2764 essent.

611 2813 617 2830 ¹
646 2813 940 2851 Communicamur,
960 2814 1032 2843 MS.
