1905 3254
676 274 787 304 sssss
812 275 857 304 11.
1454 258 1506 299 73

44 379 174 420 editae
205 380 381 427 fuerint,
405 394 547 435 neque
571 387 718 422 tamen
740 381 839 422 huic
870 390 959 422 tam
990 396 1150 438 magno
1185 396 1231 422 ac
1266 380 1506 436 pernicioso

42 453 194 495 morbo
227 453 463 494 salutarem
501 454 635 495 ullam
678 455 895 510 profuisse
933 455 1203 502 medicinam,
1231 453 1410 501 censuit,
1454 459 1506 493 ut

43 524 201 566 delecti
223 525 278 566 ad
294 526 405 567 hanc
427 526 777 582 disquisitionem
801 528 971 577 Patres,
996 528 1049 569 de
1071 528 1264 569 censuris
1291 526 1506 581 librisque

44 598 150 653 quid
172 598 286 640 facto
307 614 420 654 opus
443 607 556 640 esset
578 600 816 656 diligenter
838 601 1169 648 considerarent,
1204 607 1336 655 atque
1374 600 1506 640 etiam

44 670 99 711 ad
121 671 302 712 eandem
329 672 531 713 Sanctam
558 672 783 728 Synodum
815 688 892 714 suo
916 681 1113 729 tempore
1143 673 1386 715 referrent:
1420 687 1507 727 quo

43 744 214 784 facilius
236 744 332 799 ipsa
352 745 491 799 possit
517 745 660 785 varias
684 752 727 786 et
754 746 1010 801 peregrinas
1035 745 1268 793 doctrinas,
1294 752 1503 799 tanquam

45 818 222 867 zizania,
249 834 273 859 a
302 818 567 859 Christianae
591 820 792 860 veritatis
827 820 970 861 tritico
1005 835 1224 876 separare,
1262 819 1406 875 deque
1440 818 1507 859 his

44 891 311 932 commodius
349 891 596 933 deliberare
629 899 673 933 et
705 899 913 941 statuere,
938 908 1037 948 qua*
1072 892 1126 933 ad
1158 892 1414 948 scrupulum
1453 906 1506 932 ex

45 965 335 1020 complurium
354 966 508 1006 animis
522 965 812 1008 eximendum.
837 973 880 1007 et
902 966 1117 1008 tollendas
1134 966 1376 1007 multarum
1401 980 1504 1020 que-

44 1039 237 1080 relarum
261 1055 413 1081 causas
434 1040 574 1096 magis
596 1047 847 1096 opportuna
872 1040 1156 1081 videbuntur.
1221 1039 1334 1080 Haec
1356 1046 1503 1079 autem

45 1113 189 1154 omnia
213 1113 266 1154 ad
289 1114 492 1154 notitiam
516 1128 879 1169 quorumcunque
903 1113 1093 1154 deducta
1121 1127 1213 1153 esse
1237 1112 1346 1160 vult,
1372 1119 1505 1167 prout

45 1187 173 1227 etiam
192 1187 436 1243 praesertim
461 1186 635 1227 decreto
659 1186 850 1234 deducit,
875 1194 924 1227 ut
947 1187 981 1227 si
1005 1187 1102 1241 quis
1126 1184 1179 1226 ad
1212 1200 1255 1225 se
1283 1185 1505 1240 pertinere

44 1260 192 1316 aliquo
209 1260 335 1301 modo
357 1261 596 1316 putaverit,
622 1275 721 1315 quae
746 1260 816 1300 vel
848 1260 902 1300 de
929 1259 1007 1300 hoc
1037 1259 1246 1299 librorum
1277 1265 1320 1298 et
1356 1272 1505 1298 censu-

43 1349 189 1375 rarum
221 1335 397 1390 negotio
424 1336 452 1389 [,
476 1335 545 1375 vel
568 1334 622 1375 de
647 1334 742 1374 aliis
765 1349 866 1389 qua¹
890 1335 934 1374 in
962 1333 1041 1374 hoc
1070 1333 1265 1390 generali
1290 1332 1502 1386 Concilio]

45 1407 271 1448 tractanda
317 1407 536 1462 praedixit,
585 1423 669 1448 non
713 1406 888 1448 dubitet
938 1423 961 1447 a
1017 1407 1176 1447 Sancta
1235 1405 1408 1461 Synodo
1460 1420 1504 1446 se

45 1478 234 1535 benigne
283 1479 483 1521 auditum
536 1480 600 1520 iri.
681 1480 829 1529 Quum
870 1494 971 1520 vero
1010 1478 1159 1519 eadem
1206 1478 1266 1517 Sm
1305 1476 1505 1533 Synodus

46 1566 99 1593 ex
142 1552 267 1594 corde
305 1561 446 1610 optat,
492 1552 730 1607 Deumque
767 1553 892 1593 enixe
930 1559 1070 1608 rogat,
1112 1566 1211 1606 quae
1257 1550 1312 1591 ad
1353 1565 1503 1606 pacem

45 1632 145 1666 sunt
177 1625 399 1673 Ecclesiae,
435 1633 484 1666 ut
522 1626 711 1666 universi
756 1639 1026 1665 communem
1073 1630 1255 1662 matrem
1294 1623 1334 1661 in
1377 1622 1505 1662 terris

47 1706 341 1755 agnoscentes,
366 1714 466 1755 quae
491 1714 599 1754 quos
622 1698 796 1754 peperit
818 1696 1015 1737 oblivisci
1052 1710 1133 1735 non
1168 1701 1325 1750 potest,
1351 1695 1503 1734 unani-

45 1787 135 1813 mes
156 1787 243 1812 uno
276 1786 348 1812 ore
379 1771 669 1827 glorificemus
703 1770 848 1810 Deum
879 1776 923 1809 ct
958 1768 1134 1809 Patrem
1159 1766 1250 1806 Dni
1282 1767 1366 1807 Nri
1393 1767 1504 1808 Jesu

47 1844 143 1892 Xti,
174 1859 253 1900 per
297 1845 461 1885 viscera
498 1842 802 1884 misericordiae
837 1841 1032 1897 ejusdem
1067 1840 1168 1887 Dei,
1207 1847 1251 1880 et
1280 1839 1369 1879 Dni
1403 1840 1503 1888 Nri,

47 1932 208 1965 omnes,
232 1917 307 1972 qui
330 1917 553 1957 nobiscum
584 1916 930 1956 communionem
957 1929 1041 1954 non
1064 1913 1229 1953 habent
1253 1912 1307 1953 ad
1337 1928 1504 1954 concor-

47 1990 162 2031 diam
198 1997 242 2031 et
274 1990 685 2037 reconciliationem,
722 1996 770 2029 ut
806 1987 861 2028 ad
895 1987 1004 2028 hanc
1044 1987 1245 2027 Sanctam
1281 1987 1502 2042 Synodum

47 2064 221 2105 veniant
252 2064 423 2111 invitat,
461 2070 593 2118 atque
616 2062 831 2107 hortatur,
855 2069 995 2117 utque
1028 2061 1250 2101 caritatem
1285 2059 1403 2115 quod
1440 2067 1506 2101 est

47 2137 271 2178 vinculum
298 2137 575 2193 perfectionis
599 2136 935 2191 amplectantur,
960 2148 1203 2188 pacemque
1233 2133 1395 2174 Christi
1432 2148 1503 2174 ex-

49 2210 263 2252 ultantem
302 2211 344 2251 in
369 2210 571 2251 cordibus
602 2209 691 2249 suis
723 2222 813 2263 prae
847 2222 891 2247 se
922 2206 1080 2253 ferant,
1111 2206 1153 2245 in
1192 2220 1323 2260 quam
1362 2206 1504 2246 vocati

48 2292 148 2325 sunt
171 2285 216 2325 in
240 2299 326 2325 uno
343 2299 532 2340 corpore.
597 2282 725 2322 Hanc
744 2296 849 2336 ergo
864 2295 947 2320 non
966 2279 1201 2319 humanam
1219 2278 1296 2319 sed
1313 2279 1505 2333 Spiritus

50 2357 197 2398 Sancti
225 2372 373 2398 vocem
399 2355 640 2402 audientes,
670 2369 723 2395 ne
747 2353 965 2394 obdurent
989 2351 1118 2391 corda
1140 2365 1231 2397 sua,
1261 2349 1337 2390 sed
1358 2351 1402 2390 in
1426 2365 1504 2391 suo

50 2443 177 2470 sensu
199 2443 283 2469 non
309 2428 602 2474 ambulantes,
628 2441 769 2481 neque
799 2425 881 2465 sibi
907 2423 1144 2479 placentcS,
1170 2420 1224 2460 ad
1261 2427 1350 2460 tam
1383 2422 1500 2476 piam

51 2507 94 2541 et
125 2499 362 2540 salutarem
399 2499 550 2540 matris
578 2514 668 2539 sua»
703 2497 1043 2538 admonitionem
1067 2494 1314 2534 excitentur
1342 2499 1387 2533 et
1409 2508 1503 2534 con-

50 2580 302 2615 vertantur:
336 2573 539 2614 omnibus
571 2573 684 2613 enim
718 2571 912 2612 caritatis
944 2569 1092 2609 officiis
1122 2573 1270 2607 sancta
1301 2565 1504 2620 Synodus

51 2662 122 2689 eos
143 2656 192 2689 ut
215 2648 385 2696 invitat,
409 2649 472 2689 ita
495 2646 810 2702 complectitur.

111 2722 293 2777 Insuper
314 2720 464 2762 eadem
489 2726 637 2760 sancta
659 2716 863 2774 Synodus
884 2714 1091 2759 decrevit,
1116 2711 1241 2752 fidem
1281 2710 1502 2765 publicam

49 2791 92 2833 in
116 2791 470 2849 Congregatione
490 2791 682 2848 generali
704 2789 879 2831 concedi
896 2802 1034 2843 posse,
1051 2791 1093 2825 ct
1111 2782 1290 2824 candem
1317 2783 1403 2823 vim
1427 2783 1503 2824 ha-
