1905 3254
331 295 415 334 604
944 313 1056 342 stass.
1082 312 1177 342 vni.

333 417 596 467 Accedebat,
614 418 738 474 quod
762 418 892 459 Card⁵
914 419 1243 475 Lotharingius‚
1262 418 1431 474 pridem
1451 419 1586 459 literis
1605 418 1674 459 Smi
1704 417 1788 458 Nri

333 491 389 531 ad
409 491 577 532 Urbem
601 499 779 533 vocatus
801 499 844 533 et
864 493 1090 540 invitatus,
1109 494 1200 548 jam
1222 492 1456 533 discessum
1479 491 1786 548 praeparabat;

332 578 410 604 nec
430 564 599 605 reditus
620 565 740 605 illius
763 572 861 605 ante
884 565 1041 605 mensis
1063 565 1256 619 spatium
1279 566 1445 620 sperari
1476 571 1663 619 poterat,
1695 564 1788 619 qui,

333 650 430 676 cum
453 637 640 677 maxime
659 643 838 692 cuperet
854 637 1030 677 sessioni
1052 638 1213 678 futurae
1236 638 1455 684 interesse,
1473 641 1655 692 ejusque
1677 651 1788 691 prae-

332 710 472 749 sentia
508 710 794 751 accelerandis
830 716 874 751 et
911 710 1216 751 concludendis
1248 711 1382 750 rebus
1418 710 1660 766 plurimum
1693 723 1790 764 pro-

332 782 485 823 futura
519 789 796 837 speraretur:
833 783 931 823 ideo
967 798 1051 823 non
1087 783 1231 838 potuit
1265 783 1398 823 sessio
1421 783 1476 823 ad
1505 797 1665 838 paucos
1698 781 1791 821 dies

332 860 503 895 tantum
535 855 729 909 produci,
753 855 828 895 sed
859 870 912 896 ex
934 859 1030 909 ejus
1052 870 1228 909 quoque
1251 870 1457 895 consensu
1487 856 1679 910 spatium
1711 854 1790 894 hoc

331 925 521 966 electum
557 927 654 971 fuit,
689 927 809 981 quod
842 927 974 967 rebus
1009 927 1210 982 gerendis
1246 927 1512 968 commodius
1550 927 1787 967 videretur.

334 998 515 1038 Interim
549 999 663 1039 enim
699 999 838 1039 multa
873 999 1111 1055 digerenda
1147 1007 1190 1040 et
1226 999 1499 1040 excutienda¹
1543 1005 1790 1054 praeparata

332 1078 468 1119 erant,
492 1079 541 1112 ut
563 1080 716 1127 postea
735 1073 986 1128 plenissima
1007 1075 1139 1114 sessio
1162 1074 1413 1114 haberetur.

391 1145 493 1185 Non
533 1145 744 1193 omittam,
781 1145 944 1186 multos
986 1146 1122 1201 vulgo
1164 1147 1402 1195 criminare,
1438 1147 1518 1187 hac
1557 1146 1789 1193 occasione,

332 1218 482 1258 solitos
528 1218 662 1258 fuisse
710 1218 905 1274 Legatos
952 1220 1082 1274 ipsos,
1126 1227 1169 1260 et
1217 1219 1461 1275 praesertim
1511 1219 1790 1260 Cardinalem

334 1290 580 1337 Moronum,
608 1292 683 1346 qui
713 1292 756 1332 in
790 1293 977 1348 gratiam
1010 1293 1266 1348 Principum
1299 1292 1652 1347 prorogationem
1683 1290 1792 1331 hanc

332 1364 611 1418 permisisset,
634 1379 766 1420 seque
790 1380 938 1406 eorum
961 1365 1177 1406 voluntati
1198 1380 1374 1421 prorsus
1396 1364 1642 1405 addixisset.
1686 1365 1788 1420 Ipse

334 1443 480 1478 tamen
514 1438 642 1493 culpa
683 1453 786 1479 sane
810 1439 988 1479 carebat
1028 1453 1081 1479 ex
1120 1438 1363 1478 rationibus
1398 1437 1675 1493 supradictiS,
1713 1437 1791 1478 sed

333 1510 492 1550 mirum
516 1525 599 1550 non
621 1518 699 1558 est,
724 1526 807 1558 eos,
833 1512 910 1566 qui
942 1518 1105 1551 statum
1140 1525 1285 1551 rerum
1315 1525 1399 1551 non
1432 1517 1594 1558 tenent,
1627 1517 1791 1552 temere

335 1581 522 1621 aliorum
545 1581 660 1622 facta
676 1582 887 1636 judicare.

391 1654 461 1694 De
486 1654 656 1695 Comite
678 1655 876 1696 Lunensi
908 1656 1095 1697 Oratore
1116 1657 1252 1712 Regis
1276 1656 1494 1697 Catholici
1517 1656 1654 1712 vulgo
1681 1656 1790 1697 fere-

333 1727 454 1775 bant,
477 1742 577 1768 eum
601 1728 758 1768 omnia²
780 1735 949 1770 tentare
972 1737 1022 1770 ut
1047 1729 1292 1770 Concilium
1314 1728 1393 1770 hoc
1414 1729 1458 1769 in
1480 1729 1663 1784 longum
1687 1743 1788 1784 pro·

332 1799 590 1841 traheretur.
654 1801 771 1841 Nam
793 1801 836 1841 in
859 1802 1045 1843 sessione
1073 1801 1338 1857 praecedenti
1369 1801 1672 1855 postulaverat
1693 1816 1789 1842 eam

284 1902 296 1908 -
333 1872 497 1913 differri
527 1874 570 1914 in
604 1874 772 1928 aliquot
802 1874 908 1915 dies.
972 1874 1143 1914 Deinde
1173 1873 1398 1915 dicebatur
1426 1890 1585 1931 urgere
1616 1875 1790 1917 assiduo

335 1946 666 2002 Imperatorem,
689 1954 740 1988 ut
762 1948 931 2002 aliquot
955 1948 1198 1988 Germanos
1229 1947 1453 1990 haereticos
1481 1949 1565 1990 huc
1585 1950 1790 1997 mitteret,

333 2018 410 2073 qui
433 2018 486 2058 de
513 2018 797 2074 dogmatibus
820 2020 1043 2060 nobiscum
1071 2027 1264 2075 agerent,
1289 2028 1332 2061 et
1361 2021 1452 2076 qui,
1477 2037 1531 2062 ex
1553 2022 1674 2062 salvo
1696 2037 1790 2063 con-

333 2089 471 2130 ductu
502 2090 585 2130 illis
606 2105 816 2138 concesso,
840 2098 1014 2146 possent
1046 2089 1409 2133 anteactabmnia
1436 2100 1647 2148 repetere,
1671 2101 1714 2135 et
1745 2095 1790 2134 in

331 2162 652 2216 disputationes
684 2163 836 2218 longas
866 2179 942 2204 nos
973 2164 1224 2219 perducere.
1288 2165 1476 2205 Petebat
1495 2181 1635 2220 porro,
1658 2172 1705 2207 ut
1737 2166 1790 2207 de

333 2235 595 2290 quibusdam
614 2236 906 2291 dogmatibus,
925 2252 1024 2291 quae
1042 2244 1290 2292 supersunt,
1309 2238 1431 2292 prius
1449 2252 1527 2292 per
1540 2238 1789 2295 Theologos

333 2307 519 2347 minores
550 2314 777 2362 ageretur:
810 2322 905 2347 cum
940 2315 1085 2349 tamen
1118 2310 1191 2349 alii
1221 2316 1368 2350 contra
1393 2310 1619 2359 sentirent,
1645 2311 1786 2352 veluti

333 2379 387 2420 de
424 2380 736 2436 Indulgentiis,
773 2382 1303 2431 excommunicationibus,
1342 2390 1385 2423 et
1425 2383 1651 2432 similibus,
1689 2400 1787 2425 cum

333 2454 436 2493 satis
467 2453 522 2494 sit
554 2468 686 2508 super
717 2454 842 2494 certis
874 2454 1139 2509 quibusdam
1182 2455 1529 2496 conclusionibus
1565 2457 1789 2511 opiniones

338 2527 661 2568 Haereticorum
714 2526 934 2575 damnare,
991 2535 1034 2568 et
1090 2528 1385 2583 prolixitatem
1437 2528 1786 2584 disputationum

332 2600 508 2646 evitare,
562 2601 656 2655 ipse
708 2606 853 2640 tamen
910 2600 1038 2641 valde
1092 2601 1386 2656 repugnabat.
1458 2602 1603 2643 Romae
1656 2604 1788 2643 etiam

332 2673 518 2713 ministri
541 2673 677 2728 Regis
708 2687 826 2727 saepe
857 2673 903 2713 id
933 2674 1150 2715 inculcare
1181 2673 1454 2721 dicebantur,
1478 2689 1562 2714 non
1595 2690 1687 2717 esse
1719 2691 1787 2717 res

378 2775 386 2792 ¹
412 2775 487 2805 This
506 2775 529 2805 is
545 2774 594 2804 the
609 2775 676 2804 best
688 2776 771 2806 word
789 2777 802 2805 I
819 2788 877 2807 can
894 2778 966 2816 give
983 2778 1028 2809 for
1042 2789 1061 2808 a
1076 2782 1156 2809 most
1171 2777 1405 2816 unintelligible
1421 2788 1479 2808 one
1494 2778 1526 2808 iu
1543 2778 1593 2807 the
1611 2778 1681 2808 MS.

376 2825 388 2842 ²
412 2826 487 2856 Here
503 2827 533 2856 in
547 2826 597 2856 the
618 2826 685 2857 MS.
703 2827 728 2857 is
744 2828 949 2869 mistakingly
967 2831 1202 2871 repeated—De
1219 2830 1360 2861 Comite.
1374 2852 1381 2860 .
1395 2852 1403 2861 .
1417 2852 1423 2859 .
1434 2830 1605 2861 Catholici.
