1905 3254
680 314 789 345 sess.
815 314 892 346 vn.
1433 309 1511 349 391

59 412 177 452 trina
214 413 342 454 finem
382 413 605 458 diuturnis
645 421 1034 463 concertationibus
1072 424 1398 480 imponendum,
1441 429 1515 470 vix

62 490 206 526 tamen
228 486 431 529 Tridenti
450 489 613 531 limites
636 502 891 545 excesserat,
929 512 1025 537 cum
1050 500 1252 540 neutrius
1272 501 1392 542 illam
1414 517 1514 558 par-

59 557 115 598 tis
147 564 247 599 voto
280 561 538 616 respondere
571 563 842 620 deprehendi
877 569 1035 624 coepit:
1070 585 1155 611 non
1188 572 1314 614 Italis
1349 576 1513 623 multis,

60 631 176 686 quod
196 646 250 673 ex
272 648 325 674 ea
345 634 473 676 nimis
508 636 644 678 tribui
676 638 925 695 Episcopis,
957 649 1001 683 et
1035 643 1176 684 minus
1209 645 1344 701 Papae
1381 663 1512 703 quam

58 703 218 753 deceat,
236 706 510 761 judicarent:
546 725 631 751 non
652 712 784 753 etiam
810 713 1022 769 Hispanis
1045 722 1088 757 et
1113 717 1269 767 Gallis,
1288 720 1405 774 quod
1426 721 1515 762 illis

57 777 240 818 nimium
273 794 325 821 ea
346 781 483 837 Papae
505 782 665 832 favere,
702 791 745 825 et
774 785 1010 842 Episcopis
1040 787 1251 845 derogare
1275 791 1511 834 videretur.

59 849 206 899 Quare
228 851 392 908 Legati
412 853 501 895 haec
523 855 765 905 audientes,
804 873 902 899 cum
936 859 1124 905 videant,
1155 865 1327 905 tametsi
1359 864 1512 906 Romae

4 932 10 937 ·
57 923 333 977 probaretur,
357 940 453 967 eam
475 934 620 969 tamen
637 932 971 972 controversiam
993 947 1077 974 non
1100 934 1280 976 dubiam
1303 936 1371 978 hic
1391 937 1512 979 habi-

56 1000 213 1043 turam,
245 1011 343 1038 cum
377 998 685 1057 Lotharingio,
716 1002 982 1052 Madruccio,
1019 1013 1062 1046 et
1099 1006 1309 1062 Hispanis
1342 1009 1513 1066 aliquot

55 1069 329 1119 conveniunt,
364 1079 414 1113 ut
450 1072 646 1115 doctrina
679 1082 722 1117 et
760 1075 961 1118 Canones
993 1094 1104 1134 pure
1145 1079 1199 1121 de
1234 1082 1514 1125 Sacramento

56 1138 245 1190 Ordinis,
282 1150 326 1184 et
360 1144 468 1185 nihil
500 1145 554 1187 de
587 1147 902 1190 Jurisdictione
939 1150 1170 1206 loquentes
1206 1156 1510 1207 conficiantur3

55 1220 104 1254 ut
134 1214 195 1255 ita
225 1215 545 1271 disputationes
576 1234 722 1262 omnes
756 1223 1073 1277 praecidantur:
1108 1234 1427 1284 praetereaque,
1450 1230 1514 1270 di·

56 1288 188 1328 versis
209 1288 406 1331 formulis
427 1290 673 1348 descriptis,
696 1293 788 1336 haec
811 1310 911 1351 quae
934 1297 1047 1338 infra
1069 1306 1146 1347 est,
1170 1301 1236 1340 uti
1260 1302 1437 1356 aequior,
1471 1309 1514 1344 et

55 1359 112 1400 ab
133 1362 335 1403 omnibus
358 1363 528 1405 facilius
550 1366 815 1421 recipienda,
841 1369 896 1409 ab
919 1368 984 1409 his
1007 1385 1184 1426 quoque
1206 1373 1395 1427 probata
1417 1382 1482 1416 cst
1502 1392 1510 1425 ;

54 1448 186 1489 quam
209 1444 472 1478 censuerunt
504 1438 655 1480 eodem
689 1448 897 1482 contextu
930 1457 1025 1483 cum
1064 1451 1222 1497 quarto
1255 1460 1348 1501 cap.
1382 1461 1510 1502 supe-

51 1507 173 1548 rioris
193 1508 400 1551 doctrinae
418 1513 767 1568 conjungendam
793 1529 884 1555 esse
907 1515 950 1555 in
973 1515 1086 1556 hunc
1109 1517 1299 1558 modum.

651 1650 813 1714 Caput
848 1654 921 1698 4¹¹¹.

109 1768 268 1810 Sancta
291 1771 491 1826 Synodus
512 1772 716 1822 declarat,
741 1774 785 1813 in
807 1774 1089 1816 Sam-amento
1114 1776 1306 1827 Ordinis,
1336 1780 1446 1821 sicut
1468 1788 1511 1823 et

50 1841 94 1881 in
107 1841 338 1898 Baptismo
355 1851 398 1885 et
416 1844 771 1893 Confirmatione,
790 1846 1099 1887 Chai-actorem
1113 1848 1320 1904 imprimi,
1344 1853 1421 1907 qui
1435 1869 1511 1895 nec

51 1912 200 1963 deleri,
223 1930 299 1956 nec
322 1917 482 1958 auferri
504 1919 666 1973 possit:
702 1918 815 1959 unde
838 1920 991 1960 merito
1006 1919 1254 1962 damnanda
1274 1931 1338 1964 cst
1360 1940 1509 1968 eorum

51 1988 278 2037 sententia,
294 1990 371 2044 qui
396 1998 611 2039 asserunt,
629 1992 729 2031 novi
755 1997 838 2032 test
843 1993 1005 2033 amenti
1027 1993 1270 2036 sacerdotes
1293 2003 1508 2053 tempora-

47 2060 157 2101 riam
175 2063 476 2104 tantummodo
498 2071 759 2119 potestatem
776 2065 950 2108 habere
967 2080 1015 2106 ae
1039 2067 1173 2107 semel
1195 2069 1276 2109 lite
1290 2070 1510 2114 01dinat0s

48 2133 206 2175 iterum
220 2135 348 2176 laicos
367 2137 477 2177 effici
490 2152 627 2192 posse,
653 2139 686 2178 si
706 2154 730 2178 x
736 2139 830 2178 erbi
851 2138 939 2178 Dei
962 2139 1251 2181 ministe1ium
1274 2157 1359 2184 non
1387 2160 1508 2187 exer-

49 2215 195 2249 ceant:
229 2208 347 2265 quod
368 2210 404 2250 si
429 2210 529 2265 quis
555 2210 764 2265 [dixerit],
790 2226 937 2252 omnes
964 2211 1235 2253 Christianos
1265 2217 1506 2270 promiscue

47 2280 148 2320 novi
177 2282 423 2321 testamenti
446 2282 700 2323 Sacerdotes
725 2298 830 2331 (sse,
855 2291 932 2324 aut
960 2299 1106 2324 omnes
1135 2285 1389 2328 Sacerdotes
1411 2291 1508 2344 pari

48 2351 161 2393 inter
183 2368 227 2394 se
250 2362 468 2409 potestate
491 2356 713 2412 spirituali
735 2356 942 2412 praeditos
965 2372 1070 2404 esse,
1092 2357 1199 2398 nihil
1223 2359 1345 2400 aliud
1366 2360 1506 2404 facere

49 2424 235 2474 videtur,
259 2441 390 2482 quam
412 2428 760 2470 Ecclesiasticam
785 2430 1106 2479 IIierarchiam,
1126 2445 1224 2485 quae
1248 2439 1326 2479 est,
1346 2440 1396 2474 ut
1417 2449 1505 2476 cas-

48 2500 211 2538 trorum
249 2499 376 2550 acies,
412 2501 622 2550 ordinata,
658 2503 934 2551 confundere,
972 2502 1154 2558 perinde
1191 2518 1239 2544 ac
1274 2505 1322 2552 si,
1357 2514 1506 2549 contra

47 2569 248 2624 Apostoli
271 2572 523 2622 doctrinam,
539 2590 685 2616 omncs
707 2577 924 2632 Apostoli,
937 2591 1083 2617 omnes
1099 2576 1341 2631 Prophetae,
1358 2594 1504 2622 omnes

47 2639 365 2699 Evangelistae,
387 2660 532 2687 omnes
554 2647 768 2696 Pastores,
792 2663 939 2689 omncs
955 2649 1041 2689 sint
1056 2648 1279 2689 Doctores.
1313 2649 1501 2694 Deinde1

49 2712 108 2753 Su.
129 2715 331 2771 Synodus
357 2718 562 2769 declarat,
594 2728 754 2775 praeter
785 2727 962 2762 caeteros
991 2721 1308 2764 Ecclesiasticos
1329 2725 1502 2780 gradus,

644 2837 650 2854 ¹
678 2838 777 2867 Perin«
784 2839 821 2876 le,
840 2839 909 2868 MS.
