1905 3254
707 307 817 337 sess.
845 308 884 337 v.
1434 295 1514 334 159

53 416 175 457 nium
206 415 316 456 illud
348 430 452 457 vere
486 416 541 457 ab
575 430 625 457 eo
657 416 859 467 obtineri,
887 416 1067 472 taleque
1095 415 1216 472 quod
1235 417 1276 458 ei
1297 415 1353 457 ad
1374 416 1511 458 vitam

53 488 354 530 sustinendam
377 489 483 530 satis
505 489 573 538 sit,
598 495 733 545 atque
754 489 865 530 illud
886 489 1092 545 deinceps
1112 489 1392 532 inalienabile
1414 505 1510 531 con-

53 563 220 610 stituat,
263 563 399 604 donec
438 563 697 604 beneficium
738 563 953 604 sufficiens
1004 564 1059 604 sit
1100 563 1288 620 adeptus
1331 565 1513 606 arbitrio

53 634 250 690 ejusdem
287 635 513 690 Episcopi.
577 635 624 676 Si
658 650 761 676 vero
796 635 954 691 aliquis
984 635 1227 677 devotionis
1255 637 1424 678 fervore
1447 652 1512 678 ac-

53 721 203 748 census
224 708 471 762 promoveri
493 707 548 748 ad
569 723 711 749 sacros
733 707 907 749 ordines
928 716 1124 764 cuperet,
1160 708 1356 765 ejusdem
1379 709 1512 764 Epis-

53 780 147 836 copi
179 780 234 821 sit
267 781 525 831 arbitrium,
560 782 665 823 item
704 783 740 822 si
767 797 881 838 opus
910 789 1022 823 esset
1043 797 1204 838 magno
1227 781 1511 824 Sacerdotum

53 868 235 895 numero
256 869 335 910 pro
357 855 593 896 serviendis
618 855 826 912 Capellis,
862 857 1075 912 Episcopi
1104 856 1346 913 diligenter
1380 858 1513 898 consi-

53 927 206 969 derent
246 928 499 986 hujusmodi
539 930 854 979 necessitatem,
897 938 940 972 et
982 945 1061 986 pro
1102 931 1225 973 cultu
1266 930 1428 980 divino,
1470 939 1513 973 et

54 1010 188 1059 piout
211 1004 477 1045 conscientiae
500 1019 591 1045 suae
610 1008 795 1060 Justum¹
819 1020 911 1046 esse
934 1005 1173 1054 videbitur,
1197 1005 1454 1048 deliberent.

112 1076 143 1117 J
148 1091 216 1117 am
238 1092 355 1126 ver0,
374 1078 580 1133 quoniam
604 1079 660 1119 ab
681 1078 967 1120 ecclesiastico
988 1078 1137 1120 ordine
1158 1079 1296 1120 omnis
1317 1085 1514 1135 quaestus

55 1149 341 1205 cupiditatem
380 1151 532 1192 abesse
567 1159 755 1207 oportet,
784 1152 891 1192 nihil
925 1168 1005 1208 pro
1041 1152 1269 1194 collatione
1307 1168 1513 1208 quorum-

53 1238 227 1280 cunque
261 1223 474 1272 ordinum,
509 1225 638 1266 etiam
673 1225 881 1266 clericalis
912 1232 1119 1273 tonsurae,
1154 1232 1233 1266 aut
1266 1241 1346 1282 pro
1377 1226 1514 1268 literis

54 1296 320 1346 dimissoriis,
354 1313 433 1339 nec
469 1313 549 1354 pro
581 1298 739 1355 sigillo,
776 1313 853 1339 nec
895 1305 1104 1354 tanquam
1147 1298 1312 1354 aliquid
1346 1301 1516 1341 notario

55 1369 269 1419 debitum,
305 1378 381 1412 aut
416 1371 501 1412 alia
528 1386 791 1427 quacunque
823 1371 877 1412 de
899 1387 1042 1420 causa,
1067 1372 1197 1414 etiam
1221 1379 1372 1429 sponte
1394 1374 1513 1415 obla-

56 1450 165 1492 tum,
187 1443 400 1501 Episcopi
422 1452 500 1486 aut
531 1460 682 1486 eorum
718 1446 917 1494 ministri,
951 1446 1109 1501 quovis
1141 1453 1375 1502 praetextu,
1410 1447 1515 1488 acci-

55 1517 188 1574 piant.
251 1518 426 1559 Notarii
448 1534 549 1560 vero
566 1534 646 1574 pro
673 1518 810 1560 literis
842 1519 1220 1566 testimonialibus,
1240 1520 1325 1562 viz.
1349 1519 1514 1568 charta,

56 1606 166 1639 cera,
202 1592 391 1647 capsula,
435 1599 480 1634 et
515 1593 666 1633 labore
702 1608 792 1640 suo,
827 1592 960 1633 nihilo
996 1593 1098 1648 plus
1135 1608 1267 1649 quam
1304 1593 1515 1634 decimam

56 1663 186 1704 unius
207 1664 303 1704 auri
323 1671 492 1719 partem
512 1665 704 1721 accipere
724 1665 890 1720 possint
908 1682 919 1715 3
951 1666 1015 1707 ita
1035 1672 1181 1707 tamen
1203 1666 1239 1706 si
1260 1666 1321 1706 eis
1340 1666 1516 1706 nullum

57 1738 263 1779 salarium
281 1753 305 1778 a
322 1738 501 1794 publico
523 1738 580 1779 sit
602 1739 889 1780 constitutum
911 1754 990 1795 pro
1007 1739 1144 1779 officio
1165 1738 1245 1780 hoc
1260 1739 1516 1787 exercendo,

58 1819 136 1852 aut
167 1810 277 1852 illud
307 1811 391 1866 ipsi
421 1826 506 1851 non
528 1811 832 1859 conduxerint,
857 1826 953 1852 cum
976 1810 1042 1851 his
1063 1810 1234 1852 casibus
1257 1811 1395 1867 gratis
1415 1827 1517 1868 ope-

58 1898 151 1925 ram
174 1899 296 1924 suam
320 1898 390 1924 eos
410 1891 619 1940 praestare
653 1885 826 1925 omnino
859 1885 998 1926 teneri
1030 1883 1224 1925 decrevit
1235 1900 1246 1934 ;
1283 1886 1518 1926 contrarias

57 1963 182 1998 taxas
215 1971 263 1997 ac
293 1964 460 1998 statuta
487 1963 530 1998 et
561 1957 899 1998 consuetudines
921 1972 1285 2013 quorumcunque
1306 1957 1515 2006 locorum,

61 2046 161 2087 quae
195 2031 342 2086 potius
376 2031 541 2072 abusus
574 2037 615 2072 et
640 2031 915 2087 corruptelae,
941 2031 1230 2072 Simoniacam
1250 2032 1515 2087 pravitatem

61 2106 342 2155 continentes,
366 2107 611 2162 nuncupari
644 2113 838 2162 possunt.
868 2106 1044 2162 penitus
1065 2106 1285 2154 cassando,
1319 2114 1363 2149 et
1384 2107 1516 2149 inter-

60 2180 238 2223 dicendo
255 2197 265 2231 3
290 2187 332 2222 et
354 2181 429 2236 qui
450 2195 575 2222 secus
591 2181 785 2229 fecerint,
809 2188 897 2221 tam
916 2180 1070 2222 dantes
1093 2195 1225 2235 quam
1243 2181 1516 2237 accipienteS,

62 2254 264 2296 Simoniae
297 2270 466 2311 poenas,
496 2270 594 2311 quae
626 2255 670 2296 in
691 2255 895 2296 omnibus
917 2255 1047 2295 sacris
1070 2254 1322 2296 Canonibus
1352 2262 1397 2297 et
1424 2271 1518 2297 con-

61 2328 366 2369 stitutionibus
400 2343 676 2369 summorum
710 2329 970 2370 Pontificum
1008 2328 1301 2377 continentur,
1337 2343 1388 2369 eo
1422 2329 1519 2384 ipso

61 2401 294 2450 incurrant,
331 2409 375 2443 et
410 2402 486 2450 ita,
529 2402 645 2443 ultra
676 2402 870 2444 divinam
904 2403 1130 2450 ultionem,
1164 2417 1189 2442 a
1220 2402 1520 2457 superioribus

61 2481 272 2531 tanquam
295 2475 525 2516 Simoniaci
546 2476 818 2517 severissime
842 2477 1095 2532 puniantur.

120 2549 236 2592 Cum
268 2565 354 2591 non
389 2550 683 2592 servientibus
718 2550 839 2591 nulla
871 2565 1034 2591 merces
1068 2551 1170 2606 jure
1206 2547 1435 2597 debeatur,
1478 2556 1522 2590 et

64 2622 273 2665 beneficia
313 2623 369 2664 ad
407 2623 607 2665 divinum
648 2625 831 2673 cultum,
874 2632 1008 2680 atque
1050 2622 1339 2664 ecclesiastica
1378 2623 1522 2664 omnia

63 2696 278 2747 obeunda,
311 2697 396 2739 sint
431 2698 681 2745 constituta,
718 2713 771 2739 ne
808 2712 896 2754 qua
931 2698 976 2738 in
1012 2702 1137 2753 parte
1173 2695 1346 2737 divinus
1379 2695 1522 2737 cultus

66 2769 297 2818 minuatur,
335 2769 411 2812 sed
444 2771 484 2811 ei
519 2771 721 2813 debitum
760 2772 963 2813 omnibus
1003 2771 1047 2812 in
1087 2771 1220 2812 rebus
1259 2769 1519 2826 obsequium

400 2858 406 2876 ¹
433 2859 570 2890 Cultum
587 2861 618 2891 in
634 2860 685 2891 the
702 2861 781 2899 MS„
798 2861 900 2891 which
919 2864 1031 2891 cannot
1048 2860 1084 2891 be
1098 2859 1188 2899 right.
