1905 3254
675 284 783 316 sass.
811 286 888 315 vn.
1433 274 1518 314 409

61 403 160 431 nam
198 389 408 431 nonnulla
448 404 547 446 quae
589 391 875 447 proponenda
922 392 1058 449 vulgo
1098 393 1517 435 circumferebantur

60 463 170 504 nihil
192 463 387 518 praeclari
408 470 451 505 et
473 465 620 505 eximii
642 466 874 514 continere,
898 481 995 506 cum
1019 468 1165 509 onmia
1186 476 1363 524 sumpta
1383 469 1469 510 sint
1492 485 1518 510 a

59 538 158 593 jure
181 536 421 578 communi:
455 552 499 578 se
522 541 690 592 majora
711 538 897 587 omnino,
919 553 1004 579 non
1026 539 1119 580 haec
1143 541 1344 596 vulgaria
1365 557 1518 598 expec-

62 617 189 652 tasse.

119 681 388 738 Seripandus
412 682 467 723 ad
488 681 594 729 haee,
620 697 663 723 se
686 682 796 723 nihil
818 683 860 722 in
894 698 1044 724 eorum
1079 685 1267 740 gratiam
1302 694 1517 741 quantum

59 756 120 797 eis
155 769 234 810 per
272 755 426 796 Patres
462 755 647 801 licuerit,
682 757 1063 812 praetermissuros.
1127 758 1179 798 In
1213 759 1518 801 reformatione

60 835 207 870 autem
231 827 310 869 hoe
331 828 554 884 praecipue
579 829 663 884 agi,
691 836 741 870 ut
765 830 933 885 antiqui
958 830 1169 878 Canoncs,
1204 833 1282 887 qui
1302 833 1345 872 in
1368 832 1518 874 desue-

60 900 254 942 tudinem
279 901 496 948 abierunt,
521 902 821 948 restituantur,
846 918 892 943 ac
925 903 1056 958 prisci
1088 919 1227 945 mores
1249 912 1517 946 revocentur.

60 974 115 1017 Id
134 976 170 1016 si
190 982 438 1031 praestetur,
463 976 566 1016 satis
587 976 791 1016 omnibus
813 976 1063 1018 facturum)
1126 977 1333 1020 Oratores
1354 979 1409 1020 ad
1425 978 1518 1020 haec

62 1064 195 1107 poene
219 1050 555 1100 obmutuerunt,
578 1049 631 1090 ad
654 1050 826 1105 aliaque
849 1049 1136 1092 diverterunt.

116 1123 292 1165 Interea
314 1138 417 1165 vero
434 1124 667 1179 quaestioni
685 1123 738 1164 de
752 1123 1006 1165 Residentia
1028 1126 1345 1180 pertractandae
1368 1126 1519 1167 scdulo

56 1211 82 1237 a
98 1197 306 1238 Patribus
327 1197 370 1237 in
397 1211 598 1237 consessu
628 1211 764 1252 opera
785 1195 975 1237 dabatur
993 1214 1003 1247 3
1036 1213 1237 1253 cumque,
1262 1199 1396 1239 variis
1417 1200 1518 1240 sub-

56 1270 162 1311 ortis
195 1269 536 1327 impedimcntiS‚
568 1270 730 1326 saepius
763 1276 891 1310 antea
934 1271 1064 1311 sessio
1100 1271 1313 1326 producta
1349 1272 1517 1321 fuisset,

54 1357 168 1384 nunc
186 1358 376 1398 quoquc,
395 1342 583 1383 nondum
607 1342 819 1382 absolutis
840 1343 1078 1391 sententiis,
1096 1358 1189 1384 eam
1207 1359 1357 1384 rursus
1374 1351 1517 1385 extra-

54 1414 158 1457 here
181 1423 425 1472 oporteret:
459 1417 516 1456 sic
540 1415 810 1471 Seripandus
830 1415 883 1456 ad
900 1415 1054 1456 Patres
1076 1416 1246 1457 locutus
1265 1423 1342 1457 cst.

113 1489 340 1531 Orandum
367 1498 445 1538 cst,
469 1497 519 1531 ut
540 1489 618 1530 hoe
641 1490 734 1544 ipso
767 1488 838 1529 die
872 1489 1061 1544 quisque
1099 1489 1279 1531 inducat
1317 1491 1517 1532 volunta-

55 1569 143 1604 tem
168 1567 262 1618 ejus
297 1563 501 1618 Spiritus,
539 1577 670 1617 quem
706 1561 832 1603 modo
869 1563 1085 1618 conceptis
1120 1564 1265 1604 verbis
1300 1564 1516 1605 invocavi-

54 1649 174 1675 mus:
207 1635 365 1675 scimus
381 1650 458 1674 nos
474 1635 635 1690 sa‘pius
653 1635 902 1675 Sessionuni
923 1635 1256 1690 prorogationes
1276 1650 1515 1685 accusasse,

55 1710 227 1764 utpote'
249 1723 348 1764 quae
362 1708 655 1749 contentiones
673 1714 874 1763 arguant,
897 1714 1030 1763 atque
1049 1708 1183 1748 animi
1206 1709 1517 1760 mobilitatem3

55 1780 129 1822 sed
152 1780 258 1836 quid
280 1780 450 1822 dicam?
485 1781 630 1821 Amici
665 1781 803 1821 nostri
836 1781 1109 1835 quaesierunt
1145 1781 1251 1837 quid
1283 1782 1518 1824 laudarent

51 1854 94 1895 in
115 1855 253 1902 nobis,
287 1862 330 1896 ct
362 1854 537 1895 abunde
560 1855 832 1895 invenerunt.
897 1854 1069 1911 Injurie‘i
1091 1862 1206 1895 certe
1230 1870 1307 1895 nos
1342 1870 1514 1897 accusa-

55 1943 168 1977 mur,
193 1928 313 1984 quod
350 1928 646 1984 prolixitatem
685 1934 890 1975 vestram,
928 1934 972 1968 et
1009 1942 1226 1968 sermones
1262 1934 1387 1968 extra
1423 1943 1515 1971 rein

55 2007 179 2042 tanta
200 2001 413 2042 modestia
444 2002 719 2042 sustinemus.
783 2000 942 2041 Videte
965 2000 1006 2040 in
1029 2015 1115 2056 quo
1151 2000 1371 2041 laudanda
1397 2008 1515 2042 essct

56 2073 246 2121 bonitas,
271 2081 314 2115 et
336 2074 551 2129 patientia
572 2080 730 2121 nostra,
756 2080 800 2114 et
821 2088 935 2114 nunc
959 2089 984 2114 a
1006 2073 1130 2113 vobis
1152 2072 1515 2129 reprehenditur3

56 2147 132 2188 sed
175 2148 303 2189 liceat
338 2147 444 2187 mihi
481 2162 560 2202 per
598 2153 784 2195 aetatem,
827 2152 871 2186 ct
912 2146 1261 2187 benevolentiam
1298 2160 1405 2202 erga
1441 2161 1517 2187 vos

55 2234 195 2261 meam
219 2227 370 2276 aperte
392 2220 538 2277 loqui:
573 2234 783 2276 quorsum
806 2226 869 2260 tot
893 2219 1109 2274 prooemia
1130 2220 1173 2259 in
1206 2219 1285 2260 hac
1309 2234 1439 2259 causa
1461 2218 1515 2259 de

55 2291 339 2335 Residentia?
371 2309 578 2350 quorsum
612 2292 782 2350 digredi
816 2293 859 2333 in
882 2292 999 2333 illius
1021 2292 1203 2333 laudes?
1265 2292 1376 2342 Quis
1400 2292 1515 2333 enim

56 2372 143 2408 tam
166 2369 412 2423 perfricatae
436 2368 587 2410 frontis
609 2374 688 2415 cst,
712 2367 788 2423 qui
810 2366 970 2407 neseiat
990 2366 1280 2407 necessarium
1304 2380 1395 2406 esse
1414 2380 1516 2406 vero

56 2439 243 2490 Pastori,
282 2443 442 2483 ovibus
475 2442 564 2482 suis
602 2440 840 2481 adsistere?
903 2439 1075 2494 Itaque,
1109 2454 1206 2479 curn
1248 2438 1343 2479 haec
1374 2441 1518 2480 vestra

63 2514 190 2570 culpa
218 2516 305 2556 sint
326 2515 533 2571 profecta,
557 2513 820 2555 miseremini
843 2513 991 2561 nostri,
1015 2519 1059 2553 et
1081 2512 1343 2553 miseremini
1367 2513 1514 2560 vestri,

56 2587 319 2629 miseremini
340 2589 472 2629 vestri
494 2595 539 2629 et
560 2587 703 2629 nostri.
747 2586 969 2643 Optamus
984 2600 1060 2626 nos
1074 2585 1313 2626 Sessionem
1333 2585 1514 2627 arbitrio

55 2667 198 2702 nostro
220 2661 496 2717 suspendere,
530 2676 607 2702 seu
640 2660 839 2710 differre;
872 2658 948 2700 sed
982 2659 1189 2714 quoniam
1222 2658 1358 2714 aliqui
1379 2660 1513 2700 cauti-

56 2747 152 2775 ores
180 2741 359 2792 negant,
389 2734 432 2774 id
464 2738 563 2790 Jurc
600 2734 812 2790 permitti,
846 2738 1080 2788 propterea
1113 2730 1232 2787 quod
1263 2731 1305 2771 in
1334 2731 1514 2774 ferenda

272 2824 279 2842 ¹
309 2824 473 2861 Futuram‚
493 2824 562 2855 MS.
1080 2820 1092 2838 ²
1118 2822 1194 2862 th;
1221 2821 1291 2852 MS.
