1905 3254
329 295 413 334 630
959 309 1072 338 sssss
1100 309 1159 338 lx.

609 673 748 712 ACTA
778 676 826 713 9ae
854 674 922 711 ET
952 673 1183 711 ULTIMAE
1216 673 1502 711 SESSIONIS.

830 784 894 808 DIE
916 787 945 809 12
971 783 1186 809 NOVEMBRIS
1208 787 1281 809 1563.

327 899 420 940 DIE
444 899 645 955 sequenti
668 905 768 955 post
789 905 1011 954 peractam
1037 898 1290 946 Sessionem,
1320 898 1525 953 deputati
1556 911 1689 952 super
1718 911 1782 939 re-

326 972 585 1014 formatione
608 987 752 1012 coram
773 971 955 1027 Legatis
988 971 1219 1012 emendant
1253 986 1305 1012 ea
1334 986 1433 1027 quae
1460 971 1504 1011 in
1539 970 1724 1011 sessione
1758 985 1784 1011 a

324 1046 478 1102 majori
507 1052 632 1100 parte
664 1046 799 1086 Prum
833 1044 1012 1085 fuerunt
1048 1050 1230 1092 mutata,
1255 1044 1356 1092 viz„
1378 1045 1423 1084 in
1456 1044 1500 1084 3⁰
1529 1044 1573 1084 in
1595 1044 1638 1084 5⁰
1660 1050 1703 1084 et
1736 1042 1782 1084 in

323 1118 394 1168 6⁰3
428 1118 763 1174 emendatioque
782 1118 865 1158 fuit
887 1118 1002 1158 facta
1021 1119 1156 1173 juxta
1176 1118 1363 1173 ipsamet
1384 1117 1519 1158 verba
1541 1115 1781 1162 Jadrensis,

325 1192 380 1232 ad
420 1208 552 1248 quam
597 1193 672 1233 alii
711 1207 756 1232 se
797 1191 1069 1239 remiserunt,
1112 1197 1244 1246 prout
1284 1206 1419 1247 supra
1457 1190 1663 1238 diximus,
1706 1188 1784 1245 qui

323 1265 354 1307 J
358 1265 583 1306 adrenscm
624 1266 898 1322 probarunt,¹
944 1265 1074 1306 etiam
1121 1264 1363 1310 inserendo,
1409 1270 1460 1304 ut
1502 1262 1701 1304 Insulani
1740 1267 1784 1303 et

322 1339 613 1381 Ultramarini
633 1339 844 1395 Episcopi
861 1354 947 1379 non
969 1345 1222 1379 tenerentur
1239 1338 1294 1379 ad
1322 1337 1567 1379 Concilium
1601 1335 1782 1377 Provin-

324 1412 428 1453 ciale
465 1412 666 1454 accedere
700 1413 784 1453 nisi
819 1427 897 1468 per
937 1412 1299 1461 Procuratorem3
1347 1425 1594 1466 parumque
1637 1408 1783 1450 abfuit

323 1487 442 1543 quod
463 1487 506 1527 in
523 1487 812 1528 tumultuario
832 1486 910 1526 illo
933 1500 1064 1541 opere
1085 1484 1165 1525 hoc
1184 1485 1315 1525 etiam
1330 1484 1629 1525 obtineretur:
1662 1481 1781 1539 quod

322 1565 466 1601 tamen
489 1575 646 1615 parum
671 1575 849 1615 {equum
871 1559 1035 1599 fuisset.
1097 1557 1262 1599 Verum
1294 1556 1337 1596 in
1358 1556 1439 1596 hoe
1467 1554 1655 1596 secundo
1687 1555 1779 1595 fue-

320 1640 424 1673 runt
447 1639 617 1673 tantum
643 1633 711 1681 279,
734 1634 810 1688 qui
832 1648 933 1673 eum
961 1637 1250 1687 sequerentur
1276 1631 1321 1671 in
1352 1630 1395 1670 30
1422 1636 1569 1671 autem
1606 1629 1706 1669 122:
1738 1629 1781 1669 in

322 1707 474 1763 quinto
501 1707 594 1755 119,
617 1707 660 1746 111
682 1706 726 1745 60
750 1707 843 1754 118,
869 1706 944 1761 qui
966 1705 1264 1761 sequebantur
1285 1707 1493 1759 majorem
1525 1709 1695 1759 partem
1720 1702 1759 1743 8.

721 1833 812 1881 Die
844 1836 900 1881 13
930 1833 1217 1880 Novembris
1247 1835 1389 1880 1563.

377 1949 603 1992 Vocantur
624 1965 766 1991 coram
788 1950 974 2005 Legatis
994 1949 1177 1990 Praelati
1207 1949 1262 1989 ‘25
1295 1962 1349 1989 ex
1381 1947 1563 1989 diversis
1595 1947 1778 1989 nationi-

318 2023 415 2071 bus,
439 2030 483 2064 ct
504 2022 818 2080 Lotharingius
835 2039 883 2064 ac
906 2022 1210 2063 Madruccius:
1243 2035 1431 2076 cumque
1444 2020 1528 2061 illis
1545 2020 1778 2060 communi-

320 2111 414 2136 care
436 2096 588 2152 incipit
603 2096 852 2137 Cardinalis
866 2096 1091 2143 Moronus,
1114 2094 1166 2135 de
1189 2093 1378 2134 finiendo
1398 2092 1606 2140 Concilio,
1629 2099 1673 2133 et
1689 2106 1779 2148 qua

320 2169 488 2210 ratione
502 2170 669 2211 facilius
684 2169 739 2210 ad
753 2169 919 2210 exitum
934 2168 1115 2225 perduci
1128 2167 1277 2223 possit,
1292 2173 1523 2223 postquam
1535 2168 1626 2222 jam
1641 2166 1784 2208 omnia

319 2241 372 2282 de
391 2243 694 2290 Sacramentis,
713 2250 755 2283 et
771 2242 859 2283 fere
877 2242 1021 2283 omnia
1034 2241 1087 2281 de
1103 2240 1428 2281 Reformatione
1445 2246 1545 2280 sunt
1562 2240 1777 2281 absoluta.

320 2315 463 2370 quue
486 2323 530 2356 et
554 2316 664 2356 Smum
686 2315 743 2356 D.
768 2316 826 2356 N.
852 2315 982 2355 etiam
1004 2313 1129 2354 valde
1152 2329 1312 2369 cupere
1333 2329 1413 2369 pro
1447 2314 1664 2354 communi
1694 2314 1778 2355 uti-

318 2389 457 2436 litate,
491 2395 534 2430 et
569 2389 775 2444 quoniam
812 2388 954 2428 multa
985 2387 1161 2428 interim
1202 2386 1395 2428 accidere
1432 2394 1626 2442 possent,
1662 2403 1776 2443 quae,

320 2463 537 2519 pendente
580 2463 789 2511 Concilio,
839 2476 1043 2518 magnam
1094 2461 1470 2516 perturbationem
1521 2462 1775 2502 excitarent.

320 2538 439 2579 Tum
473 2537 627 2578 Cardlis
666 2537 984 2593 Lotharingius
1016 2535 1208 2576 oratione
1237 2535 1393 2583 varias,
1431 2550 1516 2576 non
1548 2535 1686 2576 solum
1712 2551 1776 2577 ra-

319 2610 472 2658 tiones,
512 2610 588 2651 sed
629 2611 759 2651 etiam
797 2610 1088 2658 necessitates,
1131 2608 1386 2655 declaravit,
1428 2623 1508 2664 pro
1549 2608 1775 2650 incolumi-

320 2689 411 2723 tate
445 2683 688 2723 Provinciae
727 2682 980 2729 Gallicanae,
1004 2688 1055 2722 ut
1089 2680 1333 2721 Concilium
1366 2680 1459 2728 hoc,
1480 2695 1564 2721 non
1593 2695 1775 2736 suspen-

320 2756 447 2802 sione,
485 2754 560 2796 sed
596 2770 650 2796 ex
686 2769 788 2795 vero
824 2754 920 2801 fine,
944 2759 987 2794 et
1019 2768 1070 2793 eo
1102 2768 1232 2809 quam
1264 2753 1497 2800 celerrime,
1529 2751 1774 2794 claudatur.

906 2873 913 2890 ¹
941 2874 1100 2906 Potucrat,
1118 2874 1188 2903 MS.
