1905 3254
677 282 788 313 SEss.
813 282 888 315 vn.
1431 271 1516 310 445

59 401 161 428 num
200 400 325 442 aeque
356 386 399 426 in
433 387 636 428 omnibus
676 394 742 429 est
777 387 1078 438 retinendum3
1123 388 1200 430 sed
1236 390 1365 431 variae
1407 397 1509 431 sunt

57 458 278 506 Ecclesiae,
323 459 366 498 in
400 459 562 514 quibus
593 474 678 500 non
711 468 893 515 possunt
927 461 1129 501 Pastores
1161 476 1415 516 permanere
1455 463 1511 503 ob

58 531 234 588 injurias
269 531 557 579 saecularium,
597 539 641 572 et
679 532 781 587 quia
820 533 1050 573 necessarii
1085 540 1187 574 sunt
1221 534 1434 590 Episcopi
1468 535 1511 575 in

60 604 261 645 Consiliis
275 604 527 659 Principum
547 619 626 659 pro
642 604 835 644 utilitate
850 605 1067 651 Ecclesiae,
1087 612 1130 646 et
1152 606 1260 646 alias
1276 607 1332 647 ob
1353 608 1512 649 multas

58 693 218 719 causas.
283 677 448 719 Verum
473 678 516 718 in
549 677 828 725 contrarium,
854 677 972 732 quod
1003 678 1090 718 imo
1124 677 1330 733 expediat
1371 679 1513 730 illud,

59 751 123 792 ΡΟ.
149 750 254 806 quia
272 750 515 791 necessaria
537 757 600 791 est
621 750 883 799 reformatio,
911 750 1098 791 maxime
1121 749 1201 791 hoc
1224 757 1435 807 tempore,
1468 760 1513 793 et

57 823 99 863 in
130 821 208 862 hac
244 837 317 871 re,
349 823 404 862 2⁰.
438 822 564 863 sicuti
595 823 639 863 in
660 822 1017 878 deploratissimis
1039 823 1169 863 rebus
1191 823 1344 864 medici
1365 825 1512 865 confu-

58 895 182 951 giunt
202 894 257 935 ad
278 901 472 936 extrema
492 895 699 944 remedia,
732 896 790 936 sic
813 895 892 937 hoe
914 903 1109 952 tempore
1133 895 1187 936 ad
1209 897 1238 937 J
1245 912 1294 937 us
1316 896 1510 937 divinum

56 967 376 1017 recurrendum,
413 984 509 1009 cum
547 969 633 1010 alia
653 984 737 1009 non
772 969 965 1025 prosint;
999 971 1054 1010 3⁰.
1079 970 1183 1025 quia
1205 970 1430 1026 Principes
1451 971 1514 1011 ita

61 1041 291 1082 cessabunt
309 1042 365 1082 ab
386 1042 572 1097 injuriis.
589 1058 684 1083 cum
702 1042 879 1083 videant
893 1042 1004 1083 Jure
1018 1042 1168 1083 divino
1181 1042 1258 1083 hoc
1272 1049 1483 1083 statutum
1502 1059 1511 1092 ;

37 1102 112 1155 ⁴4⁰.
137 1116 242 1171 quia
263 1131 346 1157 non
369 1123 514 1171 potest
536 1116 581 1156 id
604 1117 791 1171 amplius
827 1116 969 1156 omitti
993 1116 1157 1172 absque
1187 1117 1374 1157 maximo
1397 1131 1513 1157 scan-

56 1188 181 1238 dalo3
215 1195 258 1230 et
280 1189 435 1245 populi
458 1196 705 1245 expectant,
730 1204 782 1229 an
817 1190 954 1230 simus
983 1190 1094 1244 justi
1116 1189 1298 1230 Judiccs
1319 1190 1361 1229 in
1386 1205 1515 1230 causa

57 1268 216 1304 nostra.
282 1263 430 1319 Igitur
466 1263 605 1304 sentio
641 1264 816 1303 omnino
853 1278 946 1303 esse
970 1262 1049 1303 hoe
1071 1262 1391 1310 declarandum,
1415 1278 1512 1303 nam

57 1343 204 1378 contra
245 1336 436 1377 adducta
479 1337 604 1377 facile
646 1352 699 1377 ex
742 1336 808 1377 his
861 1337 1091 1377 tolluntur.
1155 1337 1394 1378 Decretum
1435 1337 1515 1378 hoc

55 1413 261 1450 nostrum¹
288 1424 372 1449 non
391 1409 566 1450 videtur
588 1424 641 1450 ex
656 1409 872 1465 dignitate
897 1410 1067 1450 Sanctae
1083 1409 1258 1465 Synodi,
1283 1410 1514 1465 minusque

57 1483 252 1524 sufficere
275 1483 498 1524 decretum
521 1483 603 1523 sub
626 1483 767 1523 Paulo
794 1483 883 1523 III.
947 1483 1147 1524 Placeret
1169 1483 1288 1530 mihi,
1326 1490 1375 1524 ut
1397 1484 1513 1538 prin-

56 1556 215 1612 cipium
248 1556 411 1597 decreti
443 1557 719 1611 exprimeret,
767 1556 885 1611 quod
912 1560 1011 1611 jure
1045 1556 1192 1597 divino
1238 1557 1513 1598 residendum

56 1636 132 1678 est,
181 1636 224 1670 et
258 1629 540 1669 sacramentis
572 1628 969 1683 przedicationeque.
1003 1629 1290 1683 personaliter
1324 1629 1515 1684 populus

57 1702 309 1759 pascendus.
357 1702 473 1742 Nam
492 1717 589 1742 cum
608 1701 822 1741 Dominus
844 1701 956 1742 dixit
976 1702 1120 1752 Petro,
1139 1702 1285 1748 Pasce,
1307 1702 1340 1742 si
1356 1703 1515 1743 Petrus

57 1775 360 1831 respondisset,
386 1790 562 1832 pascam
586 1775 752 1822 absens,
776 1774 884 1829 quid
907 1774 1087 1815 dixisset
1099 1774 1346 1815 Dominus?
1390 1775 1514 1816 Vade

56 1857 170 1891 retro
186 1849 414 1891 Sathanas.
477 1849 649 1890 Vellem
672 1863 754 1903 ego
776 1848 867 1888 sine
891 1848 985 1888 aliis
1006 1848 1130 1888 novis
1147 1848 1302 1903 poeniS,
1319 1856 1369 1890 ut
1390 1864 1513 1890 revo-

56 1930 206 1965 centur
229 1924 271 1964 in
296 1938 424 1964 usum
446 1938 629 1963 munera
651 1922 970 1970 Ecclesiastica,
990 1921 1271 1970 Patriarchae,
1291 1922 1514 1979 Metropo-

57 1996 192 2045 litani,
215 1997 441 2052 Episcopi,
464 1995 777 2041 Archidiaconi,
797 2002 840 2035 et
862 1994 1030 2034 similia.

117 2067 486 2124 Vicensis-quod
515 2067 560 2107 hi
592 2067 667 2121 qui
692 2081 773 2106 non
805 2073 1001 2121 possunt,
1035 2071 1113 2105 aut
1135 2064 1289 2104 nolunt
1311 2064 1513 2113 residere,

61 2141 190 2181 variis
212 2156 265 2181 ex
287 2141 440 2187 causis,
464 2154 546 2180 non
569 2139 781 2180 deberent
803 2138 881 2179 hac.
915 2139 957 2178 in
989 2152 1034 2177 re
1063 2142 1212 2176 votum
1247 2136 1382 2184 ferre;
1415 2151 1516 2176 nam

62 2212 208 2254 Canon
252 2212 457 2269 prohibet
498 2227 582 2259 eos,
628 2212 718 2266 qui,
762 2226 857 2252 cum
894 2209 1076 2250 similem
1121 2222 1295 2248 eausam
1335 2207 1514 2256 habent,

57 2286 225 2342 judices
258 2302 364 2328 esse.
427 2287 520 2327 Nos
557 2285 764 2341 Hispani,
804 2286 877 2333 ait,
915 2285 1066 2339 inique
1093 2290 1362 2346 accusantur,
1398 2285 1517 2339 quod

62 2359 145 2400 Jus
165 2359 361 2400 divinum
396 2366 614 2414 petamus,
639 2358 861 2413 superbiae
886 2372 1040 2405 causa3
1073 2370 1170 2396 nam
1194 2355 1278 2395 imo
1309 2356 1430 2396 testis
1452 2364 1518 2398 est

62 2432 317 2472 conscientia
338 2438 497 2479 nostra,
520 2446 597 2472 nos
619 2432 808 2471 maxime
832 2429 944 2470 velle
968 2429 1186 2484 subjectos
1207 2443 1299 2468 esse
1323 2429 1400 2468 S¹¹¹⁰
1427 2430 1517 2479 Nm,

62 2504 293 2546 dummodo
336 2506 377 2545 in
421 2504 751 2545 aedificationem
794 2510 1014 2559 operetur.
1077 2503 1178 2557 Ego
1220 2502 1359 2557 igitur
1398 2518 1516 2559 rogo,

64 2579 250 2627 obsecro,
274 2586 393 2636 peto,
418 2579 605 2634 requiro,
640 2593 720 2634 pro
744 2579 856 2619 Ecc⁵⁰
890 2592 994 2618 meze
1027 2576 1246 2623 interesse,
1270 2582 1320 2617 ut
1341 2576 1516 2618 tandem

67 2651 110 2692 id
131 2651 387 2694 declaretur.

120 2725 784 2767 Gerundensis—Amoveantur
799 2739 946 2764 omnes
971 2722 1174 2764 curiales
1197 2738 1222 2764 a
1243 2724 1518 2766 conficiendis

403 2812 409 2830 ¹
436 2813 470 2842 Is
482 2812 542 2842 this
558 2812 582 2843 is
599 2817 650 2843 not
670 2811 720 2841 the
738 2810 833 2847 word,
850 2810 875 2840 it
889 2820 962 2849 may
982 2809 1016 2840 be
1032 2819 1160 2839 novum.
