1905 3254
360 277 442 318 290
979 291 1090 321 sEss.
1116 291 1192 320 vu.

368 406 459 440 tam
491 399 544 440 Sti
570 397 810 440 Sacerdotii
841 396 1173 445 administratio,
1208 402 1543 437 consentaneum
1575 395 1672 444 fuit,
1706 401 1757 435 ut
1775 395 1819 435 in

366 473 686 514 ordinatissima
706 473 819 512 ΕοοΕΒ
841 470 1123 526 dispositione
1149 470 1299 525 plures
1328 475 1371 510 et
1392 468 1555 509 diversi
1582 474 1722 509 essent
1742 467 1819 508 mi-

369 546 601 587 nistrorum
623 544 805 591 ordines,
836 544 900 584 ita
920 543 1162 591 distributi,
1197 549 1246 583 ut
1267 543 1453 583 minores
1481 557 1560 597 per
1583 541 1748 582 medios
1778 540 1821 580 in

371 623 558 674 majores
599 617 893 665 ascenderent,
935 617 990 657 ab
1032 616 1182 672 eisque
1223 615 1560 663 continerentur,
1602 615 1737 655 donec
1777 613 1821 652 in

371 690 623 731 Sacerdotio
644 695 1059 730 consummarentur.
1124 688 1270 737 Quare
1293 702 1377 727 non
1410 687 1550 727 solum
1583 686 1724 726 Sacrae
1749 684 1823 724 Li·

366 770 473 804 terae
496 763 548 803 de
571 762 780 803 Diaconis
803 769 1000 817 apertam
1023 761 1284 801 mentionem
1308 760 1487 807 faciunt,
1511 758 1588 799 sed
1610 759 1741 799 etiam
1767 756 1823 797 ab

366 836 462 891 ipso
479 836 592 876 Eccae
614 836 737 875 initio
759 834 1109 889 frequentissime
1130 833 1317 888 legimus
1332 832 1607 886 sequentium
1624 830 1824 870 ordinum

368 908 545 949 nomina
566 913 609 948 et
630 921 822 954 munera,
847 905 1112 946 Subdiaconi
1137 905 1207 945 vel
1232 905 1421 959 Acolyti,
1444 904 1699 951 Exorcistae,
1718 902 1840 943 Lee-,

369 980 487 1026 toris,
512 986 556 1019 et
590 978 784 1019 Ostiarii.
838 978 867 1018 J
872 993 937 1018 am
964 992 1082 1025 vero,
1107 992 1203 1017 cum
1226 991 1280 1016 ex
1305 975 1544 1030 Scripturae
1567 974 1825 1018 testimonio,

369 1058 413 1092 et
434 1051 573 1091 Eeclca
603 1050 839 1092 traditione
871 1050 976 1090 satis
1006 1049 1288 1105 perspicuum
1321 1047 1390 1094 sit,
1423 1046 1617 1087 ordinem
1651 1052 1827 1086 externo

369 1125 494 1180 signo
525 1124 721 1165 sensibili
755 1123 1064 1171 administrari,
1094 1128 1445 1177 potestatemque
1477 1120 1751 1176 spiritualem
1783 1125 1828 1160 et

370 1197 558 1252 gratiam
588 1212 667 1252 per
699 1197 744 1237 id
775 1196 973 1243 conferri,
1005 1195 1201 1235 dubitari
1233 1209 1318 1234 non
1352 1199 1510 1249 potest,
1544 1207 1643 1234 vere
1665 1198 1708 1233 et
1728 1207 1827 1248 pro-

372 1270 466 1326 prie
489 1276 806 1311 sacramentum
829 1268 1060 1310 dicendum
1083 1282 1185 1308 esse.
1234 1267 1339 1307 Huc
1361 1267 1474 1307 enim
1496 1266 1689 1321 pertinet
1710 1264 1829 1321 quod

369 1342 574 1398 legimus,
592 1342 833 1383 Dominum
856 1340 1031 1397 quidem
1051 1340 1276 1395 Apostolis
1300 1339 1494 1380 Calicem
1515 1340 1559 1379 in
1583 1338 1725 1380 Coena
1742 1345 1828 1378 tra-

371 1416 542 1464 didisse,
566 1423 664 1471 post
684 1415 1040 1456 resurrectionem
1062 1414 1106 1453 in
1129 1428 1200 1454 eos
1227 1413 1411 1459 inflasse,
1435 1412 1687 1467 Apostolos,
1710 1418 1829 1466 post-

373 1504 505 1544 quam
543 1486 880 1545 [Jejunassent¹]
920 1494 964 1528 et
997 1492 1204 1534 orassent,
1242 1486 1296 1526 iis
1328 1486 1406 1541 qui
1441 1484 1669 1526 ordinandi
1706 1490 1830 1524 erant

371 1576 526 1601 manus
548 1560 806 1616 imposuisse
823 1577 835 1610 3
858 1574 1043 1615 quorum
1063 1558 1313 1612 exemplum
1336 1557 1539 1612 deinceps
1564 1558 1624 1597 Sta
1643 1557 1750 1597 Ecca
1769 1571 1831 1596 se-

373 1641 529 1689 quuta,
564 1635 606 1673 in
639 1633 841 1673 ordinum
876 1631 1104 1672 collatione
1135 1630 1400 1670 solemnibus
1435 1628 1720 1670 Caerelnoniis
1754 1644 1834 1670 usa

372 1712 448 1754 est,
481 1713 613 1760 atque
634 1706 747 1745 inter
768 1719 841 1744 eas
863 1717 1025 1744 sacram
1049 1702 1297 1743 unctionem
1329 1701 1531 1756 religiose
1554 1717 1725 1757 semper
1747 1717 1832 1742 ser-

373 1778 507 1819 vavit.
570 1778 680 1827 Quae
702 1776 846 1817 omnia
872 1775 1108 1822 declarant,
1135 1773 1343 1815 Ordinem
1368 1774 1695 1814 Sacramentum
1727 1788 1832 1822 esse,

373 1867 469 1892 cum
488 1851 745 1906 praesertim,
769 1849 913 1905 quoad
934 1849 1119 1905 gratiam
1137 1848 1343 1903 pertinet,
1371 1846 1587 1887 Dominus
1608 1847 1835 1902 Apostolis

374 1924 547 1972 dixerit,
572 1924 772 1979 Accipite
808 1923 1023 1978 Spiritum
1062 1922 1294 1971 Sanctum3
1327 1927 1370 1961 et
1393 1921 1554 1961 beatus
1583 1920 1753 1961 Paulus
1780 1920 1835 1960 ad

375 1997 659 2038 Timotheum
682 1996 858 2044 scribat,
871 1995 1098 2036 Admoneo
1120 2001 1177 2042 te,
1200 2000 1249 2035 ut
1269 1993 1498 2034 resuscites
1521 1994 1710 2049 gratiam
1732 1993 1832 2042 Dei,

376 2086 476 2127 quae
512 2077 577 2112 est
607 2071 651 2111 in
683 2078 726 2111 te
768 2085 847 2126 per
877 2069 1200 2125 impositionem
1233 2082 1443 2108 manuum
1485 2082 1709 2116 mearum3
1752 2081 1836 2107 non

375 2145 490 2184 enim
512 2142 634 2183 dedit
654 2142 778 2183 nobis
800 2143 1006 2198 spiritum
1025 2141 1192 2182 timoris
1213 2140 1288 2181 sed
1310 2140 1497 2187 virtutis,
1533 2146 1577 2181 et
1596 2139 1838 2180 dilectionis

376 2223 421 2256 et
461 2215 723 2256 sobrietatis.
784 2215 1005 2255 Praeterea
1044 2213 1158 2254 illud
1190 2213 1443 2259 ostendunt,
1486 2211 1605 2267 quod
1642 2211 1838 2253 Ecclesia

369 2289 462 2344 jam
480 2287 649 2343 pridem
665 2287 821 2328 statuit
843 2293 887 2328 et
903 2287 1112 2334 definivit,
1130 2286 1335 2327 nimirum
1353 2285 1397 2325 in
1413 2284 1561 2326 ordine
1575 2290 1836 2341 potestatem

377 2361 652 2416 spiritualem
674 2360 892 2416 quandam
914 2360 1233 2401 consecratione
1262 2358 1367 2406 dari,
1404 2373 1505 2415 quae
1529 2357 1706 2413 quidem
1728 2357 1837 2398 adeo

377 2436 466 2476 fixa
485 2442 530 2476 et
550 2435 784 2476 immobilis
811 2440 888 2482 est,
923 2441 975 2475 ut
1007 2433 1145 2474 deleri
1176 2440 1254 2474 aut
1287 2433 1452 2473 auferri
1479 2448 1563 2473 non
1584 2432 1745 2488 possit:
1776 2432 1838 2473 ita

380 2515 430 2549 ut
458 2508 667 2550 Sacerdos
697 2509 779 2550 rite
811 2507 944 2549 semel
976 2507 1198 2547 ordinatus
1232 2507 1391 2547 Laicus
1421 2507 1583 2547 iterum
1623 2506 1732 2547 effici
1766 2520 1836 2546 ne-

379 2586 525 2636 queat.
587 2581 722 2621 Porro
754 2578 1119 2635 quemadmodum
1155 2578 1274 2619 Ordo
1305 2584 1622 2619 sacramentum
1656 2583 1733 2624 est,
1775 2577 1838 2618 ita

379 2655 512 2694 etiam
531 2668 666 2693 unum
685 2653 1012 2695 Sacramentum
1034 2667 1124 2693 esse
1147 2659 1295 2693 sancta
1318 2651 1517 2707 Synodus
1537 2651 1675 2692 docet.
1719 2650 1837 2691 Nam

424 2760 431 2777 ¹
458 2762 488 2790 It
504 2761 528 2791 is
542 2772 561 2790 a
576 2760 671 2791 blank
688 2760 718 2790 in
736 2761 786 2790 the
802 2761 886 2798 MS„
909 2760 1013 2791 which
1035 2760 1148 2791 should
1171 2760 1332 2799 evidently
1349 2760 1387 2791 be
1402 2759 1547 2801 supplied
1561 2770 1593 2791 as
1609 2759 1634 2790 is
1649 2759 1737 2798 done,
1754 2758 1788 2798 if,
1806 2769 1840 2790 as

382 2814 395 2842 I
412 2824 548 2853 suppose,
561 2814 612 2844 the
627 2815 780 2844 reference
797 2814 832 2844 be
846 2818 877 2844 to
894 2816 970 2844 Acts
983 2813 1053 2844 xiii.
1068 2814 1098 2844 3.
