1905 3254
370 268 423 307 34
1014 287 1127 316 sEss.
1156 287 1180 317 1.

372 392 618 432 examinata
638 397 681 432 et
701 392 884 440 firmata,
918 401 961 434 et
991 394 1035 434 in
1067 394 1214 435 eadem
1237 395 1421 435 sessione
1443 393 1711 450 publicanda
1733 409 1826 435 con-

369 465 632 506 tinebantur.
698 465 806 506 Inde
827 480 879 506 ex
902 474 1116 523 suggestu
1137 467 1255 508 clara
1276 482 1378 508 voce
1394 468 1582 523 primum
1605 467 1826 508 decretum

369 539 593 581 recitabat,
628 538 819 580 subdens
850 539 894 580 in
926 541 1008 581 fine
1040 540 1132 581 haec
1167 541 1330 581 verba:
1382 540 1477 581 lumi
1498 547 1541 582 et
1567 540 1701 581 Revmi
1723 539 1826 587 Dni,

371 618 414 652 et
435 611 690 667 amplissimi
711 611 876 659 Patres,
901 612 1131 667 placentne
1153 612 1245 653 haec
1267 614 1413 654 omnia
1434 613 1590 654 vobis?
1632 613 1705 654 Ad
1728 627 1826 669 quae

369 684 517 724 statim
540 683 700 740 Legati
720 684 805 740 ipsi
827 685 1161 740 respondebant,
1196 685 1360 733 Placet,
1397 693 1473 727 aut
1504 686 1539 727 si
1573 686 1681 742 quid
1708 686 1828 727 aliud

371 759 431 799 eis
452 759 716 800 occurrebat.
781 759 977 800 Subinde
1020 760 1289 801 Secretarius
1331 759 1516 801 Concilii
1553 760 1827 816 singulorum

370 831 552 874 Patrum
584 839 685 874 vota
716 848 858 874 coram
893 834 1091 874 Notariis
1123 849 1254 875 sacrae
1285 833 1446 889 Synodi
1477 833 1626 874 ordine
1661 839 1827 874 scruta-

370 905 514 954 batur,
549 906 626 961 qui
656 906 841 961 singula,
880 913 1012 961 prout
1034 922 1058 946 a
1078 907 1290 962 patribus,
1312 922 1388 947 seu
1410 921 1524 955 voce,
1559 921 1635 946 seu
1656 906 1830 961 scripto,

368 978 668 1026 tradebantur,
705 979 749 1018 in
790 986 884 1019 acta
922 978 1163 1034 redigebat.
1208 979 1331 1020 Latis
1370 979 1588 1034 suffragiis
1624 979 1766 1019 omnia
1805 995 1830 1019 a

370 1050 613 1090 Secretario
645 1056 688 1090 et
714 1049 911 1091 Notariis
940 1051 1046 1106 ipsis
1067 1051 1252 1106 Legatis
1283 1051 1679 1102 renunciabantur3
1721 1058 1764 1092 et
1794 1051 1829 1091 si

367 1123 589 1164 decretum
610 1123 754 1178 ipsum
792 1123 847 1163 ab
883 1124 1086 1164 omnibus
1121 1139 1248 1179 aeque
1280 1130 1503 1179 receptum
1525 1124 1690 1172 fuisset,
1726 1130 1830 1165 tunc

367 1197 536 1252 primus
557 1196 756 1252 Legatus
776 1211 908 1236 sacrae
933 1196 1104 1253 Synodo
1125 1197 1286 1253 palam,
1311 1198 1516 1254 claraque
1533 1213 1637 1239 voce
1668 1203 1829 1238 contes-

367 1270 555 1310 tabatur.
619 1268 858 1309 Decretum
895 1270 1186 1325 approbatum
1218 1277 1284 1311 est
1316 1271 1372 1311 ab
1407 1272 1618 1319 omnibus,
1659 1271 1830 1312 nemine

367 1343 652 1397 discrepante,
696 1342 849 1397 gratiae
891 1342 1072 1398 agendae
1096 1349 1197 1383 sunt
1237 1342 1345 1384 Deo.
1424 1344 1553 1394 Quod
1592 1345 1627 1385 si
1667 1344 1830 1385 discors

366 1416 615 1471 aliquorum
637 1415 851 1456 sententia
871 1416 1039 1464 fuisset,
1073 1415 1118 1456 id
1140 1408 1314 1472 quoque
1348 1417 1403 1458 ab
1436 1418 1530 1473 ipso
1565 1417 1737 1474 Legato
1770 1417 1832 1458 ita

365 1490 696 1545 proferebatur:
728 1489 967 1531 Decretum
1003 1490 1295 1545 approbatum
1327 1497 1393 1532 est
1425 1491 1481 1532 ab
1512 1491 1725 1540 omnibus,
1758 1506 1829 1532 ex-

366 1563 500 1618 ceptis
534 1563 772 1618 aliquibus,
815 1564 892 1618 qui
932 1569 1141 1618 cuperent
1178 1564 1222 1603 in
1255 1578 1305 1604 eo
1338 1563 1549 1605 nonnulla
1589 1564 1698 1612 tolli,
1739 1564 1830 1604 sive

365 1638 538 1693 apponi,
568 1652 646 1678 seu
668 1638 843 1684 mutari,
880 1644 957 1678 aut
979 1636 1087 1692 quid
1104 1637 1356 1693 hujusmodi
1370 1654 1380 1687 3
1403 1638 1640 1694 statimque
1667 1638 1829 1679 dissen-

365 1711 568 1752 tientium
589 1710 816 1766 suffragia,
830 1716 962 1765 prout
979 1716 1160 1765 excepta
1177 1710 1349 1751 fuerant
1371 1725 1396 1751 a
1413 1712 1666 1763 Secretario,
1683 1712 1830 1768 palam

364 1785 636 1840 legebantur,
672 1784 734 1824 ita
764 1789 814 1823 ut
846 1783 1037 1839 quilibet
1071 1784 1328 1824 sententiam
1362 1798 1485 1825 suam
1525 1799 1609 1826 non
1649 1786 1831 1827 obscure
1890 1812 1893 1816 ,

366 1863 509 1913 posset
549 1870 864 1911 recognoscere.
919 1856 1019 1903 His,
1057 1862 1101 1897 et
1131 1856 1397 1897 infirmorum
1434 1857 1675 1905 sententiae,
1720 1873 1831 1913 quas

364 1945 443 1985 per
477 1929 771 1986 syngrapham
810 1929 1022 1980 ferebant,
1057 1928 1162 1970 dum
1194 1935 1340 1970 tamen
1371 1929 1553 1971 decretis
1575 1931 1832 1972 examinatis
1888 1931 1893 1965 I‘

363 2004 674 2052 interfuissent,
709 2004 1079 2060 adjungebantur.
1142 2003 1334 2058 Postque
1376 2001 1623 2044 Secundum
1668 2002 1830 2044 Decre-

363 2085 457 2119 tum
496 2077 647 2118 eodem
681 2077 841 2125 ordine,
875 2076 1042 2133 rogatis
1079 2075 1260 2116 Patrum
1297 2076 1534 2124 sententiis,
1577 2075 1829 2132 promulga-

367 2151 511 2191 batur.
573 2149 681 2189 Mox
713 2149 906 2197 tertium,
938 2155 987 2189 ut
1021 2148 1196 2203 reliqua
1226 2147 1444 2203 deinceps,
1476 2147 1705 2204 sigillatim
1736 2148 1830 2189 loco

364 2238 442 2264 suo
479 2223 813 2272 sanciebantur3
850 2223 912 2263 ita
947 2228 1106 2269 tamen,
1140 2228 1191 2262 ut
1230 2236 1317 2262 uno
1357 2221 1543 2269 decreto,
1586 2236 1663 2262 seu
1703 2236 1829 2277 roga·
1886 2218 1888 2266 ἶ

364 2297 493 2344 tione,
517 2297 660 2337 omnia
680 2311 779 2352 quae
796 2295 990 2352 ejusdem
1011 2294 1259 2350 argumenti
1275 2301 1409 2343 erant,
1428 2295 1519 2336 sive
1538 2293 1594 2335 ad
1611 2294 1829 2350 dogmata,

363 2371 453 2411 sive
493 2369 549 2410 ad
587 2384 728 2410 mores
759 2369 993 2424 pertinent,
1030 2367 1181 2408 multis
1212 2368 1316 2408 licet
1354 2367 1557 2408 distincta
1596 2367 1828 2423 capitibus,

362 2444 694 2484 continerentur.
760 2443 933 2492 Quibus
967 2441 1181 2482 absolutis
1202 2441 1433 2482 Promotor
1463 2441 1647 2482 Concilii
1676 2442 1830 2482 absen-
1880 2448 1883 2460 ³

362 2517 472 2557 tium
505 2516 795 2557 Praelatorum
820 2514 1133 2555 contumaciam
1153 2514 1398 2563 accusabat,
1420 2513 1536 2555 idem
1558 2529 1704 2555 omnes
1725 2514 1829 2555 Pro·
1877 2523 1882 2573 j

362 2590 599 2631 tonotarios
620 2594 663 2629 et
691 2588 902 2628 Notarios
924 2586 1088 2627 ibidem
1110 2593 1350 2641 praesentes
1371 2587 1571 2642 rogabat,
1602 2593 1653 2627 ut
1688 2586 1832 2627 omnia
1876 2595 1880 2630 l

362 2660 405 2703 in
445 2678 497 2703 ca
546 2661 733 2703 sessione
775 2667 898 2716 gesta
937 2661 982 2700 in
1030 2660 1208 2714 publica
1253 2659 1504 2716 redigerent
1556 2659 1827 2717 documenta·

362 2736 627 2777 Extremum
660 2734 772 2775 illud
802 2734 1001 2774 sessionis
1023 2739 1129 2780 erat,
1155 2732 1398 2789 Hymnum,
1422 2733 1488 2774 Tc
1509 2732 1654 2774 Deum
1678 2733 1828 2774 lauda-
1875 2730 1877 2734 ’

363 2823 472 2856 mus„
496 2823 665 2849 summa
685 2823 782 2848 cum
806 2807 1078 2848 exultatione
1101 2821 1254 2847 canere
1275 2823 1283 2846 :
1316 2814 1549 2862 postquam
1582 2810 1699 2848 sacra
1731 2822 1827 2848 cum
1873 2834 1875 2839 ·

364 2880 660 2922 benedictione
685 2888 831 2935 patres
854 2896 1000 2921 omnes
1021 2880 1365 2921 dimittebantur.
