1905 3254
704 289 818 318 SEss.
847 288 923 316 vu.
1468 272 1545 311 291

82 395 164 436 etsi
186 395 338 451 plures
353 396 397 436 in
415 410 465 437 eo
479 396 565 437 sint
577 395 756 451 gradus,
776 410 824 437 ac
846 398 1087 452 potestates
1108 393 1221 434 inter
1242 406 1286 433 se
1307 391 1543 439 distinctae,

79 481 228 508 omnes
250 474 396 509 tamen
419 467 473 508 ad
494 482 632 508 unum
664 467 957 509 Eucharistiae
990 470 1312 507 sacramentum
1344 469 1389 505 et
1420 463 1546 504 saeri-

78 539 225 599 fieium
261 540 470 581 ordinatae
506 540 755 580 referuntur
766 557 777 589 3
811 554 865 580 ex
897 554 984 595 quo
1015 538 1253 579 necessario
1281 538 1480 593 sequitur
1502 538 1545 576 in

77 619 224 653 sancta
246 612 473 653 Catholica
503 612 712 659 Ecclesia,
755 626 854 667 quae
888 611 944 651 ad
976 609 1309 651 similitudinem
1351 609 1543 650 coelcstis

76 683 192 724 illius
214 683 495 725 Hierusalem
516 684 670 724 matris
691 690 851 724 nostrae
882 683 1103 737 descripta
1124 688 1202 730 est,
1238 680 1544 722 Hierarchiam

77 769 156 811 per
188 755 510 796 succedentium
534 755 750 797 Ordinum
785 756 1052 812 aptissimam
1074 754 1426 795 distributionem
1460 753 1543 793 sub

78 842 164 868 uno
185 842 353 868 summo
371 827 617 869 Hierarcha
632 828 797 869 Christi
816 828 859 868 in
881 828 1008 869 terris
1027 827 1202 869 Vicario
1219 825 1414 867 Romano
1431 825 1542 867 Pon-

55 899 190 943 .tifice
213 902 494 942 constitutam
517 917 621 943 esse.

135 975 267 1025 Quod
283 976 318 1016 si
339 976 438 1032 quis
460 991 608 1018 omnes
630 976 900 1017 Christianos
923 978 1061 1031 aeque¹
1082 974 1325 1016 sacerdotes
1347 981 1425 1015 aut
1446 975 1544 1030 pari

74 1048 187 1089 inter
227 1063 271 1089 se
310 1055 529 1104 potestate
570 1048 794 1104 spirituali
824 1047 1031 1104 praeditos
1072 1062 1162 1088 esse
1200 1046 1398 1094 affirmet,
1436 1046 1541 1087 nihil

76 1120 200 1161 aliud
233 1120 372 1162 facere
404 1121 620 1169 videatur,
655 1135 789 1176 quam
823 1120 1077 1166 Ecclesiam,
1111 1134 1211 1175 quae
1233 1119 1443 1161 terribilis
1464 1126 1541 1166 est,

76 1199 126 1233 ut
147 1199 381 1234 castrorum
407 1194 518 1234 acies
538 1192 750 1240 ordinata,
772 1193 836 1233 ita
856 1192 1130 1240 confundere,
1151 1198 1213 1240 ut,
1232 1197 1379 1232 eontra
1396 1192 1540 1246 Apos-

75 1266 152 1307 toli
186 1266 439 1313 doctrinam,
483 1281 629 1306 omnes
665 1265 881 1321 Apostoli,
923 1279 1070 1305 omnes
1116 1264 1344 1311 Doctores,
1394 1278 1541 1304 omnes

76 1338 395 1394 Evangelistae,
414 1353 562 1379 omnes
578 1338 781 1378 Pastores
799 1338 907 1387 sint3
931 1336 1112 1392 perinde
1130 1352 1177 1377 ac
1194 1336 1229 1377 si
1250 1337 1293 1376 in
1316 1350 1366 1377 ea
1386 1336 1543 1377 umbra

75 1412 240 1460 mortis,
265 1419 309 1453 et
331 1411 480 1452 nullus
502 1410 621 1458 ordo,
644 1410 722 1451 sed
742 1411 1037 1466 sempiternus
1057 1409 1209 1451 horror
1231 1408 1462 1450 inhabitet.

133 1485 281 1534 Quare
315 1490 462 1525 sancta
497 1483 697 1539 Synodus
721 1483 928 1532 declarat,
952 1489 1116 1539 practer
1144 1489 1323 1523 caetoras
1351 1482 1540 1523 Ecclesi-

75 1557 228 1598 asticas
249 1563 500 1612 potestates,
530 1557 772 1612 Episcopos
806 1557 938 1598 etiam
968 1555 1024 1597 ad
1056 1555 1184 1596 hunc²
1204 1554 1539 1596 Hierarchicum

75 1629 286 1671 Ordinem
308 1630 542 1686 pertinere,
574 1630 649 1685 qui
676 1644 761 1669 non
792 1629 932 1669 solum
956 1643 980 1669 a
1003 1628 1276 1684 Presbyteris
1310 1627 1535 1674 differunt,

75 1701 152 1743 sed
172 1702 259 1742 illis
280 1703 412 1743 etiam
434 1702 681 1758 superiores
697 1708 813 1742 sunt.
876 1701 1006 1749 Nam,
1031 1715 1128 1741 cum
1159 1700 1203 1739 in
1225 1700 1537 1754 Apostolorum

73 1774 216 1815 locum
249 1774 546 1822 successerint,
584 1780 901 1815 sacramentum
941 1771 1290 1812 Confirmationis
1331 1771 1536 1820 conferre,

74 1847 289 1888 ministros
320 1847 528 1888 Ecclesiae
555 1845 768 1894 ordinare,
803 1852 935 1901 atque
963 1845 1049 1885 alia
1079 1858 1293 1899 peragere
1323 1844 1410 1899 ipsi
1442 1858 1536 1900 pos-

75 1927 189 1969 sunt,
240 1934 428 1976 quarum
479 1919 751 1961 functionum
794 1923 1059 1974 potestatem
1112 1917 1273 1972 reliqui
1323 1917 1537 1958 inferioris

75 1994 235 2036 ordinis
264 1994 434 2034 nullam
462 1993 640 2034 habent.
702 1993 776 2033 Ex
798 1991 876 2032 hoc
899 2005 1001 2032 vero
1033 1989 1156 2030 facile
1189 1989 1451 2045 intelligitur
1481 1991 1536 2031 ab

75 2068 307 2125 Episcopis
333 2067 665 2109 Ecclesiasticos
690 2065 910 2106 ministros
932 2064 1014 2104 rite
1037 2070 1081 2104 et
1100 2062 1296 2117 legitime
1318 2062 1507 2104 ordinari
1525 2081 1535 2113 3

76 2148 207 2198 atque
240 2142 285 2183 in
321 2140 571 2197 hujusmodi
614 2139 887 2181 ordinatione
922 2152 1000 2178 nec
1039 2136 1200 2183 Plebis,
1233 2150 1310 2177 nec
1344 2137 1537 2192 cujUsvis

76 2215 295 2256 saecularis
328 2214 561 2270 potestatis
595 2219 640 2254 et
679 2213 963 2269 magistratus
995 2224 1264 2256 consensum,
1298 2209 1388 2250 sive
1411 2224 1535 2250 voca-

76 2289 251 2337 tionem,
279 2289 370 2329 sive
403 2287 718 2329 authoritatem
751 2286 813 2326 ita
845 2284 1023 2340 requiri,
1053 2290 1104 2324 ut
1136 2282 1225 2323 sine
1254 2295 1305 2322 ea
1325 2282 1447 2323 irrita
1468 2283 1534 2323 sit.

78 2361 195 2411 Quin
216 2361 364 2417 potius
385 2367 531 2402 sancta
554 2359 754 2416 Synodus
777 2357 985 2404 decrevit,
1008 2370 1092 2402 eOS,
1111 2354 1188 2410 qui
1204 2353 1380 2409 propria
1400 2361 1534 2395 teme-

76 2434 206 2476 ritate
227 2434 321 2476 haec
342 2434 585 2476 ministeria
620 2433 705 2474 sibi
737 2438 928 2478 sumunt,
962 2436 1005 2470 et
1026 2430 1101 2485 qui
1125 2428 1180 2468 ad
1201 2441 1253 2469 ca
1284 2427 1535 2475 exercenda,

75 2522 159 2548 non
179 2523 259 2564 per
275 2509 451 2559 ostium,
480 2507 560 2549 hoc
584 2513 649 2548 est
670 2504 976 2547 Ecclesiastica
997 2509 1041 2544 et
1063 2501 1283 2542 Canonica
1303 2504 1536 2555 potestate³

77 2581 196 2622 missi
215 2581 467 2629 ascendunt,
491 2595 651 2629 omneS,
674 2594 762 2621 non
782 2576 992 2619 Ecclesiae
1015 2574 1242 2620 ministros,
1261 2571 1335 2613 sed
1356 2571 1473 2614 fures
1493 2580 1538 2614 et

77 2653 265 2695 latrones
285 2653 510 2695 habendos
532 2669 636 2694 esse.
699 2652 813 2693 Haee
835 2657 981 2692 autem
1005 2662 1106 2704 quae
1130 2645 1369 2703 generatim
1394 2645 1536 2687 Sacrae

81 2726 251 2782 Synodo
283 2728 423 2768 visum
460 2735 525 2769 est
549 2727 714 2769 Christi
737 2725 888 2766 fideles
923 2723 1091 2769 docere,
1115 2720 1240 2762 certis
1272 2725 1316 2761 et
1348 2721 1540 2776 propriis

207 2816 214 2834 ¹
245 2818 358 2857 Atque,
377 2817 445 2848 MS.
674 2815 686 2832 ²
710 2815 838 2850 Adhuc.
857 2815 927 2844 MS.
1153 2810 1165 2827 ³
1190 2809 1321 2846 Pietate,
1340 2809 1410 2839 MS.

1283 2882 1307 2907 υ
1342 2868 1367 2907 2
