<?xml version="1.0" encoding="UTF-8"?>
<!DOCTYPE html PUBLIC "-//W3C//DTD XHTML 1.0 Transitional//EN"
    "http://www.w3.org/TR/xhtml1/DTD/xhtml1-transitional.dtd">
<html xmlns="http://www.w3.org/1999/xhtml" xml:lang="en" lang="en">
 <head>
  <title>
</title>
<meta http-equiv="Content-Type" content="text/html;charset=utf-8" />
  <meta name='ocr-system' content='tesseract 3.04.00' />
  <meta name='ocr-capabilities' content='ocr_page ocr_carea ocr_par ocr_line ocrx_word'/>
</head>
<body>
  <div class='ocr_page' id='page_1' title='image "actaconciliitrid00paleuoft_0236.png"; bbox 0 0 1905 3254; ppageno 0'>
   <div class='ocr_carea' id='block_1_1' title="bbox 341 245 1152 285">
    <p class='ocr_par' dir='ltr' id='par_1_1' title="bbox 341 245 1152 285">
     <span class='ocr_line' id='line_1_1' title="bbox 341 245 1152 285; baseline -0.001 -2"><span class='ocrx_word' id='word_1_1' title='bbox 341 245 420 283; x_wconf 75' lang='lat'>152</span> <span class='ocrx_word' id='word_1_2' title='bbox 973 254 1084 285; x_wconf 86' lang='lat' dir='ltr'><strong>SESS.</strong></span> <span class='ocrx_word' id='word_1_3' title='bbox 1111 254 1152 283; x_wconf 70' lang='lat' dir='ltr'>v.</span> 
     </span>
    </p>
   </div>
   <div class='ocr_carea' id='block_1_2' title="bbox 340 354 1828 2672">
    <p class='ocr_par' dir='ltr' id='par_1_2' title="bbox 340 354 1824 2308">
     <span class='ocr_line' id='line_1_2' title="bbox 340 354 1795 418; baseline -0.008 -13"><span class='ocrx_word' id='word_1_4' title='bbox 340 370 496 411; x_wconf 81' lang='lat' dir='ltr'>cantes,</span> <span class='ocrx_word' id='word_1_5' title='bbox 508 362 673 418; x_wconf 85' lang='lat' dir='ltr'>obliget</span> <span class='ocrx_word' id='word_1_6' title='bbox 682 375 849 402; x_wconf 89' lang='lat' dir='ltr'>sumere</span> <span class='ocrx_word' id='word_1_7' title='bbox 860 359 1152 401; x_wconf 84' lang='lat' dir='ltr'>Eucharistiae</span> <span class='ocrx_word' id='word_1_8' title='bbox 1164 358 1494 398; x_wconf 83' lang='lat' dir='ltr'>Sacramentum</span> <span class='ocrx_word' id='word_1_9' title='bbox 1507 354 1591 395; x_wconf 81' lang='lat' dir='ltr'>sub</span> <span class='ocrx_word' id='word_1_10' title='bbox 1605 360 1795 410; x_wconf 86' lang='lat' dir='ltr'>utraque</span> 
     </span>
     <span class='ocr_line' id='line_1_3' title="bbox 342 429 1800 493; baseline -0.007 -15"><span class='ocrx_word' id='word_1_11' title='bbox 342 438 499 493; x_wconf 88' lang='lat' dir='ltr'>specie.</span> <span class='ocrx_word' id='word_1_12' title='bbox 543 435 646 476; x_wconf 86' lang='lat' dir='ltr'>Etsi</span> <span class='ocrx_word' id='word_1_13' title='bbox 667 435 782 476; x_wconf 90' lang='lat' dir='ltr'>enim</span> <span class='ocrx_word' id='word_1_14' title='bbox 798 434 1002 474; x_wconf 84' lang='lat' dir='ltr'>Christus</span> <span class='ocrx_word' id='word_1_15' title='bbox 1020 432 1148 472; x_wconf 80' lang='lat' dir='ltr'>Dfius</span> <span class='ocrx_word' id='word_1_16' title='bbox 1169 431 1213 471; x_wconf 90' lang='lat' dir='ltr'>in</span> <span class='ocrx_word' id='word_1_17' title='bbox 1235 430 1390 471; x_wconf 88' lang='lat' dir='ltr'>ultima</span> <span class='ocrx_word' id='word_1_18' title='bbox 1411 444 1536 470; x_wconf 89' lang='lat' dir='ltr'>coena</span> <span class='ocrx_word' id='word_1_19' title='bbox 1552 429 1800 469; x_wconf 87' lang='lat' dir='ltr'>venerabile</span> 
     </span>
     <span class='ocr_line' id='line_1_4' title="bbox 342 502 1802 561; baseline -0.005 -11"><span class='ocrx_word' id='word_1_20' title='bbox 342 510 422 550; x_wconf 85' lang='lat' dir='ltr'>hoc</span> <span class='ocrx_word' id='word_1_21' title='bbox 443 514 760 550; x_wconf 90' lang='lat' dir='ltr'>sacramentum</span> <span class='ocrx_word' id='word_1_22' title='bbox 781 507 983 555; x_wconf 84' lang='lat' dir='ltr'>instituit,</span> <span class='ocrx_word' id='word_1_23' title='bbox 1002 511 1134 561; x_wconf 89' lang='lat' dir='ltr'>atque</span> <span class='ocrx_word' id='word_1_24' title='bbox 1152 503 1249 545; x_wconf 88' lang='lat' dir='ltr'>ideo</span> <span class='ocrx_word' id='word_1_25' title='bbox 1267 503 1490 559; x_wconf 83' lang='lat' dir='ltr'>Apostolis</span> <span class='ocrx_word' id='word_1_26' title='bbox 1511 502 1705 550; x_wconf 80' lang='lat' dir='ltr'>tradidit,</span> <span class='ocrx_word' id='word_1_27' title='bbox 1719 516 1802 542; x_wconf 93' lang='lat' dir='ltr'>non</span> 
     </span>
     <span class='ocr_line' id='line_1_5' title="bbox 345 574 1807 624; baseline -0.007 -1"><span class='ocrx_word' id='word_1_28' title='bbox 345 589 490 624; x_wconf 89' lang='lat' dir='ltr'>tamen</span> <span class='ocrx_word' id='word_1_29' title='bbox 522 582 599 622; x_wconf 89' lang='lat' dir='ltr'>illa</span> <span class='ocrx_word' id='word_1_30' title='bbox 630 581 850 621; x_wconf 89' lang='lat' dir='ltr'>institutio</span> <span class='ocrx_word' id='word_1_31' title='bbox 872 586 915 620; x_wconf 88' lang='lat' dir='ltr'>et</span> <span class='ocrx_word' id='word_1_32' title='bbox 936 578 1114 620; x_wconf 87' lang='lat' dir='ltr'>traditio</span> <span class='ocrx_word' id='word_1_33' title='bbox 1138 592 1231 618; x_wconf 88' lang='lat' dir='ltr'>eam</span> <span class='ocrx_word' id='word_1_34' title='bbox 1254 577 1343 617; x_wconf 76' lang='lat' dir='ltr'>vim</span> <span class='ocrx_word' id='word_1_35' title='bbox 1375 575 1539 616; x_wconf 87' lang='lat' dir='ltr'>habere</span> <span class='ocrx_word' id='word_1_36' title='bbox 1568 574 1807 615; x_wconf 81' lang='lat' dir='ltr'>existimari</span> 
     </span>
     <span class='ocr_line' id='line_1_6' title="bbox 347 646 1806 703; baseline -0.005 -7"><span class='ocrx_word' id='word_1_37' title='bbox 347 655 492 703; x_wconf 87' lang='lat' dir='ltr'>debet,</span> <span class='ocrx_word' id='word_1_38' title='bbox 528 661 580 696; x_wconf 93' lang='lat' dir='ltr'>ut</span> <span class='ocrx_word' id='word_1_39' title='bbox 610 655 709 696; x_wconf 86' lang='lat' dir='ltr'>laici</span> <span class='ocrx_word' id='word_1_40' title='bbox 741 660 783 695; x_wconf 90' lang='lat' dir='ltr'>et</span> <span class='ocrx_word' id='word_1_41' title='bbox 816 653 973 694; x_wconf 79' lang='lat' dir='ltr'>Clerici</span> <span class='ocrx_word' id='word_1_42' title='bbox 999 667 1084 692; x_wconf 91' lang='lat' dir='ltr'>non</span> <span class='ocrx_word' id='word_1_43' title='bbox 1113 650 1415 699; x_wconf 89' lang='lat' dir='ltr'>sacrificantes,</span> <span class='ocrx_word' id='word_1_44' title='bbox 1443 655 1609 690; x_wconf 84' lang='lat' dir='ltr'>statuto</span> <span class='ocrx_word' id='word_1_45' title='bbox 1635 647 1725 688; x_wconf 77' lang='lat' dir='ltr'>Dfii</span> <span class='ocrx_word' id='word_1_46' title='bbox 1752 646 1806 688; x_wconf 86' lang='lat' dir='ltr'>ad</span> 
     </span>
     <span class='ocr_line' id='line_1_7' title="bbox 347 718 1807 783; baseline -0.006 -15"><span class='ocrx_word' id='word_1_47' title='bbox 347 734 584 782; x_wconf 85' lang='lat' dir='ltr'>utramque</span> <span class='ocrx_word' id='word_1_48' title='bbox 605 727 793 783; x_wconf 86' lang='lat' dir='ltr'>speciem</span> <span class='ocrx_word' id='word_1_49' title='bbox 815 731 1064 771; x_wconf 89' lang='lat' dir='ltr'>teneantur,</span> <span class='ocrx_word' id='word_1_50' title='bbox 1082 739 1178 765; x_wconf 92' lang='lat' dir='ltr'>cum</span> <span class='ocrx_word' id='word_1_51' title='bbox 1197 727 1291 777; x_wconf 89' lang='lat' dir='ltr'>ejus</span> <span class='ocrx_word' id='word_1_52' title='bbox 1309 721 1576 763; x_wconf 86' lang='lat' dir='ltr'>Sacramenti</span> <span class='ocrx_word' id='word_1_53' title='bbox 1595 718 1748 760; x_wconf 87' lang='lat' dir='ltr'>modus</span> <span class='ocrx_word' id='word_1_54' title='bbox 1763 725 1807 760; x_wconf 95' lang='lat' dir='ltr'>et</span> 
     </span>
     <span class='ocr_line' id='line_1_8' title="bbox 347 792 1808 852; baseline -0.005 -13"><span class='ocrx_word' id='word_1_55' title='bbox 347 799 460 840; x_wconf 90' lang='lat' dir='ltr'>ritus</span> <span class='ocrx_word' id='word_1_56' title='bbox 480 799 545 846; x_wconf 84' lang='lat' dir='ltr'>sit,</span> <span class='ocrx_word' id='word_1_57' title='bbox 577 805 627 839; x_wconf 90' lang='lat' dir='ltr'>ut</span> <span class='ocrx_word' id='word_1_58' title='bbox 646 798 873 845; x_wconf 87' lang='lat' dir='ltr'>Ecclesia,¹</span> <span class='ocrx_word' id='word_1_59' title='bbox 898 812 976 852; x_wconf 85' lang='lat' dir='ltr'>per</span> <span class='ocrx_word' id='word_1_60' title='bbox 1005 796 1198 851; x_wconf 83' lang='lat' dir='ltr'>Spiritus</span> <span class='ocrx_word' id='word_1_61' title='bbox 1222 795 1368 834; x_wconf 84' lang='lat' dir='ltr'>Sancti</span> <span class='ocrx_word' id='word_1_62' title='bbox 1389 792 1731 848; x_wconf 82' lang='lat' dir='ltr'>inspirationem,</span> <span class='ocrx_word' id='word_1_63' title='bbox 1765 798 1808 832; x_wconf 88' lang='lat' dir='ltr'>et</span> 
     </span>
     <span class='ocr_line' id='line_1_9' title="bbox 351 864 1808 926; baseline -0.005 -14"><span class='ocrx_word' id='word_1_64' title='bbox 351 878 613 926; x_wconf 86' lang='lat' dir='ltr'>temporum,</span> <span class='ocrx_word' id='word_1_65' title='bbox 641 871 832 917; x_wconf 87' lang='lat' dir='ltr'>locorun,</span> <span class='ocrx_word' id='word_1_66' title='bbox 862 882 1238 924; x_wconf 81' lang='lat' dir='ltr'>personarumque</span> <span class='ocrx_word' id='word_1_67' title='bbox 1259 866 1440 914; x_wconf 86' lang='lat' dir='ltr'>ratione,</span> <span class='ocrx_word' id='word_1_68' title='bbox 1461 865 1575 906; x_wconf 83' lang='lat' dir='ltr'>hune</span> <span class='ocrx_word' id='word_1_69' title='bbox 1597 864 1808 906; x_wconf 79' lang='lat' dir='ltr'>velillum</span> 
     </span>
     <span class='ocr_line' id='line_1_10' title="bbox 349 938 1810 998; baseline -0.004 -14"><span class='ocrx_word' id='word_1_70' title='bbox 349 944 481 985; x_wconf 90' lang='lat' dir='ltr'>ritum</span> <span class='ocrx_word' id='word_1_71' title='bbox 499 943 728 998; x_wconf 81' lang='lat' dir='ltr'>approbet,</span> <span class='ocrx_word' id='word_1_72' title='bbox 743 949 787 983; x_wconf 94' lang='lat' dir='ltr'>et</span> <span class='ocrx_word' id='word_1_73' title='bbox 802 943 902 982; x_wconf 88' lang='lat' dir='ltr'>filiis</span> <span class='ocrx_word' id='word_1_74' title='bbox 917 940 1239 982; x_wconf 81' lang='lat' dir='ltr'>observandum</span> <span class='ocrx_word' id='word_1_75' title='bbox 1259 939 1530 995; x_wconf 78' lang='lat' dir='ltr'>praescribat.</span> <span class='ocrx_word' id='word_1_76' title='bbox 1563 938 1670 980; x_wconf 63' lang='lat' dir='ltr'>Ecca</span> <span class='ocrx_word' id='word_1_77' title='bbox 1682 938 1810 987; x_wconf 88' lang='lat' dir='ltr'>enim,</span> 
     </span>
     <span class='ocr_line' id='line_1_11' title="bbox 353 1012 1810 1068; baseline -0.002 -14"><span class='ocrx_word' id='word_1_78' title='bbox 353 1029 464 1062; x_wconf 87' lang='lat' dir='ltr'>cum,</span> <span class='ocrx_word' id='word_1_79' title='bbox 500 1013 738 1054; x_wconf 88' lang='lat' dir='ltr'>secundum</span> <span class='ocrx_word' id='word_1_80' title='bbox 778 1013 1054 1068; x_wconf 82' lang='lat' dir='ltr'>Apostolum,</span> <span class='ocrx_word' id='word_1_81' title='bbox 1100 1013 1303 1052; x_wconf 87' lang='lat' dir='ltr'>columna</span> <span class='ocrx_word' id='word_1_82' title='bbox 1330 1012 1386 1053; x_wconf 89' lang='lat' dir='ltr'>sit</span> <span class='ocrx_word' id='word_1_83' title='bbox 1419 1018 1461 1052; x_wconf 90' lang='lat' dir='ltr'>et</span> <span class='ocrx_word' id='word_1_84' title='bbox 1491 1012 1810 1052; x_wconf 80' lang='lat' dir='ltr'>firmamentum</span> 
     </span>
     <span class='ocr_line' id='line_1_12' title="bbox 352 1084 1811 1143; baseline -0.003 -14"><span class='ocrx_word' id='word_1_85' title='bbox 352 1088 551 1129; x_wconf 81' lang='lat' dir='ltr'>veritatis</span> <span class='ocrx_word' id='word_1_86' title='bbox 580 1088 624 1128; x_wconf 91' lang='lat' dir='ltr'>in</span> <span class='ocrx_word' id='word_1_87' title='bbox 657 1086 962 1143; x_wconf 83' lang='lat' dir='ltr'>dispensandis</span> <span class='ocrx_word' id='word_1_88' title='bbox 983 1086 1199 1142; x_wconf 67' lang='lat' dir='ltr'>mysteriis</span> <span class='ocrx_word' id='word_1_89' title='bbox 1226 1086 1311 1126; x_wconf 88' lang='lat' dir='ltr'>sibi</span> <span class='ocrx_word' id='word_1_90' title='bbox 1344 1084 1529 1134; x_wconf 79' lang='lat' dir='ltr'>creditis,</span> <span class='ocrx_word' id='word_1_91' title='bbox 1565 1099 1707 1125; x_wconf 89' lang='lat' dir='ltr'>errare</span> <span class='ocrx_word' id='word_1_92' title='bbox 1726 1099 1811 1124; x_wconf 91' lang='lat' dir='ltr'>non</span> 
     </span>
     <span class='ocr_line' id='line_1_13' title="bbox 351 1157 1814 1218; baseline -0.003 -16"><span class='ocrx_word' id='word_1_93' title='bbox 351 1168 522 1218; x_wconf 83' lang='lat' dir='ltr'>potcst3</span> <span class='ocrx_word' id='word_1_94' title='bbox 554 1168 598 1203; x_wconf 92' lang='lat' dir='ltr'>et</span> <span class='ocrx_word' id='word_1_95' title='bbox 619 1177 716 1202; x_wconf 87' lang='lat' dir='ltr'>cum</span> <span class='ocrx_word' id='word_1_96' title='bbox 740 1162 795 1202; x_wconf 89' lang='lat' dir='ltr'>sit</span> <span class='ocrx_word' id='word_1_97' title='bbox 815 1162 890 1217; x_wconf 86' lang='lat' dir='ltr'>pia</span> <span class='ocrx_word' id='word_1_98' title='bbox 909 1167 1060 1207; x_wconf 89' lang='lat' dir='ltr'>mater,</span> <span class='ocrx_word' id='word_1_99' title='bbox 1095 1166 1346 1215; x_wconf 85' lang='lat' dir='ltr'>opportuno</span> <span class='ocrx_word' id='word_1_100' title='bbox 1368 1165 1411 1200; x_wconf 89' lang='lat' dir='ltr'>et</span> <span class='ocrx_word' id='word_1_101' title='bbox 1431 1158 1703 1199; x_wconf 80' lang='lat' dir='ltr'>convenienti</span> <span class='ocrx_word' id='word_1_102' title='bbox 1719 1157 1814 1198; x_wconf 89' lang='lat' dir='ltr'>cibo</span> 
     </span>
     <span class='ocr_line' id='line_1_14' title="bbox 353 1232 1813 1282; baseline -0.003 -6"><span class='ocrx_word' id='word_1_103' title='bbox 353 1236 464 1276; x_wconf 88' lang='lat' dir='ltr'>filios</span> <span class='ocrx_word' id='word_1_104' title='bbox 486 1250 585 1275; x_wconf 91' lang='lat' dir='ltr'>suos</span> <span class='ocrx_word' id='word_1_105' title='bbox 607 1235 698 1276; x_wconf 85' lang='lat' dir='ltr'>alit.</span> <span class='ocrx_word' id='word_1_106' title='bbox 761 1234 879 1275; x_wconf 90' lang='lat' dir='ltr'>Nam</span> <span class='ocrx_word' id='word_1_107' title='bbox 902 1235 983 1274; x_wconf 87' lang='lat' dir='ltr'>etsi</span> <span class='ocrx_word' id='word_1_108' title='bbox 1007 1234 1300 1282; x_wconf 87' lang='lat' dir='ltr'>Sacramenta,</span> <span class='ocrx_word' id='word_1_109' title='bbox 1324 1233 1501 1273; x_wconf 89' lang='lat' dir='ltr'>Christo</span> <span class='ocrx_word' id='word_1_110' title='bbox 1522 1232 1718 1280; x_wconf 81' lang='lat' dir='ltr'>authore,</span> <span class='ocrx_word' id='word_1_111' title='bbox 1750 1232 1813 1272; x_wconf 88' lang='lat' dir='ltr'>in-</span> 
     </span>
     <span class='ocr_line' id='line_1_15' title="bbox 356 1306 1815 1356; baseline -0.002 -8"><span class='ocrx_word' id='word_1_112' title='bbox 356 1308 514 1348; x_wconf 88' lang='lat' dir='ltr'>stituta</span> <span class='ocrx_word' id='word_1_113' title='bbox 544 1314 657 1356; x_wconf 83' lang='lat' dir='ltr'>sunt,</span> <span class='ocrx_word' id='word_1_114' title='bbox 692 1314 837 1348; x_wconf 91' lang='lat' dir='ltr'>tamen</span> <span class='ocrx_word' id='word_1_115' title='bbox 858 1306 1012 1347; x_wconf 87' lang='lat' dir='ltr'>modus</span> <span class='ocrx_word' id='word_1_116' title='bbox 1035 1307 1089 1347; x_wconf 91' lang='lat' dir='ltr'>iis</span> <span class='ocrx_word' id='word_1_117' title='bbox 1119 1306 1274 1346; x_wconf 89' lang='lat' dir='ltr'>utendi</span> <span class='ocrx_word' id='word_1_118' title='bbox 1304 1306 1418 1346; x_wconf 71' lang='lat' dir='ltr'>Eccae</span> <span class='ocrx_word' id='word_1_119' title='bbox 1448 1313 1514 1347; x_wconf 88' lang='lat' dir='ltr'>est</span> <span class='ocrx_word' id='word_1_120' title='bbox 1551 1311 1815 1352; x_wconf 82' lang='lat' dir='ltr'>reservatus,</span> 
     </span>
     <span class='ocr_line' id='line_1_16' title="bbox 357 1379 1818 1437; baseline -0.002 -16"><span class='ocrx_word' id='word_1_121' title='bbox 357 1396 458 1437; x_wconf 80' lang='lat' dir='ltr'>quae</span> <span class='ocrx_word' id='word_1_122' title='bbox 480 1382 523 1421; x_wconf 91' lang='lat' dir='ltr'>in</span> <span class='ocrx_word' id='word_1_123' title='bbox 547 1379 899 1421; x_wconf 84' lang='lat' dir='ltr'>administrandis</span> <span class='ocrx_word' id='word_1_124' title='bbox 920 1379 1220 1427; x_wconf 86' lang='lat' dir='ltr'>Sacramentis,</span> <span class='ocrx_word' id='word_1_125' title='bbox 1257 1379 1485 1419; x_wconf 85' lang='lat' dir='ltr'>consilium</span> <span class='ocrx_word' id='word_1_126' title='bbox 1518 1379 1818 1434; x_wconf 81' lang='lat' dir='ltr'>rationemque</span> 
     </span>
     <span class='ocr_line' id='line_1_17' title="bbox 358 1448 1815 1507; baseline -0.003 -14"><span class='ocrx_word' id='word_1_127' title='bbox 358 1453 580 1501; x_wconf 87' lang='lat' dir='ltr'>adhibens,</span> <span class='ocrx_word' id='word_1_128' title='bbox 617 1467 768 1493; x_wconf 90' lang='lat' dir='ltr'>eorum</span> <span class='ocrx_word' id='word_1_129' title='bbox 799 1452 933 1493; x_wconf 88' lang='lat' dir='ltr'>ritum</span> <span class='ocrx_word' id='word_1_130' title='bbox 955 1451 1110 1499; x_wconf 74' lang='lat' dir='ltr'>variat,</span> <span class='ocrx_word' id='word_1_131' title='bbox 1132 1457 1265 1507; x_wconf 89' lang='lat' dir='ltr'>prout</span> <span class='ocrx_word' id='word_1_132' title='bbox 1291 1450 1374 1490; x_wconf 90' lang='lat' dir='ltr'>sibi</span> <span class='ocrx_word' id='word_1_133' title='bbox 1396 1449 1574 1490; x_wconf 83' lang='lat' dir='ltr'>videtur</span> <span class='ocrx_word' id='word_1_134' title='bbox 1594 1448 1815 1505; x_wconf 84' lang='lat' dir='ltr'>expedire.</span> 
     </span>
     <span class='ocr_line' id='line_1_18' title="bbox 362 1521 1818 1579; baseline -0.003 -12"><span class='ocrx_word' id='word_1_135' title='bbox 362 1527 647 1567; x_wconf 85' lang='lat' dir='ltr'>Demonstrat</span> <span class='ocrx_word' id='word_1_136' title='bbox 677 1525 724 1565; x_wconf 90' lang='lat' dir='ltr'>id</span> <span class='ocrx_word' id='word_1_137' title='bbox 757 1525 1083 1565; x_wconf 87' lang='lat' dir='ltr'>Sacramentum</span> <span class='ocrx_word' id='word_1_138' title='bbox 1120 1522 1339 1579; x_wconf 84' lang='lat' dir='ltr'>Baptismi</span> <span class='ocrx_word' id='word_1_139' title='bbox 1372 1523 1512 1570; x_wconf 80' lang='lat' dir='ltr'>toties,</span> <span class='ocrx_word' id='word_1_140' title='bbox 1546 1521 1693 1578; x_wconf 89' lang='lat' dir='ltr'>quoad</span> <span class='ocrx_word' id='word_1_141' title='bbox 1723 1526 1818 1578; x_wconf 87' lang='lat' dir='ltr'>ejus</span> 
     </span>
     <span class='ocr_line' id='line_1_19' title="bbox 359 1595 1819 1651; baseline -0.002 -12"><span class='ocrx_word' id='word_1_142' title='bbox 359 1599 549 1648; x_wconf 87' lang='lat' dir='ltr'>modum,</span> <span class='ocrx_word' id='word_1_143' title='bbox 585 1598 742 1639; x_wconf 82' lang='lat' dir='ltr'>variati</span> <span class='ocrx_word' id='word_1_144' title='bbox 760 1615 770 1648; x_wconf 88' lang='lat'>;</span> <span class='ocrx_word' id='word_1_145' title='bbox 803 1598 947 1638; x_wconf 84' lang='lat' dir='ltr'>tribus</span> <span class='ocrx_word' id='word_1_146' title='bbox 980 1597 1092 1637; x_wconf 89' lang='lat' dir='ltr'>enim</span> <span class='ocrx_word' id='word_1_147' title='bbox 1124 1595 1413 1636; x_wconf 84' lang='lat' dir='ltr'>mersionibus</span> <span class='ocrx_word' id='word_1_148' title='bbox 1446 1595 1682 1651; x_wconf 87' lang='lat' dir='ltr'>aliquando</span> <span class='ocrx_word' id='word_1_149' title='bbox 1713 1595 1819 1636; x_wconf 91' lang='lat' dir='ltr'>cele-</span> 
     </span>
     <span class='ocr_line' id='line_1_20' title="bbox 359 1668 1820 1723; baseline -0.002 -12"><span class='ocrx_word' id='word_1_150' title='bbox 359 1671 514 1711; x_wconf 86' lang='lat' dir='ltr'>bratus</span> <span class='ocrx_word' id='word_1_151' title='bbox 535 1670 664 1710; x_wconf 89' lang='lat' dir='ltr'>etiam</span> <span class='ocrx_word' id='word_1_152' title='bbox 686 1669 856 1710; x_wconf 89' lang='lat' dir='ltr'>unicam</span> <span class='ocrx_word' id='word_1_153' title='bbox 885 1668 1079 1709; x_wconf 87' lang='lat' dir='ltr'>admisit:</span> <span class='ocrx_word' id='word_1_154' title='bbox 1111 1668 1268 1708; x_wconf 87' lang='lat' dir='ltr'>mersio</span> <span class='ocrx_word' id='word_1_155' title='bbox 1300 1682 1490 1723; x_wconf 84' lang='lat' dir='ltr'>quoque,</span> <span class='ocrx_word' id='word_1_156' title='bbox 1532 1668 1739 1723; x_wconf 87' lang='lat' dir='ltr'>aspersiO,</span> <span class='ocrx_word' id='word_1_157' title='bbox 1776 1673 1820 1708; x_wconf 89' lang='lat' dir='ltr'>et</span> 
     </span>
     <span class='ocr_line' id='line_1_21' title="bbox 359 1740 1821 1797; baseline -0.001 -15"><span class='ocrx_word' id='word_1_158' title='bbox 359 1743 512 1783; x_wconf 85' lang='lat' dir='ltr'>effusio</span> <span class='ocrx_word' id='word_1_159' title='bbox 548 1756 666 1797; x_wconf 74' lang='lat' dir='ltr'>saepe</span> <span class='ocrx_word' id='word_1_160' title='bbox 709 1742 804 1797; x_wconf 88' lang='lat' dir='ltr'>ejus</span> <span class='ocrx_word' id='word_1_161' title='bbox 839 1741 972 1782; x_wconf 90' lang='lat' dir='ltr'>ritum</span> <span class='ocrx_word' id='word_1_162' title='bbox 1007 1746 1303 1781; x_wconf 82' lang='lat' dir='ltr'>mutaverunt.</span> <span class='ocrx_word' id='word_1_163' title='bbox 1377 1740 1523 1790; x_wconf 86' lang='lat' dir='ltr'>Quare</span> <span class='ocrx_word' id='word_1_164' title='bbox 1537 1744 1550 1762; x_wconf 69' lang='lat'>2</span> <span class='ocrx_word' id='word_1_165' title='bbox 1587 1754 1821 1796; x_wconf 86' lang='lat' dir='ltr'>agnoscens</span> 
     </span>
     <span class='ocr_line' id='line_1_22' title="bbox 362 1812 1821 1857; baseline -0.001 -1"><span class='ocrx_word' id='word_1_166' title='bbox 362 1817 520 1857; x_wconf 87' lang='lat' dir='ltr'>Sancta</span> <span class='ocrx_word' id='word_1_167' title='bbox 544 1814 691 1855; x_wconf 84' lang='lat' dir='ltr'>Mater</span> <span class='ocrx_word' id='word_1_168' title='bbox 704 1813 901 1855; x_wconf 84' lang='lat' dir='ltr'>Ecclesia</span> <span class='ocrx_word' id='word_1_169' title='bbox 917 1813 1026 1854; x_wconf 87' lang='lat' dir='ltr'>hanc</span> <span class='ocrx_word' id='word_1_170' title='bbox 1042 1827 1166 1853; x_wconf 88' lang='lat' dir='ltr'>suam</span> <span class='ocrx_word' id='word_1_171' title='bbox 1188 1813 1233 1852; x_wconf 89' lang='lat' dir='ltr'>in</span> <span class='ocrx_word' id='word_1_172' title='bbox 1254 1812 1490 1853; x_wconf 87' lang='lat' dir='ltr'>ministerio</span> <span class='ocrx_word' id='word_1_173' title='bbox 1512 1819 1555 1854; x_wconf 90' lang='lat' dir='ltr'>et</span> <span class='ocrx_word' id='word_1_174' title='bbox 1575 1828 1658 1854; x_wconf 90' lang='lat' dir='ltr'>usu</span> <span class='ocrx_word' id='word_1_175' title='bbox 1677 1814 1821 1854; x_wconf 86' lang='lat' dir='ltr'>Sacra-</span> 
     </span>
     <span class='ocr_line' id='line_1_23' title="bbox 361 1884 1823 1941; baseline -0.001 -14"><span class='ocrx_word' id='word_1_176' title='bbox 361 1894 606 1928; x_wconf 89' lang='lat' dir='ltr'>mentorum</span> <span class='ocrx_word' id='word_1_177' title='bbox 649 1885 975 1934; x_wconf 87' lang='lat' dir='ltr'>authoritatem,</span> <span class='ocrx_word' id='word_1_178' title='bbox 1017 1891 1060 1925; x_wconf 91' lang='lat' dir='ltr'>et</span> <span class='ocrx_word' id='word_1_179' title='bbox 1091 1884 1218 1925; x_wconf 87' lang='lat' dir='ltr'>docta</span> <span class='ocrx_word' id='word_1_180' title='bbox 1260 1899 1285 1924; x_wconf 89' lang='lat' dir='ltr'>a</span> <span class='ocrx_word' id='word_1_181' title='bbox 1317 1885 1487 1939; x_wconf 88' lang='lat' dir='ltr'>Spiritu</span> <span class='ocrx_word' id='word_1_182' title='bbox 1531 1885 1702 1934; x_wconf 88' lang='lat' dir='ltr'>Sancto,</span> <span class='ocrx_word' id='word_1_183' title='bbox 1744 1886 1823 1941; x_wconf 90' lang='lat' dir='ltr'>qui</span> 
     </span>
     <span class='ocr_line' id='line_1_24' title="bbox 362 1957 1822 2015; baseline -0.001 -14"><span class='ocrx_word' id='word_1_184' title='bbox 362 1960 544 2015; x_wconf 86' lang='lat' dir='ltr'>spiritus</span> <span class='ocrx_word' id='word_1_185' title='bbox 562 1965 625 2000; x_wconf 89' lang='lat' dir='ltr'>est</span> <span class='ocrx_word' id='word_1_186' title='bbox 646 1959 873 2014; x_wconf 82' lang='lat' dir='ltr'>sapientiae</span> <span class='ocrx_word' id='word_1_187' title='bbox 905 1964 949 1999; x_wconf 90' lang='lat' dir='ltr'>ct</span> <span class='ocrx_word' id='word_1_188' title='bbox 980 1957 1241 2006; x_wconf 86' lang='lat' dir='ltr'>intellectus,</span> <span class='ocrx_word' id='word_1_189' title='bbox 1272 1957 1454 2013; x_wconf 88' lang='lat' dir='ltr'>spiritus</span> <span class='ocrx_word' id='word_1_190' title='bbox 1480 1958 1645 1998; x_wconf 88' lang='lat' dir='ltr'>consilii</span> <span class='ocrx_word' id='word_1_191' title='bbox 1666 1965 1710 1999; x_wconf 91' lang='lat' dir='ltr'>et</span> <span class='ocrx_word' id='word_1_192' title='bbox 1730 1958 1822 2014; x_wconf 87' lang='lat' dir='ltr'>pie-</span> 
     </span>
     <span class='ocr_line' id='line_1_25' title="bbox 363 2030 1824 2087; baseline 0 -14"><span class='ocrx_word' id='word_1_193' title='bbox 363 2033 460 2080; x_wconf 88' lang='lat' dir='ltr'>atis,</span> <span class='ocrx_word' id='word_1_194' title='bbox 503 2032 603 2072; x_wconf 88' lang='lat' dir='ltr'>olim</span> <span class='ocrx_word' id='word_1_195' title='bbox 640 2047 665 2072; x_wconf 87' lang='lat' dir='ltr'>a</span> <span class='ocrx_word' id='word_1_196' title='bbox 699 2030 948 2087; x_wconf 88' lang='lat' dir='ltr'>primordiis</span> <span class='ocrx_word' id='word_1_197' title='bbox 972 2030 1235 2072; x_wconf 65' lang='lat' dir='ltr'>Christianae</span> <span class='ocrx_word' id='word_1_198' title='bbox 1270 2030 1495 2087; x_wconf 82' lang='lat' dir='ltr'>religionis</span> <span class='ocrx_word' id='word_1_199' title='bbox 1528 2030 1602 2071; x_wconf 88' lang='lat' dir='ltr'>diu</span> <span class='ocrx_word' id='word_1_200' title='bbox 1637 2038 1824 2087; x_wconf 86' lang='lat' dir='ltr'>utraque</span> 
     </span>
     <span class='ocr_line' id='line_1_26' title="bbox 364 2103 1824 2160; baseline -0.001 -15"><span class='ocrx_word' id='word_1_201' title='bbox 364 2105 505 2160; x_wconf 89' lang='lat' dir='ltr'>specie</span> <span class='ocrx_word' id='word_1_202' title='bbox 526 2104 729 2145; x_wconf 87' lang='lat' dir='ltr'>fidelibus</span> <span class='ocrx_word' id='word_1_203' title='bbox 745 2104 1031 2160; x_wconf 82' lang='lat' dir='ltr'>dispensavit.</span> <span class='ocrx_word' id='word_1_204' title='bbox 1093 2104 1156 2144; x_wconf 84' lang='lat' dir='ltr'>Et</span> <span class='ocrx_word' id='word_1_205' title='bbox 1177 2103 1327 2145; x_wconf 87' lang='lat' dir='ltr'>eadem</span> <span class='ocrx_word' id='word_1_206' title='bbox 1344 2110 1508 2159; x_wconf 87' lang='lat' dir='ltr'>postea,</span> <span class='ocrx_word' id='word_1_207' title='bbox 1529 2103 1656 2144; x_wconf 85' lang='lat' dir='ltr'>Duce</span> <span class='ocrx_word' id='word_1_208' title='bbox 1673 2104 1824 2145; x_wconf 90' lang='lat' dir='ltr'>eodem</span> 
     </span>
     <span class='ocr_line' id='line_1_27' title="bbox 367 2177 1823 2234; baseline 0 -15"><span class='ocrx_word' id='word_1_209' title='bbox 367 2179 552 2234; x_wconf 85' lang='lat' dir='ltr'>Spiritu,</span> <span class='ocrx_word' id='word_1_210' title='bbox 575 2179 786 2234; x_wconf 82' lang='lat' dir='ltr'>gravibus</span> <span class='ocrx_word' id='word_1_211' title='bbox 817 2184 861 2219; x_wconf 91' lang='lat' dir='ltr'>et</span> <span class='ocrx_word' id='word_1_212' title='bbox 887 2178 1018 2234; x_wconf 86' lang='lat' dir='ltr'>justis</span> <span class='ocrx_word' id='word_1_213' title='bbox 1040 2178 1182 2218; x_wconf 88' lang='lat' dir='ltr'>causis</span> <span class='ocrx_word' id='word_1_214' title='bbox 1203 2177 1404 2226; x_wconf 86' lang='lat' dir='ltr'>adducta,</span> <span class='ocrx_word' id='word_1_215' title='bbox 1437 2177 1615 2219; x_wconf 88' lang='lat' dir='ltr'>alteram</span> <span class='ocrx_word' id='word_1_216' title='bbox 1651 2185 1823 2220; x_wconf 90' lang='lat' dir='ltr'>tantum</span> 
     </span>
     <span class='ocr_line' id='line_1_28' title="bbox 366 2251 1823 2308; baseline 0.001 -16"><span class='ocrx_word' id='word_1_217' title='bbox 366 2252 553 2308; x_wconf 87' lang='lat' dir='ltr'>speciem</span> <span class='ocrx_word' id='word_1_218' title='bbox 571 2252 712 2308; x_wconf 86' lang='lat' dir='ltr'>panis,</span> <span class='ocrx_word' id='word_1_219' title='bbox 727 2258 771 2293; x_wconf 91' lang='lat' dir='ltr'>et</span> <span class='ocrx_word' id='word_1_220' title='bbox 786 2252 910 2293; x_wconf 87' lang='lat' dir='ltr'>laicis</span> <span class='ocrx_word' id='word_1_221' title='bbox 929 2257 972 2292; x_wconf 88' lang='lat' dir='ltr'>et</span> <span class='ocrx_word' id='word_1_222' title='bbox 993 2251 1156 2291; x_wconf 88' lang='lat' dir='ltr'>clericis</span> <span class='ocrx_word' id='word_1_223' title='bbox 1174 2266 1259 2291; x_wconf 92' lang='lat' dir='ltr'>non</span> <span class='ocrx_word' id='word_1_224' title='bbox 1277 2252 1600 2293; x_wconf 89' lang='lat' dir='ltr'>celebrantibus</span> <span class='ocrx_word' id='word_1_225' title='bbox 1616 2252 1823 2308; x_wconf 80' lang='lat' dir='ltr'>praebuit.</span> 
     </span>
    </p>

    <p class='ocr_par' dir='ltr' id='par_1_3' title="bbox 368 2323 1828 2672">
     <span class='ocr_line' id='line_1_29' title="bbox 427 2323 1825 2381; baseline -0.001 -15"><span class='ocrx_word' id='word_1_226' title='bbox 427 2326 571 2376; x_wconf 80' lang='lat' dir='ltr'>Quare</span> <span class='ocrx_word' id='word_1_227' title='bbox 590 2340 674 2366; x_wconf 94' lang='lat' dir='ltr'>non</span> <span class='ocrx_word' id='word_1_228' title='bbox 692 2332 770 2374; x_wconf 91' lang='lat' dir='ltr'>est,</span> <span class='ocrx_word' id='word_1_229' title='bbox 787 2324 907 2381; x_wconf 90' lang='lat' dir='ltr'>quod</span> <span class='ocrx_word' id='word_1_230' title='bbox 929 2323 1110 2380; x_wconf 90' lang='lat' dir='ltr'>quidam</span> <span class='ocrx_word' id='word_1_231' title='bbox 1126 2331 1326 2379; x_wconf 82' lang='lat' dir='ltr'>urgeant,</span> <span class='ocrx_word' id='word_1_232' title='bbox 1342 2325 1502 2365; x_wconf 77' lang='lat' dir='ltr'>veteris</span> <span class='ocrx_word' id='word_1_233' title='bbox 1524 2332 1568 2366; x_wconf 90' lang='lat' dir='ltr'>et</span> <span class='ocrx_word' id='word_1_234' title='bbox 1589 2325 1825 2381; x_wconf 83' lang='lat' dir='ltr'>primitivae</span> 
     </span>
     <span class='ocr_line' id='line_1_30' title="bbox 368 2397 1828 2454; baseline 0 -16"><span class='ocrx_word' id='word_1_235' title='bbox 368 2398 576 2439; x_wconf 82' lang='lat' dir='ltr'>Ecclesiae</span> <span class='ocrx_word' id='word_1_236' title='bbox 594 2413 734 2447; x_wconf 88' lang='lat' dir='ltr'>usum,</span> <span class='ocrx_word' id='word_1_237' title='bbox 753 2412 884 2453; x_wconf 89' lang='lat' dir='ltr'>quem</span> <span class='ocrx_word' id='word_1_238' title='bbox 901 2397 1134 2452; x_wconf 89' lang='lat' dir='ltr'>utriusque</span> <span class='ocrx_word' id='word_1_239' title='bbox 1147 2397 1305 2452; x_wconf 85' lang='lat' dir='ltr'>speciei</span> <span class='ocrx_word' id='word_1_240' title='bbox 1319 2397 1451 2438; x_wconf 89' lang='lat' dir='ltr'>fuisse</span> <span class='ocrx_word' id='word_1_241' title='bbox 1466 2404 1615 2438; x_wconf 90' lang='lat' dir='ltr'>sancta</span> <span class='ocrx_word' id='word_1_242' title='bbox 1628 2398 1656 2438; x_wconf 92' lang='lat' dir='ltr'>S</span> <span class='ocrx_word' id='word_1_243' title='bbox 1659 2397 1828 2454; x_wconf 77' lang='lat' dir='ltr'>ynodus</span> 
     </span>
     <span class='ocr_line' id='line_1_31' title="bbox 368 2469 1827 2527; baseline 0 -16"><span class='ocrx_word' id='word_1_244' title='bbox 368 2486 449 2511; x_wconf 90' lang='lat' dir='ltr'>non</span> <span class='ocrx_word' id='word_1_245' title='bbox 482 2471 693 2527; x_wconf 79' lang='lat' dir='ltr'>ambigit3</span> <span class='ocrx_word' id='word_1_246' title='bbox 727 2470 802 2510; x_wconf 91' lang='lat' dir='ltr'>sed</span> <span class='ocrx_word' id='word_1_247' title='bbox 830 2470 894 2510; x_wconf 90' lang='lat' dir='ltr'>ita</span> <span class='ocrx_word' id='word_1_248' title='bbox 925 2476 1072 2511; x_wconf 87' lang='lat' dir='ltr'>tamen</span> <span class='ocrx_word' id='word_1_249' title='bbox 1104 2475 1155 2510; x_wconf 92' lang='lat' dir='ltr'>ut</span> <span class='ocrx_word' id='word_1_250' title='bbox 1186 2484 1329 2525; x_wconf 91' lang='lat' dir='ltr'>neque</span> <span class='ocrx_word' id='word_1_251' title='bbox 1351 2485 1405 2510; x_wconf 88' lang='lat' dir='ltr'>ex</span> <span class='ocrx_word' id='word_1_252' title='bbox 1426 2469 1576 2511; x_wconf 83' lang='lat' dir='ltr'>divino</span> <span class='ocrx_word' id='word_1_253' title='bbox 1607 2476 1827 2526; x_wconf 82' lang='lat' dir='ltr'>praecepto</span> 
     </span>
     <span class='ocr_line' id='line_1_32' title="bbox 369 2543 1828 2600; baseline 0 -16"><span class='ocrx_word' id='word_1_254' title='bbox 369 2546 425 2586; x_wconf 88' lang='lat' dir='ltr'>sit</span> <span class='ocrx_word' id='word_1_255' title='bbox 446 2546 719 2593; x_wconf 78' lang='lat' dir='ltr'>observatus,</span> <span class='ocrx_word' id='word_1_256' title='bbox 742 2550 786 2585; x_wconf 90' lang='lat' dir='ltr'>et</span> <span class='ocrx_word' id='word_1_257' title='bbox 817 2558 868 2584; x_wconf 88' lang='lat' dir='ltr'>eo</span> <span class='ocrx_word' id='word_1_258' title='bbox 894 2543 987 2598; x_wconf 91' lang='lat' dir='ltr'>ipso</span> <span class='ocrx_word' id='word_1_259' title='bbox 1009 2550 1216 2599; x_wconf 88' lang='lat' dir='ltr'>tempore,</span> <span class='ocrx_word' id='word_1_260' title='bbox 1241 2557 1328 2599; x_wconf 93' lang='lat' dir='ltr'>quo</span> <span class='ocrx_word' id='word_1_261' title='bbox 1348 2550 1537 2599; x_wconf 89' lang='lat' dir='ltr'>utraque</span> <span class='ocrx_word' id='word_1_262' title='bbox 1558 2544 1724 2600; x_wconf 86' lang='lat' dir='ltr'>species</span> <span class='ocrx_word' id='word_1_263' title='bbox 1744 2558 1828 2584; x_wconf 87' lang='lat' dir='ltr'>ser-</span> 
     </span>
     <span class='ocr_line' id='line_1_33' title="bbox 373 2616 1826 2672; baseline -0.001 -13"><span class='ocrx_word' id='word_1_264' title='bbox 373 2619 572 2666; x_wconf 71' lang='lat' dir='ltr'>vabatur,</span> <span class='ocrx_word' id='word_1_265' title='bbox 591 2619 729 2659; x_wconf 85' lang='lat' dir='ltr'>altera</span> <span class='ocrx_word' id='word_1_266' title='bbox 752 2617 884 2658; x_wconf 89' lang='lat' dir='ltr'>etiam</span> <span class='ocrx_word' id='word_1_267' title='bbox 905 2616 1069 2672; x_wconf 86' lang='lat' dir='ltr'>species</span> <span class='ocrx_word' id='word_1_268' title='bbox 1089 2616 1216 2671; x_wconf 87' lang='lat' dir='ltr'>panis</span> <span class='ocrx_word' id='word_1_269' title='bbox 1228 2617 1490 2672; x_wconf 88' lang='lat' dir='ltr'>pastoribus,</span> <span class='ocrx_word' id='word_1_270' title='bbox 1512 2617 1576 2658; x_wconf 87' lang='lat' dir='ltr'>ita</span> <span class='ocrx_word' id='word_1_271' title='bbox 1597 2616 1826 2672; x_wconf 89' lang='lat' dir='ltr'>disponen-</span> 
     </span>
    </p>
   </div>
   <div class='ocr_carea' id='block_1_3' title="bbox 606 2722 1564 2816">
    <p class='ocr_par' dir='ltr' id='par_1_4' title="bbox 606 2722 1564 2816">
     <span class='ocr_line' id='line_1_34' title="bbox 606 2722 1564 2763; baseline -0.003 -9"><span class='ocrx_word' id='word_1_272' title='bbox 606 2722 611 2739; x_wconf 87' lang='lat'>¹</span> <span class='ocrx_word' id='word_1_273' title='bbox 637 2724 709 2763; x_wconf 72' lang='lat' dir='ltr'>Illa,</span> <span class='ocrx_word' id='word_1_274' title='bbox 728 2724 798 2754; x_wconf 84' lang='lat' dir='ltr'>MS.</span> <span class='ocrx_word' id='word_1_275' title='bbox 813 2735 820 2758; x_wconf 70' lang='grc' dir='ltr'><strong>ς</strong></span> <span class='ocrx_word' id='word_1_276' title='bbox 844 2734 881 2753; x_wconf 83' lang='lat' dir='ltr'>an</span> <span class='ocrx_word' id='word_1_277' title='bbox 897 2733 968 2761; x_wconf 72' lang='lat' dir='ltr'>easy</span> <span class='ocrx_word' id='word_1_278' title='bbox 986 2722 1117 2752; x_wconf 69' lang='lat' dir='ltr'>mistake</span> <span class='ocrx_word' id='word_1_279' title='bbox 1134 2723 1178 2753; x_wconf 83' lang='lat' dir='ltr'>for</span> <span class='ocrx_word' id='word_1_280' title='bbox 1195 2723 1244 2752; x_wconf 75' lang='lat' dir='ltr'>the</span> <span class='ocrx_word' id='word_1_281' title='bbox 1262 2723 1454 2753; x_wconf 71' lang='lat' dir='ltr'>conlraction</span> <span class='ocrx_word' id='word_1_282' title='bbox 1471 2723 1564 2753; x_wconf 79' lang='lat' dir='ltr'>Ecca.</span> 
     </span>
     <span class='ocr_line' id='line_1_35' title="bbox 974 2775 1224 2816; baseline 0 -11"><span class='ocrx_word' id='word_1_283' title='bbox 974 2775 985 2792; x_wconf 77' lang='lat'>²</span> <span class='ocrx_word' id='word_1_284' title='bbox 1009 2775 1136 2816; x_wconf 78' lang='lat' dir='ltr'>Optare,</span> <span class='ocrx_word' id='word_1_285' title='bbox 1154 2775 1224 2806; x_wconf 87' lang='lat' dir='ltr'>MS.</span> 
     </span>
    </p>
   </div>
  </div>
 </body>
</html>
