1905 3254
668 300 776 331 sssss.
802 301 880 331 vn.
1419 287 1496 327 361

45 406 100 446 30.
124 406 228 461 quia
246 405 345 447 hinc
365 407 591 461 praebetur
625 406 771 448 aditus
795 407 850 448 ad
870 407 1153 448 muniendam
1174 408 1294 449 illam
1317 422 1499 463 pravam

44 477 374 527 conclusionem,
398 478 514 534 quod
537 478 782 520 Concilium
805 480 860 520 sit
883 494 1017 534 supra
1034 480 1203 535 Papam
1222 498 1231 530 3
1264 495 1378 528 nam,
1401 494 1500 520 cum

42 552 261 592 firmatum
292 552 436 598 fuerit,
466 552 709 607 Episcopos
740 566 832 592 esse
862 544 1084 593 institutos
1113 567 1138 592 a
1161 552 1350 600 Christo,
1382 552 1502 592 nulla

42 623 155 664 facta
174 624 392 665 mentione
410 624 560 680 Papae,
584 624 750 664 facilius
768 624 850 664 erit
870 624 1044 671 inferre,
1063 638 1213 664 eorum
1235 630 1500 679 potestatem

43 711 127 737 non
149 711 241 737 esse
264 697 303 737 ei
325 697 581 753 subjectam.
645 697 829 746 Quarto,
852 696 1059 751 quoniam
1086 696 1218 736 multi
1244 703 1347 737 sunt
1366 696 1500 737 haerc-

42 769 129 817 tici,
151 769 229 825 qui
254 776 454 810 asserunt
485 783 634 809 eorum
667 769 912 824 Episcopos
943 775 1106 809 creatos
1130 783 1154 809 a
1175 767 1390 823 RegibuS,
1423 776 1501 810 aut

42 841 390 897 magistratibus,
433 847 509 882 aut
549 841 774 890 Ecclesiis,
825 856 916 882 esse
967 841 1187 897 legitimos
1226 841 1499 896 Episcopos;

43 929 139 954 cum
181 914 446 970 Episcopale
489 928 650 953 munus
690 928 714 954 a
756 912 933 954 Christo
975 914 1032 954 sit
1072 914 1338 960 institutum,
1373 919 1416 953 et
1456 913 1500 953 in

42 1000 193 1026 eorum
216 985 424 1026 electione
447 991 647 1025 versetur
668 991 836 1025 tantum
860 986 1028 1026 nudum
1049 986 1348 1026 ministerium.
1413 984 1500 1034 Qui

43 1072 162 1098 error
201 1058 342 1112 magis
382 1058 662 1098 confirmatur
700 1056 778 1098 hoc
821 1058 1014 1105 Canone,
1056 1073 1154 1098 eum
1204 1064 1344 1098 totum
1389 1072 1500 1113 opus

45 1129 220 1169 Christo
252 1129 490 1178 tribuatur,
524 1144 601 1169 nec
630 1129 721 1170 ulla
750 1130 828 1169 fiat
849 1130 1014 1170 mentio
1035 1130 1184 1184 Papae,
1217 1128 1337 1183 quod
1357 1142 1500 1183 nuper

43 1202 173 1242 ctiam
211 1202 401 1243 advertit
442 1203 485 1242 in
527 1202 882 1257 Congregationc
926 1203 1175 1256 Episcopus
1214 1201 1499 1249 Hibernieus,

42 1274 224 1329 loquens
245 1274 298 1315 de
331 1274 503 1330 Regina
536 1275 711 1330 Angliae
739 1290 840 1329 quae
871 1275 933 1315 ita
962 1275 1257 1315 ratiocinatur.
1320 1273 1498 1323 Quinto,

43 1362 140 1388 cum
174 1348 310 1388 verba
341 1347 593 1402 accipienda
625 1348 709 1388 sint
740 1347 1003 1395 immediate,
1037 1354 1080 1388 et
1111 1362 1189 1402 per
1209 1347 1332 1402 prius
1352 1353 1395 1386 ct
1416 1361 1501 1386 non

42 1435 121 1475 per
162 1421 392 1475 posterius,
432 1419 531 1460 hinc
582 1427 810 1475 sequetur,
853 1421 887 1460 si
929 1420 1143 1475 Episcopi
1182 1419 1435 1460 immediate
1476 1435 1502 1460 a

45 1491 220 1533 Christo
251 1500 366 1539 sunt,
389 1508 496 1549 ergo
518 1493 769 1534 immediate
800 1493 856 1534 ab
879 1508 928 1534 eo
950 1494 1118 1548 pariter
1143 1493 1308 1533 habent
1330 1507 1500 1533 omnem

43 1572 322 1620 potestatem,
346 1572 435 1606 tam
466 1564 642 1606 Ordinis
673 1579 804 1620 quam
836 1566 865 1606 J
871 1565 1187 1615 urisdictionis;
1219 1579 1319 1606 nam
1349 1565 1501 1606 Canon

41 1638 289 1678 indistincte
321 1638 544 1692 loquitur:
577 1637 652 1678 scd
673 1637 726 1677 de
748 1643 967 1692 potestate
998 1638 1027 1678 J
1033 1637 1323 1677 urisdictionis
1342 1637 1501 1677 falsum

43 1717 121 1751 est.
194 1710 333 1765 Ergo,
370 1707 452 1757 vi.,¹
488 1709 523 1748 si
564 1708 761 1756 dicimus,
804 1709 1049 1763 Episcopos
1084 1724 1175 1750 esse
1216 1709 1438 1749 institutos
1478 1724 1503 1750 a

46 1782 235 1828 Christo,
278 1788 322 1822 et
362 1780 471 1821 nihil
513 1780 636 1821 aliud
686 1780 902 1828 addimus,
946 1782 1102 1836 utique
1148 1781 1273 1836 sequi
1313 1781 1501 1828 videtur,

44 1855 211 1909 Papam
233 1868 325 1894 esse
348 1853 531 1908 simplex
558 1852 906 1894 Instrumentum
930 1854 974 1893 in
996 1868 1145 1894 eorum
1168 1854 1401 1902 creatione,
1423 1869 1502 1895 nec

46 1927 282 1982 quicquam
305 1925 361 1966 ab
383 1940 445 1972 eo,
470 1925 611 1965 veluti
640 1940 769 1966 causa
797 1925 1023 1973 efficiente,
1055 1925 1184 1974 oriri3
1217 1924 1335 1980 quod
1357 1932 1502 1967 tamen

46 2014 198 2040 verum
233 2013 317 2038 non
353 2004 430 2039 est.
494 1998 702 2053 Septimo,
745 2004 892 2038 contra
931 1997 1046 2038 hunc
1083 1997 1305 2038 Canonem
1339 2006 1502 2055 urgent

46 2086 193 2113 omncs
213 2071 298 2112 illae
321 2070 610 2115 difficultates,
634 2085 732 2125 quae
761 2069 969 2110 hactenus
1004 2071 1189 2125 ochctae
1220 2070 1413 2120 fuerunt,
1435 2088 1500 2122 ne,

46 2143 151 2191 scil„
179 2142 411 2190 diceretur,
444 2142 691 2197 Episcopos
722 2142 947 2182 institutos
982 2141 1036 2182 de
1067 2142 1098 2183 J
1105 2157 1179 2183 ure
1208 2141 1384 2193 divino;
1416 2145 1502 2186 imo

46 2215 186 2270 magis
207 2221 441 2270 augentur,
473 2214 679 2269 quoniam
712 2213 815 2268 plus
836 2220 902 2254 est
930 2213 1058 2254 fateri
1092 2214 1361 2269 simpliciter,
1392 2216 1501 2272 Epi-

47 2301 194 2341 scopos
215 2301 307 2328 esse
331 2301 356 2326 a
378 2285 555 2327 Christo
586 2286 824 2334 institutos,
849 2301 982 2341 quam
1013 2301 1104 2326 esse
1125 2285 1178 2326 de
1200 2286 1230 2327 -J
1234 2300 1311 2326 ure
1336 2285 1500 2335 divino,

47 2358 259 2414 siquidem
291 2373 448 2401 nomen
484 2359 609 2400 Juris
641 2358 778 2399 divini
805 2358 937 2399 latius
968 2364 1106 2414 patet,
1139 2364 1183 2399 et
1217 2364 1364 2413 potest
1392 2373 1501 2399 com-

48 2430 180 2485 plecti
201 2430 329 2486 plura
350 2445 480 2485 opera
501 2438 546 2472 et
567 2446 785 2487 personas.

105 2501 191 2543 His
228 2502 387 2543 auditis
410 2502 758 2551 difficultatibus,
793 2503 1017 2544 confestim
1042 2501 1218 2557 Legati,
1250 2501 1389 2542 literis
1423 2517 1503 2558 per

49 2574 351 2615 Tabellarium
373 2589 533 2631 magna
552 2575 773 2617 celeritate
795 2575 950 2621 missis,
973 2573 1065 2614 haec
1087 2574 1232 2614 omnia
1249 2574 1327 2614 Sm⁰
1359 2574 1416 2614 D.
1440 2575 1501 2617 N.

49 2645 281 2702 diligenter
301 2647 585 2702 significanda
606 2654 773 2694 curant,
795 2661 883 2701 quo
913 2647 1074 2686 certius
1094 2647 1180 2701 ipsi
1203 2646 1373 2695 deinde,
1406 2663 1501 2689 con-

50 2718 292 2775 sultiusque
314 2734 568 2774 responsum
591 2719 880 2775 Lotharingio
903 2718 1008 2759 dare
1029 2718 1205 2773 possint.
1268 2719 1393 2769 Quae,
1426 2721 1503 2762 ubi

51 2790 94 2831 in
114 2791 281 2833 Urbem
306 2792 479 2847 perlata
507 2792 698 2840 fuerunt,
722 2792 816 2832 visa
843 2797 945 2831 sunt
977 2791 1209 2832 Sanctitati
1235 2805 1327 2832 suae
1360 2799 1502 2834 matu-

636 2885 644 2903 1
671 2880 712 2910 So
727 2879 758 2909 in
776 2880 827 2909 the
843 2879 914 2910 MS.
