1905 3254
671 308 784 339 SEss.
811 308 887 340 νη.
1431 299 1514 340 329

53 417 159 473 ipsis
190 415 436 466 dicendum,
471 419 676 474 quoniam
709 433 733 459 a
760 419 885 475 Papa
916 424 1130 467 creantur,
1162 424 1206 460 et
1236 420 1293 460 ab
1321 435 1371 461 eo
1406 435 1510 477 pen,

54 489 179 539 dent3
207 490 510 546 contrariaque
532 491 677 547 opinio
698 506 783 532 non
806 492 946 532 solum
969 498 1033 533 est
1054 492 1175 540 falsa,
1195 493 1270 533 sed
1291 508 1512 549 perversa,

53 569 97 604 et
118 562 323 605 accedens
345 563 400 604 ad
419 563 636 604 haeresim.
856 558 861 567 ’

109 635 651 693 Conimbricensis—quod
673 636 900 693 disputare
923 636 977 678 de
999 637 1224 678 Potestate
1246 637 1395 693 Papae,
1418 639 1514 694 ipso

50 709 195 756 inscio,
216 724 302 750 non
324 710 469 759 decet3
504 718 547 753 et
585 710 702 766 quod
725 710 936 752 deberent
970 711 1070 751 Illmi
1098 711 1260 767 Legati
1282 711 1513 768 prohibere

51 782 264 831 Praelatis,
288 790 338 824 ut
360 790 531 825 tantum
555 783 867 840 responderent
890 784 945 825 ad
976 785 1204 841 proposita
1237 786 1282 825 in
1318 785 1511 833 Canone,

50 861 94 897 et
114 856 364 898 omitterent
387 857 480 898 alia.

107 927 468 970 Cenetensis—-id
489 931 685 979 verbum,
720 931 992 987 Presbyteris
1028 931 1287 987 superiores,
1321 938 1512 987 ponatur

49 1002 92 1041 in
114 1002 254 1057 prima
275 1009 401 1058 parte
426 1003 628 1044 Canonis.

108 1074 668 1132 Suhnonensis—-quaedam
691 1077 904 1132 praefatus
935 1076 988 1118 de
1024 1076 1269 1118 differentia
1299 1077 1435 1133 Papae
1467 1085 1511 1120 et

47 1148 384 1205 Episcoporuin,
415 1150 534 1205 quod
565 1151 639 1191 ille
663 1151 937 1198 universalis,
974 1150 1019 1191 hi
1041 1151 1354 1206 particulares;
1388 1151 1461 1192 ille
1485 1166 1510 1191 a

49 1221 235 1270 Christo,
265 1221 309 1263 hi
332 1239 356 1264 a
378 1224 511 1265 Petro
534 1231 577 1265 et
600 1225 754 1279 Papa;
783 1224 882 1264 inde
905 1225 948 1264 in
971 1224 1137 1280 dialogi
1160 1225 1344 1279 speciem
1369 1225 1511 1266 multa

47 1302 302 1351 persecutus
339 1302 405 1337 est
439 1296 492 1338 de
534 1297 849 1338 Jurisdictione
890 1298 1225 1352 Episcoporum,
1265 1297 1508 1346 ostendens,

48 1384 143 1410 eam
165 1376 300 1411 totam
323 1370 425 1411 oriri
446 1385 471 1411 a
494 1371 673 1411 Summo
698 1370 919 1419 Pontifice,
945 1385 1130 1426 eamque
1154 1371 1463 1427 perpendendo
1486 1387 1511 1412 a

46 1449 252 1501 tempore,
276 1459 301 1485 a
321 1460 380 1493 re,
405 1460 429 1485 a
449 1445 556 1492 loco,
581 1451 623 1485 et
645 1460 670 1485 a
692 1445 900 1500 personis.

105 1518 711 1574 Segobiensis—ilnprobavit
745 1518 789 1558 in
823 1517 1017 1559 doctrina
1050 1517 1095 1558 id
1131 1518 1326 1565 verbum,
1362 1518 1508 1559 confu-

47 1591 196 1642 tanda,
232 1593 436 1648 quoniam
472 1592 672 1648 Synodus
705 1591 838 1632 debet
876 1591 1173 1646 principaliter
1204 1591 1507 1640 determinare,

45 1667 149 1705 n0n¹
188 1665 425 1706 confutare.
488 1666 603 1706 Tum
638 1665 681 1705 id
713 1665 912 1712 verbum,
945 1665 1125 1704 materia
1149 1671 1191 1705 et
1214 1665 1365 1711 forma,
1389 1665 1506 1719 quia,

43 1737 144 1779 licet
165 1739 250 1779 sint
272 1739 407 1779 verba
429 1738 696 1786 scholastica,
731 1744 875 1778 tamen
898 1739 941 1777 in
964 1737 1170 1778 Conciliis
1192 1738 1279 1778 alia
1303 1737 1509 1779 videntur

47 1811 314 1867 usurpanda.
382 1812 597 1851 Praeterea
629 1809 675 1850 id
698 1810 895 1857 verbum,
931 1809 1209 1859 Charactere,
1238 1811 1314 1866 qui
1334 1826 1420 1851 non
1442 1825 1508 1851 re-

46 1884 247 1939 periatur
288 1883 410 1940 apud
453 1884 654 1939 antiquos
696 1882 922 1922 Doctores,
984 1882 1055 1923 De
1093 1883 1290 1938 Septimo
1328 1883 1508 1925 Canone

45 1955 168 2005 dixit,
202 1957 407 1997 maluisse
430 1972 529 1998 eum
564 1957 605 1997 in
638 1956 713 1996 illo
746 1956 916 2012 aliquid
947 1956 1000 1997 de
1033 1957 1145 1997 bono
1178 1972 1261 1998 usu
1293 1956 1507 1998 Jurisdic-

46 2030 176 2071 tionis
217 2030 437 2078 contineri,
481 2044 613 2086 quam
651 2028 704 2069 de
746 2035 965 2084 potestate
1002 2029 1232 2085 disputari.
1296 2030 1508 2073 Subdidit

45 2107 194 2142 tamen
216 2102 259 2142 in
283 2102 437 2157 primo,
463 2101 581 2157 quod
605 2101 727 2157 Papa
748 2108 813 2142 est
836 2101 1044 2142 Summus
1068 2101 1319 2149 Monarcha,
1347 2109 1389 2143 et
1412 2103 1506 2159 ipse

51 2173 167 2222 dare,
193 2175 394 2224 adimere,
418 2182 460 2217 et
481 2175 695 2216 moderari
717 2175 862 2215 omnia
884 2182 1041 2229 potest,
1065 2175 1234 2216 etiamsi
1257 2175 1506 2232 Presbyteri

46 2254 88 2289 et
109 2248 314 2305 Episcopi
347 2249 434 2291 sint
465 2249 518 2290 de
541 2249 654 2289 Jure
676 2248 851 2288 divino:
886 2250 929 2288 20
961 2248 1077 2304 quod
1111 2249 1253 2304 prima
1287 2264 1388 2304 pars
1424 2249 1506 2290 Ca-

46 2324 167 2364 nonis
193 2339 277 2365 non
308 2324 383 2365 dat
413 2324 640 2380 Episcopis
671 2329 810 2363 totum
839 2321 959 2377 quod
990 2324 1140 2362 suum²
1176 2328 1252 2370 est,
1284 2336 1385 2362 nam
1420 2336 1505 2362 non

45 2410 168 2437 omne
191 2396 309 2453 quod
331 2396 532 2438 Christus
555 2396 750 2437 instituit
786 2400 833 2435 ut
867 2402 993 2443 esset,
1031 2395 1074 2435 id
1107 2395 1253 2436 statim
1289 2394 1504 2436 tribuitur

45 2467 147 2510 Juri
168 2469 360 2521 Divin03
394 2485 489 2511 nam
527 2477 571 2510 et
603 2469 809 2517 instituit,
850 2475 900 2509 ut
935 2475 1077 2509 essent
1108 2467 1230 2524 leges
1259 2467 1424 2508 Civiles
1460 2474 1505 2508 et

47 2540 290 2590 Canofficae,
326 2551 369 2585 et
401 2544 674 2584 Executores
695 2543 858 2597 legum,
894 2548 936 2582 et
959 2548 1103 2581 tamen
1125 2540 1205 2581 hoc
1228 2555 1311 2581 non
1334 2540 1505 2582 dicatur

45 2613 98 2656 de
119 2615 230 2657 Jure
253 2617 416 2657 divino.
467 2615 636 2657 Idcirco
659 2616 773 2657 clarc
800 2613 1142 2669 exprimendum,
1162 2613 1279 2669 quod
1300 2614 1506 2669 Episcopi

45 2693 146 2727 sunt
168 2688 299 2728 creati
323 2703 348 2728 a
377 2687 566 2728 Christo.
628 2687 757 2728 Dixit
793 2687 938 2732 etiam,
976 2685 1115 2725 multa
1148 2700 1240 2725 esse
1270 2685 1384 2740 Juris
1420 2684 1500 2726 hu-

215 2775 222 2793 ¹
250 2777 326 2813 Nec,
345 2778 414 2807 MS.
718 2775 730 2792 ²
756 2777 791 2805 In
809 2775 857 2804 the
876 2776 948 2804 MS.
963 2774 985 2802 it
1000 2774 1023 2803 is
1040 2778 1135 2803 totam
1151 2772 1214 2802 and
1229 2782 1330 2802 suam.
