1905 3254
669 299 776 330 sess.
807 300 861 330 η.
1412 282 1489 325 271

39 413 325 464 symptomate
347 413 573 464 correptus
599 408 811 450 exanimis
831 407 1009 450 relictus
1029 407 1136 448 fuit:
1169 412 1335 463 postea,
1357 419 1502 447 accur-

38 481 238 521 rentibus
270 481 494 528 Patribus,
533 481 752 536 variisque
792 479 994 521 remediis
1034 493 1087 520 ex
1123 485 1332 534 tempore,
1368 483 1503 534 prout

36 553 157 594 locus
178 553 362 602 ferebat,
385 553 605 601 adhibitis,
631 560 674 593 et
696 553 938 608 praesertim
961 552 1146 593 Lansaci
1179 551 1328 593 Ororis
1365 551 1499 599 Gall„

39 626 285 682 quistatim
316 627 449 667 salem
472 641 525 667 ex
555 627 741 667 sacrario
774 633 1002 680 sumptum
1031 626 1152 666 illius
1180 626 1244 666 ori
1275 625 1496 681 imposuit,

38 699 214 739 solertia
245 699 517 748 sublevatus,
554 714 651 740 cum
687 698 742 739 ad
776 713 821 739 se
856 698 1056 739 rediisset
1087 697 1265 739 domum
1299 697 1499 739 vehiculo

38 772 122 813 fuit
152 772 339 821 delatus,
378 779 422 814 et
458 773 656 828 pristinae
693 771 940 813 valetudini
976 785 1139 827 paucos
1180 777 1278 826 post
1311 769 1404 811 dies
1437 777 1502 812 est

38 845 282 887 restitutus.
346 846 432 887 Die
454 847 586 887 etiam
615 847 641 886 2
665 845 938 901 Septembris
970 845 1218 899 Episcopus
1238 843 1501 885 Veronensis

41 917 219 959 Ordinis
254 918 608 967 Praedicatorum,
645 918 857 966 Venetus,
895 932 948 958 ex
983 917 1119 958 nobili
1152 916 1321 957 familia
1356 917 1501 958 Trivi-

39 1006 257 1040 sanorum,
298 992 476 1033 florente
518 991 661 1032 adhuc
704 998 833 1032 aetate
865 997 1039 1031 naturae
1078 1004 1240 1030 munus
1278 989 1500 1045 persolvit.

40 1065 207 1120 Accepi
229 1079 311 1120 ego
334 1065 390 1106 ab
412 1065 476 1113 iis,
499 1066 575 1121 qui
592 1066 635 1106 in
659 1067 752 1121 ejus
773 1065 943 1106 obitum
967 1063 1217 1111 adfuerunt,
1241 1063 1380 1104 multa
1401 1079 1501 1105 eum

40 1136 250 1192 praeclare
283 1136 336 1178 de
367 1137 529 1178 caelesti
565 1138 719 1194 gloria,
751 1138 855 1178 dum
887 1139 930 1177 in
968 1137 1174 1178 extremis
1206 1143 1372 1193 ageret,
1404 1152 1503 1193 pro-

40 1209 205 1259 tulisse,
228 1211 313 1252 imo
329 1226 430 1252 eum
449 1211 694 1258 affirmasse,
713 1226 756 1252 se
779 1210 906 1252 modo
928 1209 1074 1250 Deum
1093 1210 1268 1250 Patrem
1290 1210 1334 1250 in
1353 1209 1501 1257 Caelis,

42 1283 378 1340 gloriosamque¹
399 1289 495 1340 ejus
512 1292 710 1333 matrem,
725 1286 1009 1342 conspexisse.
1055 1285 1338 1326 Mirabantur
1355 1300 1504 1327 omnes

42 1358 120 1414 qui
142 1357 336 1406 aderant,
361 1358 467 1399 dum
499 1373 634 1415 agens
663 1359 850 1400 animam
883 1366 1106 1415 perpetua
1138 1360 1333 1401 oratione
1367 1360 1504 1401 latina

42 1438 86 1473 et
106 1431 310 1488 eleganti,
343 1431 460 1473 horae
487 1432 643 1487 spatio,
675 1448 847 1489 semper
866 1448 934 1474 res
955 1433 1126 1475 divinas
1147 1433 1395 1475 incredibili
1417 1434 1503 1489 spi-

44 1505 154 1546 ritus
178 1505 328 1546 ardore
352 1505 547 1547 referret.

100 1579 287 1620 Interim
329 1580 459 1620 etiam
511 1579 671 1620 Literae
717 1579 842 1620 Urbe
887 1581 1221 1629 nunciaverant,
1266 1580 1324 1620 N.
1370 1579 1503 1621 Orem

46 1652 228 1692 Gallum
252 1652 372 1707 apud
394 1653 604 1693 Sanctmum
627 1653 781 1707 egisse,
814 1659 864 1693 ut
897 1653 1026 1693 sessio
1054 1654 1098 1693 in
1132 1653 1327 1693 adventu
1352 1652 1504 1693 Gallo-

43 1740 141 1765 rum
164 1724 435 1766 differretur:
470 1726 753 1766 Sanctitatem
777 1731 924 1765 autem
958 1740 1078 1765 suam
1105 1731 1349 1766 constanter
1379 1739 1504 1765 renu-

43 1799 142 1846 isse,
160 1797 279 1853 quod
296 1798 534 1839 vereretur*
549 1797 641 1838 haec
653 1798 695 1837 in
713 1797 910 1838 fraudem
926 1798 1177 1854 excogitari,
1192 1804 1242 1839 ut
1256 1797 1502 1839 diutissime

46 1872 190 1913 exitus
213 1871 375 1927 Synodi
392 1870 735 1927 protraheretur.
778 1870 1036 1911 Narrabant
1049 1870 1194 1918 etiam,
1215 1871 1502 1912 Sanctitatem

45 1960 169 1986 suam
199 1945 243 1986 in
269 1944 461 1985 Card¹ium
486 1944 750 1985 Consistorio
781 1958 1057 1999 summopere
1084 1944 1362 1999 prudentiam
1398 1944 1504 1985 Car-

46 2016 201 2057 dinalis
224 2017 457 2058 Mantuani
477 2016 808 2064 commendasse,
832 2020 955 2072 cujus
976 2016 1150 2057 consilio
1171 2023 1214 2058 et
1233 2017 1504 2059 authoritate

46 2091 201 2132 Patres
232 2089 288 2131 ad
320 2105 532 2131 summam
565 2090 678 2130 inter
708 2104 752 2130 se
775 2089 1091 2129 consensionem
1113 2088 1279 2130 redacti
1310 2089 1503 2132 videren-

47 2171 142 2206 tur:
175 2164 361 2205 eundem
396 2164 525 2205 etiam
562 2162 891 2203 Sanctissimum
913 2161 1116 2203 Praelatis
1145 2162 1297 2203 multis
1316 2162 1384 2204 hic
1405 2163 1505 2219 plus

47 2238 172 2279 solito
189 2244 363 2294 gratum
387 2251 434 2278 ac
452 2236 712 2278 benevolum
736 2251 780 2276 se
800 2236 998 2291 praebere
1021 2235 1379 2289 conspiciebatur,
1398 2235 1504 2276 dum

48 2311 110 2352 eis
130 2311 338 2352 beneficia
358 2312 401 2352 in
430 2311 653 2351 mensibus
689 2309 789 2351 Sedi
811 2311 912 2365 ΑΡω
938 2309 1170 2350 reservatis
1192 2309 1390 2350 vacantia
1410 2324 1504 2350 con-

48 2384 227 2434 ferendi,
259 2391 392 2440 prout
423 2385 586 2426 occasio
618 2384 794 2431 tulerat,
827 2382 1080 2424 facultatem
1111 2381 1271 2431 dabat;
1304 2383 1423 2438 quod
1443 2390 1506 2424 ta·

49 2470 160 2503 men,
177 2471 260 2496 non
278 2456 459 2498 deerant
475 2457 551 2512 qui
568 2471 702 2512 prave
719 2457 1125 2511 interpretarentur,
1146 2455 1273 2510 quasi
1291 2455 1506 2497 Sanctitas

50 2543 130 2570 sua
150 2529 381 2571 levissimis
408 2529 475 2571 his
505 2530 776 2570 munusculis
806 2543 878 2569 eos
909 2529 993 2569 sibi
1025 2528 1251 2575 demereri,
1286 2533 1329 2568 et
1350 2528 1504 2570 volun-

49 2600 130 2641 tati
171 2615 258 2641 suae
296 2600 481 2657 adjicere
516 2601 723 2643 studeret.
786 2602 982 2642 Fuerant
1022 2600 1155 2640 etiam
1194 2599 1272 2640 hoc
1311 2607 1505 2656 tempore

53 2671 215 2713 Literae
249 2687 274 2713 a
306 2673 514 2729 Philippo
550 2673 673 2730 Rege
707 2673 763 2715 ad
792 2673 1023 2715 Oratorem
1057 2687 1184 2713 suum
1208 2672 1504 2714 Marchionem

95 2783 103 2801 ¹
130 2779 156 2808 It
172 2779 196 2808 is
211 2778 405 2819 gloriamque
421 2779 451 2808 in
468 2779 518 2809 the
536 2779 607 2809 MS.

92 2829 104 2846 ²
129 2831 318 2868 verteretur,
338 2832 405 2861 MS.
