1905 3254
676 286 786 316 sass.
813 286 886 316 vu.
1431 278 1514 320 579

55 386 215 428 Sancta
237 386 439 443 Synodus
460 387 672 430 hortatur.
736 390 886 431 Posset
907 398 1121 447 praeterea
1142 394 1202 434 eis
1224 394 1434 444 mandari,
1459 401 1511 436 ut

55 475 204 501 eorum
227 461 303 516 qui
325 461 625 516 baptizantur,
655 469 700 502 et
722 464 1040 512 confirmantur,
1064 466 1170 506 item
1193 468 1311 523 quod
1331 470 1509 524 suscipi—

55 534 220 575 entium
243 535 416 575 nomina
438 534 745 584 describerent,
769 542 812 576 et
832 536 876 576 in
900 536 1164 594 Catalogum
1192 541 1428 589 1·eferrent;
1464 543 1508 583 in

56 620 144 661 quo
165 606 295 646 etiam
317 606 493 646 nomina
522 621 671 647 eorum
701 615 858 656 essent,
887 610 962 664 qui
995 610 1241 665 nuptialem
1276 612 1509 655 benedicti·

54 694 178 720 onem
199 679 430 735 recipiunt.

112 750 420 807 Hypodiaconi
443 752 508 792 his
531 753 751 794 accedunt.
817 754 990 795 Horum
1014 771 1188 811 quoque
1210 757 1445 813 multiplex
1467 760 1510 799 in

54 824 251 866 Ecclesia
272 839 433 865 munus
461 825 571 876 fuit3
604 842 716 875 nam,
751 827 897 882 quoad
933 828 1020 869 Dei
1055 830 1222 870 cultum
1265 838 1309 873 et
1349 832 1512 872 Altaris

55 898 342 939 ministerium
366 900 539 948 attinet,
563 900 766 940 sacrificio
787 916 947 956 aquam
969 904 1294 958 praeparabant,
1318 904 1510 945 Diacono

54 972 373 1021 ministrabant,
403 975 576 1014 calicem
614 981 657 1014 et
697 982 900 1029 patenam
933 975 993 1015 eis
1026 975 1080 1015 ad
1115 976 1277 1017 Christi
1319 993 1510 1019 mensam

54 1045 285 1100 parabant,
299 1053 342 1087 et
356 1046 634 1091 oblationem,
650 1053 861 1101 quantum
878 1047 1043 1102 populo
1056 1048 1298 1090 sufficiebat
1311 1049 1354 1089 in
1364 1050 1511 1090 Altari

55 1119 291 1174 ponebant,
313 1119 465 1175 pallas¹
489 1119 670 1167 Altaris,
694 1126 737 1159 ct
770 1120 1011 1174 corporalia
1032 1121 1285 1171 abluebant,
1309 1129 1352 1163 et
1379 1123 1511 1178 Epis-

56 1191 168 1232 tolas
184 1191 404 1247 legebant.
469 1191 521 1232 In
543 1191 609 1231 his
630 1206 744 1238 vero,
761 1206 859 1246 quae
884 1191 940 1232 ad
961 1192 1111 1233 fideles
1131 1200 1340 1248 spectant,
1359 1209 1510 1235 eorum

55 1279 215 1305 munus
225 1272 331 1312 erat,
345 1264 667 1305 Catechismum
678 1263 842 1310 docere,
853 1265 1225 1320 eleemosynarum
1236 1273 1512 1306 caeterarum-

54 1351 140 1392 que
158 1337 425 1378 oblationum
449 1341 615 1377 curam²
637 1336 811 1383 habere,
836 1351 944 1390 quas
965 1342 1116 1391 postea
1137 1352 1189 1377 ex
1211 1352 1359 1378 eorum
1380 1338 1514 1379 mani-

54 1410 140 1451 bus
189 1410 409 1452 Diaconus
461 1410 689 1464 accipiens,
737 1408 902 1464 judicio
944 1408 1156 1464 Episcopi
1211 1410 1512 1466 dispensabat.

56 1483 167 1524 Haec
199 1485 342 1525 omnia
377 1483 628 1530 ministeria,
668 1489 716 1522 ut
752 1481 923 1522 summa
959 1482 1188 1538 diligentia
1220 1492 1515 1531 exerceantur,

55 1557 98 1597 in
120 1557 373 1612 primisque,
397 1563 446 1597 ut
467 1556 717 1597 rudimenta
752 1555 995 1596 Catholicae
1031 1556 1131 1596 fidei
1165 1557 1236 1612 pie
1270 1565 1313 1598 et
1351 1559 1514 1599 sincere

55 1629 252 1684 populus
275 1628 491 1675 doceatur,
517 1629 675 1669 Sancta
697 1627 898 1683 Synodus
914 1627 1107 1668 districte
1122 1630 1329 1683 praecipit.
1389 1629 1515 1670 Nihil

55 1708 119 1742 est
140 1702 252 1742 enim
275 1701 353 1742 hoc
376 1709 572 1757 tempore
594 1701 712 1756 quod
734 1701 848 1741 Ecce
873 1700 959 1741 Dei
976 1701 1115 1756 magis
1136 1701 1341 1756 prodesse
1363 1702 1513 1757 possit,

58 1788 188 1829 quam
211 1774 244 1813 si
268 1773 478 1814 adversus
492 1774 815 1815 Haereticorum
837 1773 1108 1829 impietatem
1131 1781 1175 1814 et
1197 1774 1373 1815 fraudes
1391 1775 1515 1816 brevi

57 1852 101 1886 et
121 1846 444 1901 compendiaria
467 1845 707 1887 Catholicae
730 1845 936 1886 doctrina*
965 1861 1133 1886 summa
1161 1847 1310 1888 fideles
1342 1848 1514 1888 institu-

57 1924 186 1958 antur
206 1925 250 1958 et
271 1918 551 1959 muniantur.³

113 1989 412 2031 Diaconorum
436 1997 581 2031 autem
605 1990 755 2039 ordini,
780 1992 857 2046 qui
881 2006 905 2031 a
933 1991 1098 2031 cacteris
1128 1990 1337 2030 Ecclesiae
1371 1992 1514 2032 minis—

57 2062 136 2104 tris
153 2061 382 2104 distinctus
404 2070 483 2111 est,
508 2070 549 2103 et
585 2063 822 2104 sacerdotio
852 2065 1089 2120 proximus,
1115 2078 1247 2117 quam
1280 2064 1422 2104 multa
1443 2079 1514 2105 ne-

59 2137 241 2177 cessaria
262 2142 306 2176 et
326 2151 446 2176 sacra
468 2137 707 2177 ministeria
729 2138 955 2177 commissa
988 2136 1161 2183 fuerint,
1184 2138 1287 2177 satis
1312 2146 1516 2192 apparet.

59 2209 154 2265 Ipsi
186 2211 299 2250 enim
330 2210 444 2250 oculi
477 2210 796 2265 Episcoporum
834 2218 947 2257 sunt,
985 2218 1028 2250 et
1065 2211 1279 2266 praecipui
1306 2211 1514 2253 Ecclesiae

60 2284 255 2330 ministri,
271 2298 455 2338 quorum
472 2298 612 2338 opem,
628 2284 719 2324 sive
736 2299 833 2323 cum
858 2298 978 2323 sacra
1000 2284 1204 2337 mysteria
1225 2284 1514 2331 celebrantur,

59 2356 148 2396 sive
183 2355 227 2396 in
261 2355 468 2396 Ecclesiae
502 2356 817 2410 procuratione,
852 2369 1075 2408 nunquam
1110 2368 1193 2393 non
1231 2361 1391 2407 praesto
1426 2370 1515 2396 esse

59 2427 201 2469 debet.
265 2427 413 2482 Atque
435 2428 478 2467 in
496 2427 719 2468 tremendo
741 2427 916 2482 quidem
949 2425 1154 2465 sacrificio
1176 2425 1416 2466 oblationes
1448 2441 1514 2467 ac-

59 2507 207 2556 ceptas
248 2515 272 2540 a
306 2500 590 2541 Subdiaconis
622 2501 825 2547 offerunt,
870 2498 1014 2539 Altari
1052 2498 1314 2552 imponunt,⁴
1356 2513 1515 2540 mensae

104 2605 112 2623 ¹
138 2605 195 2635 See
210 2605 371 2645 Adelung,
387 2605 486 2634 under
502 2605 605 2642 Palla,
621 2604 720 2635 where
735 2604 772 2634 he
787 2603 886 2633 shows
909 2602 975 2631 that
999 2600 1058 2630 this
1082 2600 1106 2630 is
1133 2600 1183 2630 the
1206 2600 1299 2631 lower
1323 2603 1469 2643 covering
1484 2604 1519 2634 of

60 2654 110 2685 the
124 2654 203 2685 altar
219 2655 306 2686 when
321 2654 372 2685 the
389 2654 547 2695 corporale
564 2656 588 2685 is
603 2656 690 2685 used.

103 2707 117 2725 ²
139 2707 223 2739 Cum
254 2708 328 2738 MS.

100 2759 113 2777 ²
137 2760 204 2790 The
216 2731 398 2799 iinportance
414 2760 448 2791 of
458 2760 541 2791 short
556 2760 740 2791 catechisms
756 2759 781 2789 is
796 2758 866 2788 here
883 2756 1045 2795 distinetly
1062 2757 1253 2795 recognized.

103 2813 117 2832 ⁴
141 2811 353 2853 Componunt‚
376 2813 447 2843 Ms.

1164 2868 1286 2907 21³2
