1905 3254
680 287 793 317 SEss.
821 288 914 318 vv111.
1440 278 1524 319 617

66 388 304 444 respondit,
328 396 372 431 et
394 390 435 430 in
458 390 536 431 hoc
559 392 841 433 conscientias
863 393 1138 449 Legatorum
1161 397 1370 437 oneravit.
1432 397 1527 437 Alii

67 461 154 502 alia
177 463 507 518 responderunt,
537 465 699 519 partim
737 465 914 520 quidem
948 466 1251 522 Hydruntino,
1273 469 1463 516 Verallo,
1487 475 1529 509 et

65 533 341 584 Rossanensi,
364 536 700 583 subscribentes,
724 538 880 592 partim
913 538 1167 582 dilationem
1196 541 1370 582 concedi
1405 556 1528 582 recu-

67 613 221 647 santes.
286 606 372 647 Sed
405 607 544 648 multo
579 609 715 663 major
743 623 843 664 pars
878 609 1149 666 Legatorum
1191 612 1526 668 propositionem

67 680 348 735 approbavit,
372 695 560 735 quorum
584 681 717 722 etiam
755 684 1027 724 conscicntiae
1048 686 1246 725 nonnulli
1271 700 1315 726 se
1338 700 1426 725 rem
1460 700 1527 725 re-

65 752 264 808 linquere
285 753 507 795 dixerunt.
572 754 732 810 Itaque
754 770 853 796 cum
888 756 930 796 in
968 756 1240 813 Legatorum
1270 758 1527 798 sententiam

68 839 94 864 a
130 824 293 865 Pribus
325 825 574 866 conclusum
611 834 736 873 esset,
773 834 866 868 tum
896 827 1107 869 Moronus
1138 843 1221 877 eos,
1256 844 1334 885 per
1368 829 1530 869 viscera

65 897 158 938 Dni
178 898 246 938 nri
265 898 376 939 Jesu
400 897 564 939 Christi
578 898 780 940 hortatus
798 907 877 947 est,
897 907 947 941 ut
971 902 1163 956 Spiritus
1177 902 1323 942 Sancti
1340 902 1528 958 gratiam

69 970 324 1012 ardentibus
360 973 474 1013 votis
509 973 821 1028 implorarent,¹
851 989 898 1015 ac
928 981 1076 1016 vetere
1105 990 1220 1016 more
1243 982 1456 1026 tenerent,
1478 982 1529 1016 ut

69 1052 168 1085 ante
191 1046 392 1086 sessionis
414 1045 506 1086 dies
523 1047 718 1102 jejuniis,
735 1054 778 1088 et
798 1048 1006 1102 precibus
1033 1048 1117 1089 Dei
1145 1049 1415 1089 clementiam
1445 1049 1528 1089 sibi

68 1118 370 1168 conciliarent,
403 1133 427 1158 a
463 1133 550 1173 qua
586 1119 701 1160 bona
739 1120 882 1160 onmia
917 1121 1038 1176 large
1072 1128 1212 1161 essent
1246 1121 1529 1178 expectanda,

67 1191 193 1232 modo
210 1192 295 1247 ipsi
316 1192 532 1239 velilnus,²
545 1199 589 1233 et
604 1192 649 1233 id
667 1208 863 1249 agamus
928 1195 1087 1235 Postea
1101 1195 1309 1235 Patribus
1324 1195 1526 1250 proponit

68 1264 121 1305 de
145 1264 461 1314 reformatione,
482 1265 707 1321 eligendos
729 1281 819 1306 esse
843 1266 1064 1314 Praelatos,
1090 1268 1166 1322 qui
1189 1267 1362 1307 decreta
1385 1281 1527 1307 emen-

67 1337 233 1385 darent,
256 1353 365 1393 quos
383 1338 469 1393 ipsi
491 1338 663 1379 vellent.

126 1410 397 1466 Responsum
435 1411 491 1452 ab
528 1412 745 1458 omnibus,
778 1426 869 1452 esse
908 1412 1160 1452 electionem
1185 1412 1364 1452 arbitrio
1386 1412 1527 1467 Lega-

68 1492 210 1525 torum
236 1485 605 1540 permittendam.³

514 1605 605 1651 Die
631 1609 659 1651 9
688 1604 912 1652 Octobris
944 1608 1079 1651 1563-

128 1717 373 1773 Eliguntur
399 1716 450 1756 16
473 1716 694 1772 Deputati
716 1733 741 1758 a
771 1718 953 1773 Legatis
975 1733 1053 1773 pro
1075 1717 1356 1758 reformandis
1384 1718 1527 1760 decre-

69 1791 136 1839 tis,
160 1791 255 1839 viz„
281 1789 606 1846 Hydruntinus,
639 1790 934 1837 Rossanensis,
961 1789 1232 1845 ReginensiS,
1258 1791 1527 1840 Senonensis,

70 1865 387 1912 Gebennensis,
431 1865 734 1909 Asturicensis,
780 1864 945 1904 Montis
984 1863 1157 1912 Falisci,
1212 1865 1527 1914 Atrebatensis,

68 1936 372 1984 virdunensis,
407 1937 705 1983 Civitatensis,
740 1936 946 1976 Civitatis
980 1935 1178 1986 Castelli,
1199 1936 1527 1985 Urbevetanus,

69 2010 411 2056 Neocastrcnsis,
435 2009 796 2050 Barcinonensis.⁴

128 2082 193 2122 Hi
226 2081 383 2123 deinde
420 2081 550 2122 divisi
585 2088 686 2122 sunt
719 2082 763 2121 in
791 2089 878 2122 tres
913 2082 1081 2131 classes,
1116 2089 1159 2123 ct
1196 2083 1353 2138 cuique
1387 2081 1529 2122 Classi

69 2156 294 2212 assignata
312 2155 481 2210 aliquot
505 2162 606 2195 vota
628 2156 826 2202 Patrum,
846 2161 894 2195 ut
910 2170 961 2195 ea
982 2155 1025 2194 in
1038 2169 1251 2194 summam
1265 2154 1525 2210 redigerent.

69 2229 229 2269 Postea
258 2243 311 2269 ex
347 2243 524 2283 quaque
558 2228 692 2269 classe
729 2227 851 2268 electi
887 2227 989 2274 duo,
1022 2233 1065 2268 et
1097 2241 1150 2267 ex
1180 2227 1247 2267 his
1278 2242 1363 2267 una
1384 2227 1529 2268 classis

68 2314 183 2342 nova
204 2301 454 2356 composita,
480 2316 578 2356 quae
600 2302 642 2341 in
666 2315 797 2341 unam
821 2300 1047 2355 colligeret
1069 2301 1214 2340 onmia
1238 2300 1292 2340 ab
1316 2300 1412 2339 aliis
1433 2314 1527 2340 con·

70 2375 192 2415 fecta.
255 2375 344 2415 Res
381 2375 590 2430 temporis
619 2374 762 2430 spatio
798 2373 1040 2428 indigebat,
1073 2372 1288 2427 siquidem
1319 2373 1530 2429 suffragia

69 2447 211 2488 omnia
230 2447 405 2488 fuerant
429 2447 526 2493 ⁶203,
549 2455 593 2488 et
626 2446 837 2502 pleraque
871 2445 998 2485 nimis
1032 2445 1215 2500 prolixa,
1238 2445 1434 2500 adeoque
1467 2446 1528 2486 di-

70 2535 217 2561 versas
233 2535 300 2561 res
323 2520 598 2567 continentia,
622 2526 673 2559 ut
696 2520 737 2558 in
760 2532 1024 2573 unoquoque
1047 2517 1218 2558 decreto
1239 2520 1526 2559 necessarium

70 2594 203 2634 fuerit
221 2594 484 2634 constituere
509 2593 656 2648 plures
679 2592 792 2632 locos
805 2605 1067 2638 communes,
1088 2590 1249 2645 quibus
1266 2591 1527 2647 subjiceren-

71 2674 170 2717 tur;
203 2666 358 2708 deinde
381 2666 458 2706 illa
480 2666 694 2707 sententia
722 2666 917 2713 Patrum,
942 2672 984 2706 et
1020 2666 1062 2704 in
1096 2665 1315 2719 aliquibus
1346 2665 1529 2708 decretis

244 2754 250 2772 ¹
279 2755 528 2794 Complurarent.
546 2755 616 2784 MS.
940 2753 952 2769 ³
978 2752 1237 2787 l’rmnittendam,
1260 2753 1329 2782 MS.

241 2807 253 2823 ²
279 2807 434 2843 vetitum,
454 2807 524 2835 MS.
943 2806 954 2821 ⁴
978 2803 1064 2842 Only
1087 2803 1134 2831 14.
