1905 3254
51 524 157 590 EX
177 545 255 594 his,
280 561 378 602 quae
401 547 443 586 in
461 545 712 586 Christiana
731 545 981 601 Republica
1002 546 1191 587 maxime
1214 547 1506 596 memoranda,

54 625 185 674 atque
214 619 440 660 literarum
471 619 759 661 monumentis
792 634 961 660 summo
993 619 1137 660 studio
1168 621 1509 662 commendanda

53 691 262 739 videntur,
294 707 419 733 nemo
441 699 506 733 est
528 692 604 748 qui
631 707 715 732 non
749 692 1036 733 OEcumenica
1065 692 1260 734 Concilia
1286 694 1364 734 rite
1397 695 1507 736 cele-

51 765 178 808 brata
198 772 469 821 posterorum
491 767 708 807 memoriae
726 766 768 806 in
788 766 938 822 primis
955 765 1167 807 tradenda
1188 780 1280 807 esse
1297 766 1505 809 fateatur.

51 838 167 878 Nam
200 854 296 879 cum
329 840 370 879 in
402 840 464 886 iis,
499 838 700 880 Authore
736 840 915 880 Summo
949 838 1143 880 Romano
1176 840 1394 888 Pontifice,
1431 842 1508 897 qui

50 918 281 966 caput-est
313 913 537 961 Ecclesiae,
570 928 653 953 non
687 927 739 953 ea
772 915 972 958 tantum‚¹
997 927 1098 967 quae
1136 912 1192 953 ad
1223 913 1506 955 orthodoxam

47 982 175 1024 fidem
195 985 412 1039 pertinent
430 1000 508 1041 pro
531 985 740 1026 Ecclesiae
772 984 1028 1025 necessitate
1052 999 1076 1024 a
1098 985 1308 1026 Patribus
1331 986 1505 1028 afflante

51 1056 216 1112 Spiritu
233 1058 391 1099 Sancto
412 1059 686 1114 explicentur
708 1064 752 1098 et
772 1057 1062 1105 illustrentur,
1079 1057 1155 1098 scd
1176 1062 1245 1099 et²
1267 1073 1506 1115 congruens

46 1129 165 1170 illius
187 1131 482 1186 gubernandae
513 1132 636 1179 ratio,
670 1138 714 1171 et
745 1130 982 1172 oeconomia
1010 1145 1064 1171 cx
1095 1137 1340 1186 temporum
1369 1134 1505 1174 varie-

47 1210 151 1252 tate,
184 1211 317 1260 atque
337 1205 558 1246 homiuum
582 1220 676 1252 usu,
699 1204 865 1245 caeteris
888 1204 1103 1253 tradatur,
1135 1205 1304 1260 publici
1333 1206 1506 1248 videtur

47 1276 172 1317 officii
197 1281 272 1332 jus
302 1278 494 1334 exigere,
518 1285 567 1318 ut
588 1285 711 1319 tanta
730 1277 822 1317 haec
847 1276 1109 1318 Christianae
1132 1277 1373 1333 Religionis
1394 1294 1504 1335 prae-

47 1348 155 1390 sidia
171 1358 214 1391 et
235 1358 485 1392 ornamenta
503 1350 724 1391 hominum
747 1350 949 1391 memoria
968 1349 1178 1398 colantur,
1197 1358 1241 1391 et
1255 1351 1505 1394 futurarum

49 1428 229 1463 aetatum
250 1423 447 1472 utilitati,
470 1423 615 1479 quoad
632 1427 728 1479 ejus
745 1423 838 1464 ficri
859 1423 1009 1479 possit,
1034 1423 1299 1465 consulatur.
1336 1426 1507 1467 Accidit

47 1497 161 1544 vero,
194 1496 283 1537 sive
315 1505 560 1553 temporum
593 1496 858 1544 calamitate,
887 1496 977 1536 sive
1000 1495 1222 1537 hominum
1246 1497 1422 1545 incuria,
1457 1507 1507 1540 ut

45 1569 342 1625 compluribus
373 1570 474 1611 licet
505 1571 798 1612 celeberrimis
829 1569 1001 1626 synodis
1033 1569 1202 1610 dudum
1233 1571 1433 1626 peractis,
1464 1573 1505 1613 in

47 1640 97 1682 iis
129 1648 274 1683 tamen
304 1650 466 1699 praeter
497 1643 609 1692 fidei,
642 1658 900 1698 morumque
940 1643 1061 1691 scita,
1100 1650 1144 1684 et
1179 1644 1266 1684 alia
1298 1645 1506 1686 nonnulla

48 1714 162 1756 nude
204 1716 365 1757 tradita
398 1723 570 1765 caetera,
604 1732 702 1772 quae
741 1715 795 1757 ad
828 1731 972 1757 rerum
1005 1716 1331 1758 tractandarum
1364 1733 1505 1766 usum,

45 1789 305 1845 praximque
338 1790 569 1846 pertinent,
607 1804 766 1845 magna
801 1804 855 1830 ex
895 1796 1020 1845 parte
1052 1788 1376 1841 desiderentur3
1419 1807 1506 1847 quo

46 1861 209 1903 factum
233 1870 311 1910 est,
335 1870 385 1903 ut
406 1863 557 1904 eadem
580 1861 769 1911 decreta,
792 1877 891 1917 quae
912 1862 1078 1903 omissis
1100 1863 1284 1903 Patrum
1306 1863 1502 1920 disputa-

45 1934 235 1975 tionibus
258 1950 305 1976 ac
327 1935 550 1976 sententiis
571 1935 692 1976 nobis
715 1935 866 1976 relicta
887 1942 1001 1981 sunt,
1035 1936 1242 1991 majorem
1266 1936 1503 1991 aliquando

47 2008 296 2064 ambigendi
319 2024 458 2064 caque
481 2009 627 2065 pravis
655 2008 901 2049 hominibus
930 2008 1076 2063 inique
1097 2008 1418 2064 interpretandi
1439 2027 1506 2052 oc-

45 2080 254 2121 casionem
272 2081 554 2136 praebuerint,
576 2089 620 2123 et
636 2081 952 2138 posterioribus
971 2081 1255 2137 temporibus,
1275 2097 1374 2138 quae
1392 2084 1502 2126 cele-

47 2153 173 2195 brata
192 2162 293 2196 sunt
309 2155 516 2204 Concilia,
534 2171 615 2196 non
639 2163 728 2197 tam
742 2155 991 2197 necessariis
1014 2156 1335 2211 propositarum
1358 2173 1502 2200 rerum

46 2226 397 2278 definiendarum,
433 2244 566 2285 quam
599 2229 828 2270 inutilibus
860 2229 954 2269 aliis
980 2236 1140 2284 praeter
1165 2245 1255 2270 rem
1286 2240 1502 2274 concerta-

46 2301 246 2351 tionibus,
280 2318 397 2358 saepe
420 2303 582 2344 fuerint
601 2309 827 2358 occupata,
860 2317 942 2342 non
965 2301 1096 2343 aliam
1118 2303 1300 2345 fortasse
1323 2305 1379 2345 ob
1401 2321 1501 2347 cau-

47 2387 149 2424 sam,
181 2390 313 2430 quam
336 2375 453 2431 quod
474 2375 685 2432 pleraque
708 2391 761 2417 ex
792 2376 856 2425 iis,
886 2391 986 2431 quae
1015 2375 1192 2430 cognitu
1223 2385 1347 2418 erant
1374 2379 1500 2421 valde

46 2448 298 2497 necessaria,
339 2449 394 2490 ad
430 2464 516 2496 nos,
559 2465 772 2506 perquam
814 2450 1012 2497 obscura,
1055 2451 1300 2505 magnaque
1341 2452 1503 2495 obruta

44 2519 222 2577 caligine
243 2523 530 2577 pervenerint.
595 2524 876 2579 Quapropter
898 2539 995 2564 cum
1018 2523 1120 2563 olim
1143 2523 1248 2563 Pius
1273 2523 1365 2571 IV.‚
1390 2525 1499 2566 Pon-

47 2592 152 2634 tifex
184 2594 422 2643 Maximus,
456 2596 760 2637 Tridentinum
788 2596 1031 2637 Concilium
1056 2611 1080 2635 a
1104 2594 1500 2639 Przcdcccssoribus

46 2666 133 2707 suis
152 2667 396 2710 inchoatum
420 2669 503 2709 sibi
531 2670 701 2709 omnino
733 2669 1045 2710 absolvendum
1074 2669 1311 2716 statuisset,
1341 2685 1499 2726 meque

47 2753 178 2781 unum
201 2756 307 2782 anno
332 2742 452 2787 1561,
476 2758 528 2783 cx
550 2742 777 2783 duodecim
802 2742 927 2782 Rotae
948 2742 1211 2782 Auditorum
1230 2743 1361 2795 juxta
1382 2751 1497 2785 vete-

344 2843 348 2858 ¹
377 2843 505 2874 Tamum..
529 2843 598 2872 MS.
1052 2842 1064 2857 ²
1090 2842 1153 2872 Est.
1173 2842 1240 2870 MS.

1251 2912 1272 2937 ις
1297 2902 1322 2939 :2
