1905 3254
298 265 376 305 102
910 277 1024 306 SEss.
1049 275 1110 304 111.

324 387 437 428 XII.
474 386 736 427 Publicetur
758 384 838 425 hoc
860 382 1087 423 decretum
1111 381 1308 436 quolibet
1339 393 1449 420 anno
1480 379 1523 418 in
1556 376 1757 433 qualibet

494 458 690 500 Ecclesia
713 456 971 499 Cathedrali
993 456 1137 511 prima
1157 454 1227 494 die
1249 453 1279 495 J
1284 451 1466 499 anuarii,
1491 450 1597 492 dum
1621 449 1758 490 Missa

497 536 635 588 maj0r
656 531 917 578 celebratur,
954 535 997 569 ct
1030 529 1074 568 in
1096 527 1233 568 Curia
1253 526 1297 566 in
1321 523 1594 566 Cancellaria
1616 523 1757 578 Apos-

498 600 626 640 tolica
647 614 792 640 mense
815 599 845 640 J
850 596 1019 639 anuarii
1039 597 1083 637 in
1105 596 1248 651 prima
1271 592 1554 635 Cancellaria.

297 671 438 712 XIII.
475 671 670 712 Concilia
685 670 982 712 Provincialia
997 668 1248 709 habeantur
1263 671 1420 722 quarto
1442 677 1615 720 quoque
1637 676 1758 709 anno,

500 744 578 785 ubi
612 744 848 800 diligenter
882 743 1130 798 inquiratur
1152 740 1205 781 de
1228 739 1477 785 residentia,
1513 744 1558 778 et
1580 750 1759 777 munere

499 820 723 874 cujusque.

357 894 524 933 Praeter
550 891 643 931 haec
674 889 830 931 deinde
863 889 992 930 multi
1025 903 1078 929 ex
1107 887 1316 928 Patribus
1348 885 1573 941 complura
1600 883 1686 924 alia
1708 882 1761 923 ad

299 980 366 1006 res
393 964 640 1020 propositas
674 961 782 1003 nihil
815 961 1092 1017 pertinentia,
1130 960 1235 1000 dum
1269 966 1415 999 tamen
1449 956 1628 1012 aliquod
1649 971 1762 997 com-

299 1036 475 1078 modum
503 1035 714 1077 Ecclesiae
736 1049 826 1075 suae
849 1033 1003 1075 afferre
1024 1039 1215 1089 possent,
1248 1033 1292 1072 in
1323 1031 1515 1072 medium
1549 1030 1763 1071 deducere

299 1111 615 1154 contenderunt
634 1127 641 1151 ε
675 1109 751 1151 alii
773 1109 917 1151 studio
939 1107 1145 1164 quodam,
1177 1122 1230 1148 ne
1251 1105 1390 1146 dicam
1412 1104 1523 1152 odio,
1556 1103 1765 1145 adversus

300 1185 510 1226 Romanae
533 1184 683 1225 Curiae
705 1198 774 1225 res
793 1182 1004 1229 concitati,
1028 1181 1136 1223 adeo
1159 1181 1202 1221 in
1224 1180 1276 1220 iis
1298 1176 1633 1220 condemnandis
1663 1184 1766 1217 sunt

300 1259 526 1314 expatiati,
550 1264 600 1298 ut
621 1256 812 1313 angulus
833 1257 922 1297 fcrc
938 1255 1087 1297 nullus
1111 1255 1244 1296 Aulae
1262 1253 1518 1300 Pontificiae,
1540 1251 1690 1293 nullus
1713 1266 1765 1292 ex

299 1332 380 1379 his,
405 1347 512 1387 quos
531 1332 695 1372 abusus
712 1336 881 1378 vocant,
903 1329 1092 1370 intactus
1114 1328 1247 1369 fuerit
1269 1327 1468 1376 relictus3
1493 1325 1600 1367 adeo
1616 1340 1765 1367 eorum

305 1404 444 1445 oratio
467 1418 547 1459 pro
569 1406 783 1459 cujusque
803 1400 987 1442 libidine
1008 1400 1094 1441 huc
1116 1400 1221 1441 illuc
1243 1399 1386 1440 soluta
1407 1397 1648 1445 diffluebat,
1682 1396 1766 1437 Le-

303 1478 417 1533 gatis
448 1477 618 1517 interim
651 1476 794 1517 omnia
827 1489 945 1531 aegre
969 1473 1159 1530 quidem,
1190 1479 1239 1513 ut
1260 1471 1534 1519 credebatur,
1559 1469 1633 1511 sed
1654 1470 1766 1526 pati-

303 1558 426 1592 enter
448 1550 745 1598 audientibus,
778 1565 832 1590 ne
861 1549 1043 1589 libertas
1064 1548 1222 1602 cuique
1251 1551 1475 1601 praerepta
1495 1544 1579 1585 dici
1601 1551 1767 1600 posset:

304 1625 418 1665 inter
449 1630 609 1664 caetera
642 1629 802 1671 autem,
835 1637 932 1662 cum
957 1636 981 1661 a
1002 1619 1205 1677 plurimis
1227 1620 1418 1675 petitum
1439 1618 1553 1659 illud
1575 1625 1699 1667 esset,
1721 1625 1770 1659 ut

303 1697 601 1751 explicaretur
627 1694 908 1736 residentiam
940 1693 1055 1749 juris
1077 1691 1212 1733 divini
1233 1706 1350 1742 esse3
1385 1691 1460 1732 alii
1491 1698 1636 1732 tamen
1667 1692 1772 1732 satis

302 1770 644 1826 refragarentur,
679 1782 756 1809 seu
781 1767 886 1822 quia
915 1766 1029 1822 juris
1057 1765 1274 1806 Pontificii
1307 1779 1403 1805 eam
1432 1771 1603 1805 tantum
1628 1779 1771 1805 cense-

304 1850 412 1891 rent,
435 1858 511 1883 seu
534 1842 639 1897 quia
661 1841 820 1896 aptius,
844 1854 939 1880 cum
963 1838 1016 1880 de
1039 1839 1318 1879 Sacramento
1342 1837 1521 1878 Ordinis
1554 1845 1770 1894 ageretur,

306 1913 586 1955 tractandum
629 1912 822 1954 dicerent
838 1928 849 1962 3
893 1911 965 1952 vel
1002 1911 1207 1966 quoniam
1250 1910 1440 1951 alienum
1481 1910 1560 1951 hoc
1598 1925 1773 1966 prorsus

305 1987 551 2041 inutileque
583 1985 822 2027 remedium
854 1984 918 2025 rei
949 1983 1186 2039 propositae
1221 1998 1313 2024 esse
1347 1983 1639 2024 affirmarent:
1676 1983 1773 2024 hinc

306 2067 422 2102 certe
436 2060 597 2101 factum
615 2066 691 2108 est,
706 2066 757 2100 ut
772 2059 853 2100 hac
869 2058 1182 2112 disceptatione
1197 2063 1316 2098 totus
1333 2071 1554 2097 consessus
1571 2056 1774 2112 pluribus

307 2133 591 2189 sequentibus
613 2132 769 2173 diebus
799 2132 933 2173 fuerit
965 2136 1231 2186 occupatus3
1265 2136 1307 2171 et
1336 2130 1540 2185 quoniam
1565 2130 1773 2186 utrinque

308 2207 457 2255 variae,
476 2212 663 2262 argutae,
681 2205 995 2261 praeclaraeque
1017 2203 1122 2244 satis
1138 2203 1327 2244 rationes
1348 2203 1527 2244 fuerunt
1558 2203 1772 2251 adductae,

308 2294 408 2334 quae
430 2279 558 2320 etiam
583 2295 608 2320 a
630 2277 897 2335 quibusdam
917 2291 1002 2317 non
1023 2275 1206 2317 indoctis
1230 2276 1335 2317 viris
1356 2276 1450 2317 haec
1473 2276 1773 2324 audientibus,

307 2358 411 2392 tunc
445 2351 653 2401 collectae,
674 2350 848 2391 duabus
876 2349 1099 2390 contrariis
1120 2349 1396 2390 concionibus
1416 2350 1581 2405 ingenii
1612 2356 1657 2390 et
1688 2363 1774 2389 me-

308 2425 454 2466 moriae
474 2439 603 2465 causa
623 2430 725 2465 sunt
746 2422 1079 2478 comprehensae,
1112 2437 1197 2463 non
1218 2421 1503 2478 injucundum
1525 2421 1776 2477 legentibus

310 2499 509 2540 futurum
528 2498 650 2547 duxi,
667 2513 740 2539 eas
759 2498 934 2538 illorum
956 2496 1093 2537 oculis
1110 2497 1337 2552 subjicere,
1352 2503 1403 2537 ut
1425 2495 1534 2551 quid
1553 2496 1597 2536 in
1613 2502 1774 2536 utram-

313 2587 397 2627 que
433 2579 600 2628 partem
629 2571 901 2628 potissimum
938 2569 1180 2618 afferretur,
1212 2569 1311 2611 hinc
1347 2570 1576 2626 perspicue
1611 2569 1777 2625 possint

312 2646 570 2701 intelligere.
