1905 3254
210 288 291 329 ⁶288
836 302 944 332 sess.
968 302 1043 332 vn.

214 408 492 449 sacramento
534 407 721 457 Ordinis,
766 424 874 465 quas
922 408 1056 464 paulo
1103 407 1215 449 infra
1256 408 1569 457 enarrabimus,
1611 421 1695 450 ne·

212 480 414 536 quaedam
458 481 628 521 interim
672 488 824 522 exorta
858 481 1124 521 omittamus.
1201 480 1317 521 Nam
1359 479 1666 520 Procuratores

212 553 503 594 Praelatorum
527 553 695 609 aliquot
720 553 982 602 Germaniae,
1015 553 1098 594 sibi
1126 557 1200 608 jus
1232 569 1322 595 esse
1344 553 1602 594 sententiam
1624 553 1667 593 in

215 626 387 682 Synodo
409 626 672 668 definitivam
705 627 815 668 ferre
837 627 1168 676 contendebant,
1200 634 1333 681 prout
1364 627 1415 667 iis
1436 627 1537 667 olim
1560 633 1667 667 tem-

213 715 317 756 pore
339 700 467 741 Pauli
489 700 631 741 Tertii
652 715 898 741 eoncessum
921 701 1076 742 fuerat.
1120 701 1281 757 Legati
1298 702 1439 742 Breve
1461 700 1507 740 id
1528 700 1667 749 Pauli,

216 789 240 814 a
273 774 348 814 Sm⁰
378 774 479 814 Dno
515 774 609 815 Nro
642 774 721 814 Pio
757 774 834 814 IV.
877 781 1124 815 revocatum
1161 775 1293 815 fuisse
1332 773 1666 829 respondebant,

214 847 453 902 magnique
476 847 535 886 eis
563 846 788 902 privilegii
819 847 913 886 loco
944 847 1153 901 permitti,
1190 846 1308 902 quod
1335 846 1506 887 secretis
1530 844 1667 886 Pium

217 919 659 974 Congregationibus,
683 918 799 974 quod
822 919 916 959 aliis
935 919 1220 969 interdicitur,
1249 919 1416 975 possint
1437 920 1668 960 interesse:

213 993 426 1033 maturius
448 1007 492 1032 se
514 998 660 1032 tamen
684 991 803 1047 quod
825 991 951 1032 liceat
974 991 1294 1032 deliberaturos

272 1067 358 1107 Per
387 1066 535 1106 literas
568 1065 697 1106 etiam
734 1064 858 1106 Urbe
898 1065 1055 1106 allatas
1087 1064 1143 1105 ad
1178 1065 1464 1120 quaestionem
1501 1064 1555 1105 de
1586 1065 1670 1105 Re-

216 1139 401 1180 sidentia
422 1139 569 1179 fuerat
590 1153 862 1194 responsum,
894 1138 1087 1193 probari,
1122 1138 1223 1185 scil„
1248 1152 1272 1178 a
1295 1138 1353 1178 Ste
1381 1153 1473 1185 sua,
1498 1144 1548 1178 ut
1576 1152 1671 1192 gra-

216 1213 413 1253 vioribus
435 1213 580 1267 poenis
602 1212 806 1253 Pastores
832 1212 876 1251 in
897 1211 1020 1252 Ece¹³⁵
1043 1212 1133 1252 suis
1167 1211 1328 1252 assidui
1357 1226 1448 1252 esse
1470 1221 1672 1267 cogeren-

216 1292 314 1325 tur:
347 1300 391 1326 se
423 1292 570 1326 tamen
602 1284 658 1325 ad
692 1283 963 1340 Legatorum
997 1283 1278 1338 prudentiam
1313 1283 1541 1324 referebat.
1602 1283 1672 1323 De

217 1358 522 1399 reformatione
565 1364 716 1412 aperte
757 1357 973 1397 Sanctitas
1014 1372 1094 1397 sua
1133 1357 1438 1411 profitebatur,
1478 1355 1591 1396 velle
1628 1370 1673 1396 se

217 1431 406 1471 multum
430 1430 482 1471 de
508 1432 607 1486 jure
629 1445 706 1470 suo
728 1429 948 1476 decedere,
972 1436 1022 1470 ut
1044 1445 1094 1470 ea
1114 1429 1167 1470 de
1189 1429 1384 1470 moribus
1406 1436 1673 1478 statuantur,

218 1519 318 1560 quae
342 1520 395 1545 ex
417 1504 633 1545 sententia
654 1502 791 1544 Pium
815 1502 998 1544 honesta
1019 1503 1297 1553 viderentur3
1331 1510 1463 1558 atque
1491 1503 1535 1543 in
1563 1502 1675 1543 hanc

218 1577 475 1617 sententiam
517 1591 764 1616 communes
809 1576 866 1616 ad
905 1576 1099 1631 Legatos
1138 1577 1274 1617 literae
1305 1577 1478 1630 scriptae
1522 1582 1674 1624 erant;

218 1651 397 1692 seorsim
447 1649 603 1690 deinde
655 1650 750 1690 aliae
798 1656 941 1689 essent
991 1649 1132 1690 literae
1175 1649 1229 1689 ad
1279 1648 1559 1689 Cardinalem
1612 1649 1675 1689 Si-

218 1730 457 1765 monettam
492 1724 680 1779 scriptae,
719 1723 763 1762 in
800 1723 984 1778 quibus¹
1023 1724 1228 1779 majorem
1263 1729 1361 1779 post
1397 1729 1588 1778 coeptam
1622 1721 1675 1762 de

219 1796 475 1838 Residentia
507 1796 835 1837 controversiam
871 1810 962 1851 prae
995 1810 1039 1836 se
1072 1795 1182 1836 ferre
1216 1795 1420 1836 fiduciam
1461 1796 1676 1836 Sanctitas

221 1885 299 1911 sua
321 1869 570 1918 videbatur,
592 1870 774 1924 2quibus
807 1869 845 1910 ei
876 1869 1128 1918 mandabat,
1164 1876 1213 1910 ut
1243 1876 1415 1910 caveret
1446 1869 1599 1910 saltem
1621 1884 1675 1910 ne

221 1942 330 1998 quid
363 1943 572 1983 adversus
604 1946 698 1998 ejus
728 1942 987 1999 dignitatem
1019 1948 1299 1987 statueretur,
1334 1948 1377 1982 et
1408 1942 1552 1996 quoad
1584 1943 1677 1996 ejus

220 2016 313 2056 fieri
346 2016 492 2071 possit,
532 2030 583 2055 ne
625 2015 842 2056 novitates
878 2014 1087 2056 adversus
1120 2014 1363 2054 Romanam
1400 2013 1579 2054 Curiam
1615 2014 1676 2054 in-

222 2088 500 2128 ducerentur.
578 2088 642 2128 Et
679 2102 781 2128 sane
822 2091 980 2144 magna
1017 2087 1310 2128 moderatione
1353 2101 1399 2126 ac
1440 2086 1678 2142 prudentia

221 2159 314 2200 haec
349 2175 524 2216 quoque
562 2160 702 2201 literae
735 2167 858 2201 erant
894 2160 1158 2214 conscriptae,
1193 2165 1242 2199 ut
1274 2159 1494 2214 legentem
1528 2174 1581 2199 cx
1619 2159 1679 2199 eis

222 2232 329 2275 nihil
351 2234 600 2282 offenderet,
634 2249 840 2289 mensque
868 2234 1004 2288 Papae
1034 2240 1127 2273 tota
1163 2232 1218 2272 ad
1250 2233 1413 2273 bonum
1448 2223 1675 2288 publicum

223 2323 430 2349 conversa
447 2307 694 2355 videbatur,
712 2311 835 2362 cujus
856 2307 1066 2347 rationem
1088 2306 1130 2346 in
1149 2306 1300 2360 primis
1316 2305 1469 2346 haberi
1491 2306 1677 2346 maxime

223 2382 441 2422 monebat.
504 2381 646 2422 Erant
680 2387 724 2421 et
751 2381 793 2420 in
814 2379 1034 2420 nonnullis
1057 2378 1110 2419 de
1133 2379 1437 2419 reformatione
1460 2379 1680 2434 capitibus

226 2453 429 2509 quaedam
450 2455 495 2495 in
517 2455 712 2509 margine
736 2459 951 2500 annotata,
986 2467 1085 2508 quae
1109 2452 1324 2492 maturius
1352 2451 1541 2508 expendi
1563 2451 1679 2492 vide-

225 2526 398 2567 bantur.
462 2527 550 2567 Sed
581 2526 699 2582 quod
732 2526 787 2567 ad
818 2526 1017 2567 libellum
1046 2523 1369 2580 postulatorum
1404 2525 1585 2566 Caesaris
1619 2531 1679 2565 at-

226 2599 347 2646 tinet,
371 2614 468 2640 cum
491 2600 542 2639 iis
564 2599 757 2640 Auditor
779 2606 910 2639 antea
937 2598 1208 2653 Legatorum
1237 2600 1361 2651 jussu
1384 2597 1680 2651 responsiones

228 2671 435 2725 quasdam
470 2663 787 2727 adscripsisset,
820 2672 1080 2727 rescriptum
1113 2685 1166 2710 ex
1192 2669 1317 2710 Urbe
1348 2670 1448 2717 fuit,
1477 2669 1536 2710 sie
1563 2684 1635 2710 eas
1657 2685 1682 2710 a

231 2743 469 2784 Sanctitate
493 2759 572 2784 sua
593 2745 800 2800 probatas
833 2745 978 2792 fuisse,
1013 2749 1063 2784 ut
1090 2742 1179 2782 illis
1210 2756 1387 2797 prorsus
1417 2741 1678 2796 acquiescat.

403 2830 409 2847 ¹
434 2832 513 2869 Quo,
533 2833 604 2862 MS.
1066 2831 1077 2849 ²
1102 2831 1225 2861 Should
1242 2837 1269 2861 et
1285 2831 1314 2860 in
1332 2831 1368 2860 be
1384 2830 1511 2860 added?
