1905 3254
364 260 445 301 238
1007 275 1115 304 sess.
1142 276 1199 306 VI.

363 391 557 438 tempore
601 381 844 422 Concilium
894 380 1043 422 fideles
1086 380 1334 420 circumcidi
1386 381 1609 429 vetuisset,
1659 381 1825 422 Paulus

365 463 510 496 tamen
534 453 781 495 circumcidi
811 452 1095 493 Timotheum
1122 452 1361 501 mandavit,
1392 459 1442 493 ut
1476 468 1521 493 se
1559 452 1614 493 ad
1640 453 1824 495 aliorum

364 528 606 568 dimitteret
626 527 876 573 utilitatem,
901 541 977 566 cur
998 525 1134 580 igitur
1157 540 1232 565 nos
1249 540 1441 580 quoque,
1471 525 1642 579 privata
1666 525 1823 567 harum

363 599 586 640 nationum
609 599 666 639 sic
689 599 892 654 exigente
915 597 1121 645 utilitate,
1146 612 1171 638 a
1191 597 1290 652 lege
1311 612 1396 637 non
1417 596 1683 646 recedamus,
1709 597 1824 639 Cali-

362 687 541 727 cemque
563 672 624 713 eis
645 673 980 727 permittamus?

419 745 934 786 Brixiensis—sententia
973 758 1070 784 mea
1101 749 1181 793 est,
1222 750 1271 783 ut
1306 743 1440 783 literis
1475 743 1617 784 Sacrae
1661 743 1825 800 Synodi

362 820 447 860 ΒΠΠΟ
480 818 582 859 Dno
623 819 718 858 Nro
757 818 1040 874 significetur,
1082 822 1178 871 post
1219 815 1475 871 diligentem
1515 822 1825 873 maturamque

362 892 735 938 consultationem,
774 891 942 945 Spiritu
978 890 1132 930 Sancto
1165 888 1359 937 docente,
1393 904 1469 930 nos
1501 890 1766 945 cognovisse,
1800 906 1826 931 a

360 965 485 1005 nobis
507 971 603 1005 tuto
636 979 727 1004 rem
756 963 867 1004 hanc
899 961 1018 1002 haud
1049 976 1175 1017 posse
1207 961 1391 1008 definiri,
1425 962 1532 1017 quin
1562 962 1698 1003 satius
1731 976 1824 1003 esse

360 1036 476 1076 mitti
497 1037 541 1076 in
561 1050 650 1076 rem
674 1041 935 1090 praesentem
973 1050 997 1075 a
1029 1034 1268 1075 Sanctitate
1302 1049 1381 1074 sua
1417 1034 1589 1090 aliquos
1620 1041 1825 1090 spectatae

360 1110 537 1150 virtutis
554 1109 682 1155 viros,
705 1108 782 1163 qui
797 1108 1025 1163 explorata
1043 1122 1192 1148 eorum
1206 1107 1470 1163 populorum
1486 1107 1585 1155 fide,
1606 1108 1820 1155 moribus,

362 1188 405 1222 et
426 1180 688 1228 obedientia,
714 1180 830 1235 quod
852 1181 994 1237 magis
1011 1181 1055 1221 in
1078 1180 1391 1221 edificationem
1412 1179 1607 1221 fidelium
1624 1180 1824 1221 futurum

361 1255 416 1294 sit
436 1259 647 1294 statuant.
709 1252 800 1292 Eos
822 1258 967 1293 tamen
989 1254 1065 1308 qui
1087 1267 1218 1294 unam
1240 1259 1411 1294 tantum
1434 1252 1625 1308 speciem
1645 1259 1826 1293 sumunt

359 1328 403 1367 in
421 1333 568 1367 sancto
589 1326 663 1366 illo
684 1325 908 1380 proposito
936 1340 1023 1366 non
1044 1324 1185 1366 solum
1204 1327 1469 1373 confirment,
1502 1325 1579 1366 sed
1609 1320 1824 1367 constanti

363 1401 495 1441 etiam
530 1414 605 1455 spc
637 1404 827 1454 augeant
858 1398 961 1447 fore,
998 1405 1048 1439 ut
1078 1398 1180 1439 inde
1211 1402 1398 1453 majores
1422 1399 1590 1440 fructus
1620 1399 1822 1448 referant,

362 1489 450 1529 quo
472 1488 516 1513 se
540 1472 596 1513 ad
617 1471 908 1513 obediendum
931 1472 1219 1527 promptiores
1242 1472 1376 1528 vulgo
1397 1471 1673 1513 ostenderint.

421 1546 652 1587 Generalis
675 1546 705 1587 J
709 1545 947 1586 esuitarum
966 1545 1132 1585 Lainez
1149 1562 1156 1585 :
1177 1545 1298 1585 nullo
1318 1552 1447 1600 pacto
1467 1545 1657 1586 Calicem
1679 1560 1825 1586 conce-

360 1619 548 1660 dendum
582 1633 746 1666 censeo,
782 1633 860 1658 nec
882 1618 1067 1658 Caesaris
1095 1617 1357 1666 testimonio,
1382 1618 1461 1673 qui
1480 1632 1564 1658 non
1590 1618 1713 1672 [tam]
1738 1617 1824 1658 Ec-

360 1693 498 1733 clesiae
535 1698 766 1748 protector,
809 1705 943 1746 quam
983 1690 1098 1730 filius
1131 1697 1197 1731 est
1235 1690 1315 1731 hac
1348 1691 1391 1731 in
1423 1706 1483 1739 re,
1514 1706 1614 1746 quae
1640 1690 1695 1732 ad
1728 1695 1824 1747 ejus

360 1780 520 1805 munus
553 1779 638 1805 non
671 1769 853 1820 spectat,
891 1763 1255 1818 acquiescendum
1266 1780 1277 1813 3
1311 1763 1387 1804 sed
1407 1764 1650 1819 Episcopos
1672 1764 1824 1819 impri-

360 1838 441 1877 mis
462 1844 595 1891 atque
619 1837 862 1877 animarum
885 1836 1089 1877 Pastores
1107 1836 1400 1877 consulendos.
1464 1837 1559 1877 Nec
1578 1851 1824 1887 vereamur,

361 1911 526 1958 Patres,
561 1910 735 1951 tametsi
773 1909 963 1950 humana
995 1909 1247 1965 Principum
1280 1909 1488 1965 praesidia
1516 1910 1642 1951 nobis
1681 1916 1824 1950 essent

360 1981 582 2028 defutura,
615 1982 764 2023 Deum
805 1988 950 2022 tamen
982 1982 1128 2037 ipsum
1171 1984 1295 2038 cujus
1330 1997 1459 2023 causa
1499 1983 1661 2038 agitur,
1697 1981 1822 2022 nobis

359 2070 443 2095 non
461 2054 704 2095 affuturum
725 2071 733 2104 ς
756 2055 869 2110 quin
890 2054 974 2095 fide
996 2054 1217 2111 intrepida
1237 2055 1283 2096 id
1303 2070 1475 2111 semper
1495 2055 1822 2096 meminerimus

362 2128 685 2168 Sacrosanctam
725 2127 967 2168 Ecclesiam
997 2127 1306 2184 pretiosissimo
1345 2128 1425 2169 filii
1466 2132 1561 2184 ers
1603 2128 1820 2184 sanguine

359 2200 600 2248 fundatam,
631 2201 807 2241 tametsi
829 2200 884 2241 ad
904 2215 1065 2256 paucos
1097 2200 1362 2257 quandoque
1392 2201 1680 2257 redigeretur,
1709 2217 1821 2243 nun-

362 2289 495 2329 quam
518 2281 664 2315 tamen
685 2274 991 2315 interituram.¹

418 2347 532 2389 Haee
554 2348 690 2389 latius
711 2348 764 2389 de
790 2347 1098 2388 nonnullorum
1132 2348 1317 2388 Patrum
1350 2348 1574 2389 sententiis
1604 2349 1817 2397 recensui,

360 2427 410 2462 ut
430 2436 484 2462 ex
501 2421 554 2462 iis
573 2421 844 2476 reliquorum
868 2420 1129 2461 varietatem
1152 2427 1196 2461 et
1219 2419 1617 2462 dissimilitudinem
1649 2421 1820 2462 facilius

362 2495 548 2550 quisque
581 2494 788 2550 colligere
808 2494 946 2549 possit
960 2510 971 2543 3
1004 2494 1163 2534 mirum
1186 2494 1301 2534 enim
1325 2493 1559 2535 admodum
1583 2493 1820 2536 videbatur

362 2567 523 2608 multos
543 2565 642 2608 hinc
662 2566 762 2607 inde
785 2567 940 2608 Patres
961 2566 1219 2616 eruditione,
1252 2567 1501 2623 prudentia,
1531 2568 1722 2623 vitaeque
1749 2567 1817 2607 in-

361 2640 566 2693 tegritate
601 2640 985 2694 praestantissimos
1019 2640 1082 2680 ita
1114 2646 1260 2680 tamen
1294 2639 1408 2680 inter
1437 2654 1481 2680 se
1502 2646 1817 2695 repugnantes,

361 2718 411 2751 ut
430 2712 465 2751 si
486 2712 721 2754 auctoritas
743 2727 891 2753 eorum
916 2711 1180 2753 attendenda
1201 2718 1326 2760 esset,
1342 2712 1385 2752 in
1407 2726 1619 2768 suspenso
1640 2726 1818 2767 prorsus
1878 2763 1883 2767 ·

849 2800 856 2817 ¹
883 2802 913 2831 Α
929 2799 1122 2831 remarkable
1137 2799 1338 2830 declaration.
