1905 3254
687 333 798 363 sess.
825 334 865 362 v.
1433 326 1512 368 177

51 432 198 474 verbis
230 434 488 492 relinquere.
553 439 710 495 Aliqui
744 441 977 483 occultiore
1007 458 1136 485 causa
1169 446 1511 503 refragabantur

49 519 116 554 ne,
150 508 251 556 scil,
277 509 541 553 Granatensi
575 514 758 555 nimium
794 516 1078 566 tribueretur,
1116 535 1140 560 a
1171 535 1258 576 quo
1289 537 1385 563 cum
1417 521 1510 563 haee

49 578 280 622 difficultas
312 583 557 638 prodiisset,
593 601 707 628 nunc
740 590 865 643 quasi
888 590 931 630 in
953 595 1048 646 ejus
1070 593 1199 634 unius
1220 595 1407 649 gratiam
1431 602 1510 636 aut

47 653 354 696 authoritatem
377 656 470 698 haec
488 659 621 700 verba
643 662 843 716 apposita
865 663 1131 707 viderentur.

104 726 252 769 Pridie
274 736 372 770 ante
397 731 651 779 Sessionem,
673 733 857 790 Legatis
879 735 1215 792 disceptationes
1231 756 1379 782 omnes
1396 757 1507 783 com-

44 800 207 855 positas
242 804 531 854 censentibus,
586 806 886 864 Sessionisque
928 811 1195 867 peragendae
1237 812 1351 854 diem
1394 829 1505 870 prae-

44 872 251 928 scriptam
282 875 325 915 in
360 883 457 917 tuto
478 893 583 925 esse,
607 878 714 920 hora
746 881 834 922 fere
870 882 922 924 17
946 884 1226 926 Salmeronus
1250 887 1280 927 J
1284 888 1440 936 esuita,
1462 895 1505 929 et

43 943 447 997 Fran³T01·rensis‚¹
472 958 658 1007 uterquc
692 954 959 1012 Theologus,
997 956 1080 998 huc
1113 974 1137 999 a
1169 959 1392 1010 Pontifice,
1427 962 1504 1018 Sy-

42 1018 144 1059 nodi
166 1035 307 1070 causa,
322 1022 491 1073 missus,
506 1025 689 1081 Legatis
710 1027 986 1076 denunciant,
1009 1045 1053 1071 se
1075 1030 1313 1073 doctrinam
1337 1033 1502 1075 editam

41 1105 126 1131 non
162 1095 423 1148 approbare,
456 1098 573 1152 quod
606 1100 782 1142 veritati
815 1101 1055 1144 Catholicae
1089 1104 1190 1146 fidei
1231 1105 1501 1148 adversetur.

41 1162 188 1204 Primo
208 1164 358 1208 dicunt
380 1184 458 1225 cap
480 1171 550 1212 Jo.
588 1171 615 1212 6
645 1173 758 1214 clare
792 1175 1097 1230 explicandum
1134 1191 1226 1218 esse
1262 1177 1315 1218 de
1352 1179 1502 1220 Sacra-

41 1238 174 1278 menti
196 1242 457 1296 sumptione,
493 1245 610 1299 quod
632 1246 736 1287 alias
758 1248 907 1289 nullus
928 1248 982 1289 sit
1004 1249 1126 1290 locus
1148 1250 1191 1291 in
1213 1253 1345 1292 sacris
1366 1253 1503 1294 literis

38 1310 144 1352 adeo
166 1327 408 1369 congruens
430 1331 483 1358 ex
505 1332 592 1373 quo
614 1327 884 1376 przeceptum
918 1321 1210 1366 Eucharistiae
1242 1340 1267 1366 a
1297 1326 1502 1369 fidelibus

39 1385 259 1427 sumendae
278 1387 492 1430 eliciatur.
536 1390 579 1430 2⁰
597 1390 839 1447 Oineiunt,
856 1393 1005 1436 deesse
1022 1395 1066 1436 in
1083 1396 1279 1438 doctrina
1296 1399 1497 1449 rationes,

37 1472 173 1513 quare
209 1459 277 1501 hic
316 1462 428 1502 ritus
464 1466 811 1506 communicandi
862 1468 944 1507 sub
982 1468 1122 1510 altera
1155 1477 1323 1512 tantum
1357 1474 1500 1528 specie

36 1528 166 1571 fuerit
198 1531 439 1575 institutus.
492 1536 535 1575 3⁰
558 1536 658 1577 Non
692 1539 880 1593 probant
913 1541 1123 1583 rationem
1153 1542 1386 1586 adductam
1424 1562 1501 1588 cur

37 1604 213 1658 parvuli
233 1606 357 1647 nulla
379 1609 630 1651 necessitate
653 1610 856 1653 dicantur
879 1615 1067 1671 obligati
1091 1617 1144 1657 ad
1167 1619 1499 1662 Sacramentum

34 1683 79 1717 et
121 1680 463 1722 communionem
488 1698 496 1729 ;
549 1684 823 1725 sententiam²
860 1697 1112 1743 proponunt
1166 1706 1190 1730 a
1235 1693 1498 1747 quibusdam

35 1749 166 1790 etiam
189 1750 396 1792 Patribus
431 1760 558 1794 antea
588 1755 631 1794 in
657 1755 1011 1813 Congregatione
1037 1761 1229 1811 allatam,
1250 1764 1346 1813 viz„
1380 1766 1499 1821 quod

35 1823 213 1877 parvuli
249 1824 413 1880 seipsos
452 1827 638 1882 probare
674 1843 758 1869 non
794 1838 987 1884 possunt,
1022 1833 1207 1889 ideoque
1248 1851 1324 1877 nec
1363 1838 1498 1895 digne

30 1909 206 1937 sumere
229 1906 542 1940 sacramentum
566 1916 619 1942 ex
642 1910 863 1957 praecepto
886 1905 1105 1960 Apostoli.
1169 1907 1256 1949 His
1288 1913 1498 1955 nonnulla

32 1968 120 2009 alia
155 1969 335 2015 addunt,
387 1974 550 2028 quibus
591 1974 827 2016 doctrinam
870 1976 979 2018 hanc
1033 1979 1196 2035 Synodi
1237 1986 1494 2029 auctoritate

31 2040 255 2098 indignam
279 2044 476 2087 suadent.
507 2047 670 2104 Legati
686 2050 831 2090 statim
848 2052 1136 2106 quamplures
1157 2069 1375 2100 sacrarum
1397 2059 1494 2101 lite-

33 2127 179 2156 rarum
213 2118 498 2173 peritissimos
530 2129 764 2171 accersunt,
798 2123 1070 2179 Episcopum
1101 2126 1491 2180 Interamnensem,

31 2189 252 2230 sacristam
289 2191 570 2244 Sanctissimi‚
594 2194 885 2245 Clodiensem,
922 2197 1227 2248 Mutinensem,
1250 2202 1492 2247 Almerien-

28 2276 134 2311 sem‚
158 2263 466 2313 Veronensem,
492 2267 742 2325 Theologos
765 2270 932 2325 aliquot
948 2276 1143 2327 majores,
1167 2289 1301 2330 reque
1317 2293 1414 2320 cum
1431 2282 1493 2322 eis

29 2339 357 2387 communicata,
382 2355 429 2381 ac
446 2340 780 2384 difficultatibus
801 2345 1004 2385 omnibus
1025 2346 1077 2385 iis
1099 2346 1336 2403 diligenter
1357 2367 1491 2409 expo-

29 2409 134 2458 sitis,
154 2426 251 2453 cum
275 2414 330 2454 ab
354 2414 418 2463 iis,
432 2416 602 2457 nemine
623 2431 771 2457 eorum
796 2416 1095 2467 dissentiente,
1119 2420 1374 2478 intelligunt
1394 2425 1489 2468 doc-

31 2482 188 2525 trinam
204 2485 504 2528 solidissimam
529 2503 634 2536 esse,
652 2489 846 2545 nihilque
863 2505 945 2531 non
962 2493 1148 2534 maxime
1169 2494 1304 2549 pium,
1321 2512 1488 2549 verum,

30 2568 76 2595 ac
99 2555 377 2600 Catholicum
399 2561 628 2609 continere,
651 2577 760 2611 eam,
793 2563 862 2604 dic
898 2566 1149 2615 constituta,
1173 2582 1273 2622 quae
1306 2584 1490 2626 sequens

28 2635 132 2678 erat,
154 2632 328 2672 omnino
350 2635 714 2690 promulgandam
738 2636 987 2678 decernunt.
1051 2639 1261 2688 Quocirca
1274 2641 1380 2684 hora
1401 2646 1490 2686 xxi.

29 2704 268 2744 convocatis
282 2705 502 2753 Patribus,
514 2707 695 2748 alterius
711 2710 920 2750 Sessionis
938 2717 1112 2766 tempus
1128 2712 1167 2752 in
1185 2712 1297 2754 diem
1314 2714 1364 2757 l7
1379 2717 1485 2773 Sep-

29 2775 208 2818 tembris
230 2778 437 2825 indicunt,
465 2781 581 2836 quod
599 2782 654 2822 ab
677 2783 877 2824 omnibus
898 2784 1131 2838 probatum
1156 2787 1254 2828 fuit.

343 2882 349 2899 ⁵
378 2884 520 2921 Tumens,
539 2897 570 2916 or
590 2886 771 2916 Turrianus.
819 2888 875 2917 See
893 2887 1014 2918 Pallav.
1034 2889 1109 2918 xvii.
1129 2891 1171 2919 xi.

602 2942 613 2957 ²
636 2943 695 2971 Sed
713 2944 818 2982 eliam,
838 2944 905 2973 MS.
