1905 3254
396 295 480 335 450
1018 311 1130 341 sess.
1157 310 1235 340 vn.

401 424 501 458 sunt
524 416 806 473 exprimenda
826 418 969 458 onmia
988 417 1316 473 impedimenta,
1339 425 1383 460 et
1403 419 1528 460 facile
1550 419 1671 461 eludi
1692 419 1851 461 Decre-

399 499 494 533 tum
517 500 674 548 posset.

450 567 493 606 N
499 566 776 607 eocastrensis
786 567 1040 622 *quoniam
1058 566 1185 606 multi
1203 567 1426 622 petierunt
1443 567 1654 608 declarari
1670 567 1723 608 de
1739 567 1769 608 J
1773 582 1850 608 ure

401 638 561 687 divino,
592 639 833 680 cavendum
855 648 988 696 puto3
1027 642 1231 695 quoniam
1254 655 1350 680 cum
1373 641 1591 681 institutio
1612 641 1851 696 Episcopo-

399 728 512 761 rum,
535 713 653 769 quod
687 713 742 753 ad
764 713 1134 759 Jurisdictionem,
1159 714 1445 769 proficiscitur
1479 729 1503 754 a
1535 714 1672 769 Papa,
1697 713 1851 768 utique

402 787 600 828 absolute
642 787 778 827 statui
818 801 901 826 non
943 793 1088 842 potest
1127 786 1384 827 Residentia
1418 801 1508 827 esse
1545 786 1575 827 J
1579 787 1669 827 uris
1701 786 1851 834 divini,

400 860 607 914 quoniam
630 859 775 914 quoad
808 859 1137 899 sacramentalia
1162 873 1248 898 non
1280 866 1344 899 est
1373 860 1614 900 necessaria
1635 866 1854 914 perpetua

401 930 643 978 assiduitas,
681 945 778 971 cum
810 929 973 970 habeat
1006 936 1122 971 certa
1143 945 1221 970 sua
1249 937 1459 985 tempora.
1523 930 1677 980 Quoad
1712 931 1853 971 Juris-

399 1004 645 1044 dictionalia
667 1018 768 1043 vero
799 1018 920 1043 secus
950 1011 1027 1043 est.
1065 1003 1167 1058 quia
1199 1017 1224 1043 a
1255 1003 1378 1057 Papa
1410 1003 1562 1044 oritur.
1623 1003 1679 1042 2⁰.
1702 1003 1852 1044 adver-
1904 1000 1905 1048 l

398 1076 590 1124 tendum,
624 1076 743 1132 quod
781 1076 912 1116 Sotus
949 1082 993 1116 et
1025 1075 1232 1116 Miranda
1263 1075 1361 1116 hinc
1390 1076 1593 1124 inferunt,
1615 1091 1701 1117 non
1728 1091 1851 1132 posse

398 1156 500 1190 tunc
526 1149 768 1205 dispensari
800 1164 934 1205 super
961 1147 1205 1189 residentia.
1268 1148 1436 1190 Verum
1465 1164 1561 1190 cum
1595 1149 1760 1204 duplex
1795 1150 1852 1190 sit

399 1221 425 1262 J
434 1237 485 1262 us
506 1221 717 1268 divinum,
752 1222 936 1262 alterum
968 1220 1218 1261 immediate
1240 1236 1265 1261 a
1287 1220 1398 1267 Deo,
1432 1221 1617 1262 alterum
1649 1221 1767 1277 quod
1787 1237 1849 1262 re-

397 1292 611 1346 linquitur
633 1292 895 1332 ordinationi
916 1291 1153 1339 hominum,
1177 1293 1357 1347 utique¹
1383 1293 1540 1334 falsum
1565 1301 1642 1341 est,
1667 1293 1786 1350 quod
1805 1294 1850 1334 in

398 1365 586 1406 secundo
607 1365 684 1406 hoc
705 1380 790 1406 non
821 1366 958 1421 possit
985 1365 1238 1420 dispensari,
1263 1381 1359 1406 cum
1383 1366 1573 1421 pendeat
1596 1367 1651 1407 ab
1684 1368 1850 1408 ordina-

398 1438 514 1479 tione
532 1438 737 1485 humana,
756 1438 854 1478 ideo
872 1438 1072 1479 videmus
1094 1445 1136 1479 et
1155 1439 1335 1493 antiqua
1354 1437 1558 1486 Concilia,
1578 1444 1621 1479 et
1638 1440 1851 1480 sanctissi-

398 1528 489 1554 mos
505 1512 650 1567 Papas
667 1526 838 1567 semper
861 1511 1145 1566 dispensasse.
1197 1510 1327 1552 Unde
1348 1511 1544 1566 placebit
1564 1511 1684 1560 mihi,
1703 1519 1753 1553 ut
1775 1513 1852 1553 fiat

397 1586 631 1627 declaratio
663 1585 693 1625 J
698 1586 788 1625 uris
823 1583 975 1632 divini,
1013 1584 1194 1639 adjectis
1224 1590 1371 1624 tamen
1402 1584 1488 1624 suis
1521 1585 1852 1627 circumstantiis

395 1669 439 1703 et
471 1660 876 1705 modificationibus,
910 1674 964 1700 ne
1001 1659 1311 1715 aequivocetun
1375 1659 1428 1698 3⁰.
1461 1659 1620 1700 scimus
1654 1660 1774 1715 quod
1805 1661 1848 1701 in
1894 1635 1902 1722 i

394 1735 576 1776 Polonia
617 1733 831 1774 Haeretici
877 1734 1138 1788 inceperunt
1177 1733 1376 1787 objicere,
1418 1747 1472 1773 ne
1515 1732 1726 1789 Episcopi
1765 1734 1850 1775 sint
1893 1724 1901 1763 ι

398 1808 648 1848 Consiliarii
667 1806 814 1863 Regii,
838 1807 943 1861 quia
960 1810 1060 1861 jure
1082 1805 1229 1846 divino
1247 1812 1450 1846 tenentur
1471 1805 1672 1847 residere.
1725 1806 1847 1848 Idem

395 1880 439 1919 in
464 1878 613 1919 Gallia
644 1878 852 1932 Princeps
887 1876 940 1917 de
970 1876 1119 1918 Conde
1142 1884 1185 1917 et
1213 1877 1425 1917 Haeretici
1455 1877 1528 1917 alii
1549 1885 1850 1933 opposuerunt

397 1943 538 1990 Cardli
571 1948 805 1994 Borbonio‚
842 1954 886 1989 et
927 1948 1024 1988 aliis
1061 1949 1307 2005 EpiscopiS.
1370 1949 1476 1990 Ideo
1515 1948 1755 1990 cavendum
1796 1964 1849 1990 ne
1890 1952 1898 2013 l

395 2023 523 2063 detur
556 2021 718 2062 occasio
760 2021 921 2061 futuris
961 2022 1230 2078 temporibus
1271 2021 1564 2077 perturbandi
1597 2021 1848 2071 Ecclesiam,
1904 2052 1905 2057 ,

395 2103 439 2136 et
476 2102 641 2135 statum
678 2093 792 2134 hunc
818 2101 1015 2135 nostrum
1046 2094 1383 2142 monarchicum,
1418 2102 1463 2135 et
1496 2093 1847 2144 Hierarchicum,
1903 2116 1905 2129 ι

394 2166 666 2214 diminuere3
699 2164 813 2205 unde
838 2166 982 2205 omnia
1003 2181 1180 2220 pessum
1202 2167 1327 2207 irent.

453 2238 657 2279 Civitatis
681 2238 982 2279 Castelli--ex
1009 2238 1183 2279 decreto
1215 2239 1344 2279 Pauli
1372 2239 1462 2279 III.
1490 2239 1593 2279 satis
1623 2239 1848 2294 colligitur

392 2312 625 2353 necessitas
646 2310 912 2351 residentiae:
946 2311 1022 2351 fiat
1038 2326 1140 2366 ergo
1161 2311 1444 2357 Prooemium,
1466 2312 1510 2351 in
1533 2326 1619 2366 quo
1642 2311 1844 2360 addatur,
1903 2328 1905 2346 1

394 2383 513 2439 quod
543 2397 719 2439 pascere
748 2390 813 2423 est
833 2383 887 2423 de
918 2387 1019 2438 jure
1044 2382 1204 2423 divino.
1268 2384 1538 2438 Apponatur
1569 2398 1715 2439 poena,
1747 2398 1845 2439 quae
1882 2389 1888 2436 1

391 2457 552 2498 habeat
573 2471 716 2497 secum
739 2456 1049 2502 executionem,
1083 2456 1148 2496 P⁰.
1183 2463 1233 2496 ut
1254 2471 1337 2496 non
1371 2457 1501 2498 faciat
1530 2457 1700 2498 fructus
1721 2472 1843 2506 suos;

393 2530 448 2569 2⁰.
465 2536 517 2570 ut
537 2530 785 2570 incurratur
805 2536 1032 2584 peccatum
1055 2528 1240 2569 mortale
1255 2546 1265 2578 3
1295 2529 1351 2568 3⁰.
1371 2535 1421 2569 ut
1436 2529 1724 2570 interdicatur
1736 2529 1844 2585 Epi-

391 2603 531 2658 seopis
553 2609 596 2643 et
619 2602 798 2643 Curatis
818 2602 986 2642 exactio
1008 2601 1285 2642 decimarum.

450 2675 682 2716 Aeciensis.
731 2674 1033 2715 Cremonensis
1043 2674 1345 2715 ²—Ponantur
1365 2675 1421 2716 ob
1443 2676 1590 2716 oculos
1607 2677 1844 2732 cuicunque

436 2800 443 2817 ¹
471 2801 539 2834 Utiq
561 2802 630 2830 MS.
733 2799 745 2817 ²
768 2801 784 2831 1
803 2811 934 2841 suppose
949 2800 1031 2830 these
1047 2805 1105 2830 two
1121 2801 1248 2840 prelatos
1261 2802 1371 2840 agreed
1386 2802 1417 2831 in
1435 2802 1484 2832 the
1499 2802 1622 2842 opinion
1638 2804 1810 2843 expresse-d.

1872 2745 1881 2990 j
