<?xml version="1.0" encoding="UTF-8"?>
<!DOCTYPE html PUBLIC "-//W3C//DTD XHTML 1.0 Transitional//EN"
    "http://www.w3.org/TR/xhtml1/DTD/xhtml1-transitional.dtd">
<html xmlns="http://www.w3.org/1999/xhtml" xml:lang="en" lang="en">
 <head>
  <title>
</title>
<meta http-equiv="Content-Type" content="text/html;charset=utf-8" />
  <meta name='ocr-system' content='tesseract 3.04.00' />
  <meta name='ocr-capabilities' content='ocr_page ocr_carea ocr_par ocr_line ocrx_word'/>
</head>
<body>
  <div class='ocr_page' id='page_1' title='image "actaconciliitrid00paleuoft_0628.png"; bbox 0 0 1905 3254; ppageno 0'>
   <div class='ocr_carea' id='block_1_1' title="bbox 382 302 1214 353">
    <p class='ocr_par' dir='ltr' id='par_1_1' title="bbox 382 302 1214 353">
     <span class='ocr_line' id='line_1_1' title="bbox 382 302 1214 353; baseline 0.014 -13"><span class='ocrx_word' id='word_1_1' title='bbox 382 302 467 342; x_wconf 74' lang='lat'>452</span> <span class='ocrx_word' id='word_1_2' title='bbox 1004 322 1113 353; x_wconf 64' lang='lat' dir='ltr'>sess.</span> <span class='ocrx_word' id='word_1_3' title='bbox 1138 323 1214 352; x_wconf 64' lang='lat' dir='ltr'>vn.</span> 
     </span>
    </p>
   </div>
   <div class='ocr_carea' id='block_1_2' title="bbox 445 422 1838 481">
    <p class='ocr_par' dir='ltr' id='par_1_2' title="bbox 445 422 1838 481">
     <span class='ocr_line' id='line_1_2' title="bbox 445 422 1838 481; baseline 0.004 -20"><span class='ocrx_word' id='word_1_4' title='bbox 445 422 975 481; x_wconf 79' lang='lat' dir='ltr'>Parmensis—negotium</span> <span class='ocrx_word' id='word_1_5' title='bbox 1017 426 1269 481; x_wconf 83' lang='lat' dir='ltr'>prolixitate</span> <span class='ocrx_word' id='word_1_6' title='bbox 1310 426 1355 466; x_wconf 90' lang='lat' dir='ltr'>in</span> <span class='ocrx_word' id='word_1_7' title='bbox 1388 425 1580 466; x_wconf 80' lang='lat' dir='ltr'><strong>dicendis</strong></span> <span class='ocrx_word' id='word_1_8' title='bbox 1613 427 1838 467; x_wconf 78' lang='lat' dir='ltr'>sententiis</span> 
     </span>
    </p>
   </div>
   <div class='ocr_carea' id='block_1_3' title="bbox 387 494 1900 552">
    <p class='ocr_par' dir='ltr' id='par_1_3' title="bbox 387 494 1900 552">
     <span class='ocr_line' id='line_1_3' title="bbox 387 494 1900 552; baseline 0.004 -20"><span class='ocrx_word' id='word_1_9' title='bbox 387 500 430 533; x_wconf 89' lang='lat' dir='ltr'>et</span> <span class='ocrx_word' id='word_1_10' title='bbox 460 494 701 535; x_wconf 81' lang='lat' dir='ltr'>resecandis</span> <span class='ocrx_word' id='word_1_11' title='bbox 733 497 968 550; x_wconf 88' lang='lat' dir='ltr'>superfluis</span> <span class='ocrx_word' id='word_1_12' title='bbox 1003 497 1179 538; x_wconf 86' lang='lat' dir='ltr'>videtur</span> <span class='ocrx_word' id='word_1_13' title='bbox 1211 497 1383 538; x_wconf 89' lang='lat' dir='ltr'>omnino</span> <span class='ocrx_word' id='word_1_14' title='bbox 1414 497 1709 552; x_wconf 85' lang='lat' dir='ltr'>desperatum,</span> <span class='ocrx_word' id='word_1_15' title='bbox 1743 513 1841 538; x_wconf 90' lang='lat' dir='ltr'>cum</span> <span class='ocrx_word' id='word_1_16' title='bbox 1898 535 1900 546; x_wconf 25' lang='grc' dir='ltr'>ι</span> 
     </span>
    </p>
   </div>
   <div class='ocr_carea' id='block_1_4' title="bbox 387 566 1839 626">
    <p class='ocr_par' dir='ltr' id='par_1_4' title="bbox 387 562 1900 626">
     <span class='ocr_line' id='line_1_4' title="bbox 387 566 1839 626; baseline 0.005 -21"><span class='ocrx_word' id='word_1_17' title='bbox 387 566 541 606; x_wconf 86' lang='lat' dir='ltr'>Patres</span> <span class='ocrx_word' id='word_1_18' title='bbox 577 581 661 607; x_wconf 88' lang='lat' dir='ltr'>non</span> <span class='ocrx_word' id='word_1_19' title='bbox 696 576 881 623; x_wconf 86' lang='lat' dir='ltr'>pareant</span> <span class='ocrx_word' id='word_1_20' title='bbox 916 570 1224 610; x_wconf 84' lang='lat' dir='ltr'>monitionibus</span> <span class='ocrx_word' id='word_1_21' title='bbox 1256 570 1541 626; x_wconf 82' lang='lat' dir='ltr'>Legatorum.</span> <span class='ocrx_word' id='word_1_22' title='bbox 1605 569 1839 626; x_wconf 83' lang='lat' dir='ltr'>Displicet,</span> 
     </span>
    </p>
   </div>
   <div class='ocr_carea' id='block_1_5' title="bbox 376 637 1842 1863">
    <p class='ocr_par' dir='ltr' id='par_1_5' title="bbox 386 637 1842 842">
     <span class='ocr_line' id='line_1_5' title="bbox 386 637 1842 697; baseline 0.004 -20"><span class='ocrx_word' id='word_1_23' title='bbox 386 637 504 692; x_wconf 92' lang='lat' dir='ltr'>quod</span> <span class='ocrx_word' id='word_1_24' title='bbox 525 639 661 694; x_wconf 81' lang='lat' dir='ltr'>aliqui</span> <span class='ocrx_word' id='word_1_25' title='bbox 694 641 801 681; x_wconf 86' lang='lat' dir='ltr'>adeo</span> <span class='ocrx_word' id='word_1_26' title='bbox 830 649 982 697; x_wconf 83' lang='lat' dir='ltr'>aperte</span> <span class='ocrx_word' id='word_1_27' title='bbox 1016 650 1226 683; x_wconf 87' lang='lat' dir='ltr'>conentur</span> <span class='ocrx_word' id='word_1_28' title='bbox 1255 642 1471 683; x_wconf 87' lang='lat' dir='ltr'>offendere</span> <span class='ocrx_word' id='word_1_29' title='bbox 1502 643 1620 690; x_wconf 78' lang='lat' dir='ltr'>alios,</span> <span class='ocrx_word' id='word_1_30' title='bbox 1643 650 1686 683; x_wconf 88' lang='lat' dir='ltr'>et</span> <span class='ocrx_word' id='word_1_31' title='bbox 1710 643 1842 684; x_wconf 86' lang='lat' dir='ltr'>vellet</span> 
     </span>
     <span class='ocr_line' id='line_1_6' title="bbox 387 711 1838 771; baseline 0.003 -21"><span class='ocrx_word' id='word_1_32' title='bbox 387 725 458 750; x_wconf 91' lang='lat' dir='ltr'>eos</span> <span class='ocrx_word' id='word_1_33' title='bbox 481 711 700 753; x_wconf 88' lang='lat' dir='ltr'>abstinere</span> <span class='ocrx_word' id='word_1_34' title='bbox 724 714 779 753; x_wconf 81' lang='lat' dir='ltr'>ab</span> <span class='ocrx_word' id='word_1_35' title='bbox 813 714 865 754; x_wconf 91' lang='lat' dir='ltr'>iis</span> <span class='ocrx_word' id='word_1_36' title='bbox 890 715 1045 762; x_wconf 73' lang='lat' dir='ltr'>verbis,</span> <span class='ocrx_word' id='word_1_37' title='bbox 1080 731 1132 756; x_wconf 91' lang='lat' dir='ltr'>ne</span> <span class='ocrx_word' id='word_1_38' title='bbox 1155 730 1326 756; x_wconf 85' lang='lat' dir='ltr'>neccsse</span> <span class='ocrx_word' id='word_1_39' title='bbox 1347 715 1401 756; x_wconf 85' lang='lat' dir='ltr'>sit</span> <span class='ocrx_word' id='word_1_40' title='bbox 1423 716 1607 770; x_wconf 82' lang='lat' dir='ltr'>privatis</span> <span class='ocrx_word' id='word_1_41' title='bbox 1636 715 1838 771; x_wconf 81' lang='lat' dir='ltr'>negotiis,</span> 
     </span>
     <span class='ocr_line' id='line_1_7' title="bbox 387 786 1097 842; baseline 0.007 -19"><span class='ocrx_word' id='word_1_42' title='bbox 387 790 430 823; x_wconf 87' lang='lat' dir='ltr'>et</span> <span class='ocrx_word' id='word_1_43' title='bbox 450 799 532 825; x_wconf 89' lang='lat' dir='ltr'>non</span> <span class='ocrx_word' id='word_1_44' title='bbox 555 786 756 839; x_wconf 75' lang='lat' dir='ltr'>publicis,</span> <span class='ocrx_word' id='word_1_45' title='bbox 781 802 958 842; x_wconf 87' lang='lat' dir='ltr'>operam</span> <span class='ocrx_word' id='word_1_46' title='bbox 979 788 1097 829; x_wconf 85' lang='lat' dir='ltr'>dare.</span> 
     </span>
    </p>

    <p class='ocr_par' dir='ltr' id='par_1_6' title="bbox 384 858 1837 1061">
     <span class='ocr_line' id='line_1_8' title="bbox 444 858 1837 909; baseline 0.002 -12"><span class='ocrx_word' id='word_1_47' title='bbox 444 858 959 901; x_wconf 84' lang='lat' dir='ltr'>Salmanticensis-Non</span> <span class='ocrx_word' id='word_1_48' title='bbox 997 868 1063 902; x_wconf 91' lang='lat' dir='ltr'>est</span> <span class='ocrx_word' id='word_1_49' title='bbox 1102 860 1342 901; x_wconf 87' lang='lat' dir='ltr'>faciendum</span> <span class='ocrx_word' id='word_1_50' title='bbox 1379 876 1543 902; x_wconf 88' lang='lat' dir='ltr'>novum</span> <span class='ocrx_word' id='word_1_51' title='bbox 1584 861 1837 909; x_wconf 77' lang='lat' dir='ltr'>Decretum,</span> 
     </span>
     <span class='ocr_line' id='line_1_9' title="bbox 384 932 1835 983; baseline 0.003 -13"><span class='ocrx_word' id='word_1_52' title='bbox 384 946 479 970; x_wconf 88' lang='lat' dir='ltr'>cum</span> <span class='ocrx_word' id='word_1_53' title='bbox 503 932 689 972; x_wconf 84' lang='lat' dir='ltr'>sufficiat</span> <span class='ocrx_word' id='word_1_54' title='bbox 710 932 754 972; x_wconf 92' lang='lat' dir='ltr'>id</span> <span class='ocrx_word' id='word_1_55' title='bbox 782 934 864 973; x_wconf 88' lang='lat' dir='ltr'>sub</span> <span class='ocrx_word' id='word_1_56' title='bbox 895 934 1034 974; x_wconf 90' lang='lat' dir='ltr'>Paulo</span> <span class='ocrx_word' id='word_1_57' title='bbox 1058 934 1146 975; x_wconf 89' lang='lat' dir='ltr'><strong>III.</strong></span> <span class='ocrx_word' id='word_1_58' title='bbox 1168 951 1177 983; x_wconf 81' lang='lat'>3</span> <span class='ocrx_word' id='word_1_59' title='bbox 1211 935 1245 974; x_wconf 88' lang='lat' dir='ltr'>si</span> <span class='ocrx_word' id='word_1_60' title='bbox 1276 941 1421 975; x_wconf 84' lang='lat' dir='ltr'>tamen</span> <span class='ocrx_word' id='word_1_61' title='bbox 1458 934 1535 975; x_wconf 90' lang='lat' dir='ltr'>hoc</span> <span class='ocrx_word' id='word_1_62' title='bbox 1562 934 1835 975; x_wconf 88' lang='lat' dir='ltr'>retinendum</span> 
     </span>
     <span class='ocr_line' id='line_1_10' title="bbox 384 1006 1638 1061; baseline 0.003 -18"><span class='ocrx_word' id='word_1_63' title='bbox 384 1011 462 1052; x_wconf 86' lang='lat' dir='ltr'>est,</span> <span class='ocrx_word' id='word_1_64' title='bbox 486 1012 714 1046; x_wconf 90' lang='lat' dir='ltr'>mutentur</span> <span class='ocrx_word' id='word_1_65' title='bbox 736 1006 947 1047; x_wconf 88' lang='lat' dir='ltr'>nonnulla</span> <span class='ocrx_word' id='word_1_66' title='bbox 964 1011 1095 1061; x_wconf 85' lang='lat' dir='ltr'>juxta</span> <span class='ocrx_word' id='word_1_67' title='bbox 1117 1008 1417 1047; x_wconf 84' lang='lat' dir='ltr'>annotationes</span> <span class='ocrx_word' id='word_1_68' title='bbox 1440 1008 1638 1047; x_wconf 85' lang='lat' dir='ltr'>Patrum.</span> 
     </span>
    </p>

    <p class='ocr_par' dir='ltr' id='par_1_7' title="bbox 376 1076 1836 1863">
     <span class='ocr_line' id='line_1_11' title="bbox 440 1076 1835 1134; baseline 0.001 -17"><span class='ocrx_word' id='word_1_69' title='bbox 440 1076 722 1118; x_wconf 86' lang='lat' dir='ltr'>Dertuscnsis</span> <span class='ocrx_word' id='word_1_70' title='bbox 742 1104 799 1109; x_wconf 85' lang='lat'>—</span> <span class='ocrx_word' id='word_1_71' title='bbox 822 1079 1034 1128; x_wconf 84' lang='lat' dir='ltr'>Quamvis</span> <span class='ocrx_word' id='word_1_72' title='bbox 1085 1079 1190 1119; x_wconf 88' lang='lat' dir='ltr'>alias</span> <span class='ocrx_word' id='word_1_73' title='bbox 1240 1079 1438 1134; x_wconf 88' lang='lat' dir='ltr'>petierim</span> <span class='ocrx_word' id='word_1_74' title='bbox 1491 1078 1703 1119; x_wconf 82' lang='lat' dir='ltr'>declarari</span> <span class='ocrx_word' id='word_1_75' title='bbox 1743 1093 1835 1119; x_wconf 86' lang='lat' dir='ltr'>esse</span> 
     </span>
     <span class='ocr_line' id='line_1_12' title="bbox 382 1148 1836 1207; baseline 0.002 -19"><span class='ocrx_word' id='word_1_76' title='bbox 382 1148 508 1190; x_wconf 89' lang='lat' dir='ltr'>Juris</span> <span class='ocrx_word' id='word_1_77' title='bbox 530 1149 681 1197; x_wconf 86' lang='lat' dir='ltr'>divini,</span> <span class='ocrx_word' id='word_1_78' title='bbox 708 1158 853 1192; x_wconf 87' lang='lat' dir='ltr'>tamen</span> <span class='ocrx_word' id='word_1_79' title='bbox 888 1152 1091 1207; x_wconf 90' lang='lat' dir='ltr'>quoniam</span> <span class='ocrx_word' id='word_1_80' title='bbox 1115 1158 1244 1192; x_wconf 88' lang='lat' dir='ltr'>caute</span> <span class='ocrx_word' id='word_1_81' title='bbox 1269 1150 1582 1191; x_wconf 81' lang='lat' dir='ltr'>ambulandum</span> <span class='ocrx_word' id='word_1_82' title='bbox 1610 1158 1676 1192; x_wconf 90' lang='lat' dir='ltr'>est</span> <span class='ocrx_word' id='word_1_83' title='bbox 1704 1155 1836 1206; x_wconf 82' lang='lat' dir='ltr'>juxta</span> 
     </span>
     <span class='ocr_line' id='line_1_13' title="bbox 383 1222 1835 1280; baseline 0.003 -19"><span class='ocrx_word' id='word_1_84' title='bbox 383 1222 661 1276; x_wconf 84' lang='lat' dir='ltr'>Apostolum,</span> <span class='ocrx_word' id='word_1_85' title='bbox 704 1231 747 1264; x_wconf 84' lang='lat' dir='ltr'>et</span> <span class='ocrx_word' id='word_1_86' title='bbox 789 1239 949 1280; x_wconf 84' lang='lat' dir='ltr'>magna</span> <span class='ocrx_word' id='word_1_87' title='bbox 990 1232 1055 1265; x_wconf 92' lang='lat' dir='ltr'>est</span> <span class='ocrx_word' id='word_1_88' title='bbox 1097 1225 1264 1265; x_wconf 87' lang='lat' dir='ltr'>malitia</span> <span class='ocrx_word' id='word_1_89' title='bbox 1304 1223 1542 1272; x_wconf 87' lang='lat' dir='ltr'>hominum,</span> <span class='ocrx_word' id='word_1_90' title='bbox 1585 1223 1681 1265; x_wconf 90' lang='lat' dir='ltr'>ideo</span> <span class='ocrx_word' id='word_1_91' title='bbox 1723 1239 1835 1265; x_wconf 92' lang='lat' dir='ltr'>nunc</span> 
     </span>
     <span class='ocr_line' id='line_1_14' title="bbox 380 1294 1835 1351; baseline 0.002 -18"><span class='ocrx_word' id='word_1_92' title='bbox 380 1294 754 1348; x_wconf 81' lang='lat' dir='ltr'>supersedendum</span> <span class='ocrx_word' id='word_1_93' title='bbox 778 1303 897 1350; x_wconf 85' lang='lat' dir='ltr'>puto,</span> <span class='ocrx_word' id='word_1_94' title='bbox 923 1297 1128 1351; x_wconf 86' lang='lat' dir='ltr'>quoniam</span> <span class='ocrx_word' id='word_1_95' title='bbox 1151 1296 1248 1336; x_wconf 89' lang='lat' dir='ltr'>hinc</span> <span class='ocrx_word' id='word_1_96' title='bbox 1266 1296 1408 1337; x_wconf 88' lang='lat' dir='ltr'>multa</span> <span class='ocrx_word' id='word_1_97' title='bbox 1430 1295 1642 1336; x_wconf 76' lang='lat' dir='ltr'>Haeretici</span> <span class='ocrx_word' id='word_1_98' title='bbox 1664 1302 1835 1336; x_wconf 88' lang='lat' dir='ltr'>tentant</span> 
     </span>
     <span class='ocr_line' id='line_1_15' title="bbox 380 1365 1834 1425; baseline 0.002 -20"><span class='ocrx_word' id='word_1_99' title='bbox 380 1365 549 1415; x_wconf 83' lang='lat' dir='ltr'>elicere,</span> <span class='ocrx_word' id='word_1_100' title='bbox 568 1376 819 1424; x_wconf 83' lang='lat' dir='ltr'>urgentque</span> <span class='ocrx_word' id='word_1_101' title='bbox 842 1370 926 1409; x_wconf 88' lang='lat' dir='ltr'>alia</span> <span class='ocrx_word' id='word_1_102' title='bbox 948 1370 1089 1425; x_wconf 77' lang='lat' dir='ltr'>magis</span> <span class='ocrx_word' id='word_1_103' title='bbox 1109 1369 1348 1409; x_wconf 84' lang='lat' dir='ltr'>necessaria</span> <span class='ocrx_word' id='word_1_104' title='bbox 1368 1368 1605 1409; x_wconf 88' lang='lat' dir='ltr'>tractanda.</span> <span class='ocrx_word' id='word_1_105' title='bbox 1663 1369 1710 1409; x_wconf 85' lang='lat' dir='ltr'>Si</span> <span class='ocrx_word' id='word_1_106' title='bbox 1731 1368 1834 1409; x_wconf 88' lang='lat' dir='ltr'>dicis</span> 
     </span>
     <span class='ocr_line' id='line_1_16' title="bbox 379 1439 1834 1498; baseline 0.003 -19"><span class='ocrx_word' id='word_1_107' title='bbox 379 1439 609 1481; x_wconf 84' lang='lat' dir='ltr'>veritatem</span> <span class='ocrx_word' id='word_1_108' title='bbox 632 1456 723 1482; x_wconf 90' lang='lat' dir='ltr'>esse</span> <span class='ocrx_word' id='word_1_109' title='bbox 744 1441 1060 1489; x_wconf 86' lang='lat' dir='ltr'>declarandam,</span> <span class='ocrx_word' id='word_1_110' title='bbox 1084 1442 1334 1497; x_wconf 87' lang='lat' dir='ltr'>respondeo,</span> <span class='ocrx_word' id='word_1_111' title='bbox 1359 1449 1401 1483; x_wconf 93' lang='lat' dir='ltr'>te</span> <span class='ocrx_word' id='word_1_112' title='bbox 1423 1447 1545 1498; x_wconf 86' lang='lat' dir='ltr'>justa</span> <span class='ocrx_word' id='word_1_113' title='bbox 1568 1450 1733 1498; x_wconf 69' lang='lat' dir='ltr'>petere,</span> <span class='ocrx_word' id='word_1_114' title='bbox 1758 1441 1834 1483; x_wconf 89' lang='lat' dir='ltr'>sed</span> 
     </span>
     <span class='ocr_line' id='line_1_17' title="bbox 378 1515 1831 1570; baseline 0.001 -16"><span class='ocrx_word' id='word_1_115' title='bbox 378 1529 462 1554; x_wconf 90' lang='lat' dir='ltr'>non</span> <span class='ocrx_word' id='word_1_116' title='bbox 480 1519 612 1570; x_wconf 86' lang='lat' dir='ltr'>juste,</span> <span class='ocrx_word' id='word_1_117' title='bbox 646 1516 852 1570; x_wconf 86' lang='lat' dir='ltr'>quoniam</span> <span class='ocrx_word' id='word_1_118' title='bbox 881 1516 959 1556; x_wconf 93' lang='lat' dir='ltr'>hoc</span> <span class='ocrx_word' id='word_1_119' title='bbox 981 1531 1064 1555; x_wconf 90' lang='lat' dir='ltr'>non</span> <span class='ocrx_word' id='word_1_120' title='bbox 1095 1522 1159 1555; x_wconf 86' lang='lat' dir='ltr'>cst</span> <span class='ocrx_word' id='word_1_121' title='bbox 1190 1522 1376 1570; x_wconf 84' lang='lat' dir='ltr'>tempus.</span> <span class='ocrx_word' id='word_1_122' title='bbox 1440 1515 1626 1563; x_wconf 83' lang='lat' dir='ltr'>Deinde,</span> <span class='ocrx_word' id='word_1_123' title='bbox 1650 1530 1734 1555; x_wconf 93' lang='lat' dir='ltr'>non</span> <span class='ocrx_word' id='word_1_124' title='bbox 1765 1521 1831 1555; x_wconf 88' lang='lat' dir='ltr'>est</span> 
     </span>
     <span class='ocr_line' id='line_1_18' title="bbox 377 1587 1832 1643; baseline 0.001 -16"><span class='ocrx_word' id='word_1_125' title='bbox 377 1588 632 1635; x_wconf 84' lang='lat' dir='ltr'>absurdum,</span> <span class='ocrx_word' id='word_1_126' title='bbox 656 1595 707 1629; x_wconf 94' lang='lat' dir='ltr'>ut</span> <span class='ocrx_word' id='word_1_127' title='bbox 728 1588 1026 1643; x_wconf 84' lang='lat' dir='ltr'>suspendatur</span> <span class='ocrx_word' id='word_1_128' title='bbox 1057 1587 1292 1628; x_wconf 84' lang='lat' dir='ltr'>declaratio</span> <span class='ocrx_word' id='word_1_129' title='bbox 1321 1588 1508 1643; x_wconf 86' lang='lat' dir='ltr'>alicujus</span> <span class='ocrx_word' id='word_1_130' title='bbox 1530 1589 1725 1629; x_wconf 85' lang='lat' dir='ltr'>veritatis</span> <span class='ocrx_word' id='word_1_131' title='bbox 1754 1603 1832 1643; x_wconf 87' lang='lat' dir='ltr'>per</span> 
     </span>
     <span class='ocr_line' id='line_1_19' title="bbox 377 1660 1829 1717; baseline 0.001 -16"><span class='ocrx_word' id='word_1_132' title='bbox 377 1661 557 1716; x_wconf 88' lang='lat' dir='ltr'>aliquod</span> <span class='ocrx_word' id='word_1_133' title='bbox 578 1669 768 1717; x_wconf 89' lang='lat' dir='ltr'>tempus,</span> <span class='ocrx_word' id='word_1_134' title='bbox 792 1669 842 1702; x_wconf 90' lang='lat' dir='ltr'>ut</span> <span class='ocrx_word' id='word_1_135' title='bbox 863 1662 965 1701; x_wconf 89' lang='lat' dir='ltr'>olim</span> <span class='ocrx_word' id='word_1_136' title='bbox 998 1660 1051 1700; x_wconf 90' lang='lat' dir='ltr'>de</span> <span class='ocrx_word' id='word_1_137' title='bbox 1083 1661 1314 1709; x_wconf 85' lang='lat' dir='ltr'>Trinitate,</span> <span class='ocrx_word' id='word_1_138' title='bbox 1337 1660 1390 1702; x_wconf 91' lang='lat' dir='ltr'>de</span> <span class='ocrx_word' id='word_1_139' title='bbox 1414 1661 1728 1708; x_wconf 83' lang='lat' dir='ltr'>Incarnatione,</span> <span class='ocrx_word' id='word_1_140' title='bbox 1753 1662 1829 1702; x_wconf 87' lang='lat' dir='ltr'>&amp;c.</span> 
     </span>
     <span class='ocr_line' id='line_1_20' title="bbox 377 1735 1832 1791; baseline 0.001 -16"><span class='ocrx_word' id='word_1_141' title='bbox 377 1735 446 1776; x_wconf 82' lang='lat' dir='ltr'>Sic</span> <span class='ocrx_word' id='word_1_142' title='bbox 467 1736 616 1776; x_wconf 85' lang='lat' dir='ltr'>multae</span> <span class='ocrx_word' id='word_1_143' title='bbox 639 1743 742 1776; x_wconf 87' lang='lat' dir='ltr'>sunt</span> <span class='ocrx_word' id='word_1_144' title='bbox 764 1736 970 1776; x_wconf 85' lang='lat' dir='ltr'>veritates</span> <span class='ocrx_word' id='word_1_145' title='bbox 992 1750 1100 1791; x_wconf 85' lang='lat' dir='ltr'>quas</span> <span class='ocrx_word' id='word_1_146' title='bbox 1122 1735 1246 1775; x_wconf 89' lang='lat' dir='ltr'>Deus</span> <span class='ocrx_word' id='word_1_147' title='bbox 1268 1750 1352 1775; x_wconf 93' lang='lat' dir='ltr'>non</span> <span class='ocrx_word' id='word_1_148' title='bbox 1375 1735 1471 1776; x_wconf 89' lang='lat' dir='ltr'>vult</span> <span class='ocrx_word' id='word_1_149' title='bbox 1492 1736 1554 1776; x_wconf 88' lang='lat' dir='ltr'>ita</span> <span class='ocrx_word' id='word_1_150' title='bbox 1576 1736 1758 1791; x_wconf 84' lang='lat' dir='ltr'>aperire,</span> <span class='ocrx_word' id='word_1_151' title='bbox 1782 1743 1832 1777; x_wconf 87' lang='lat' dir='ltr'>ut</span> 
     </span>
     <span class='ocr_line' id='line_1_21' title="bbox 376 1807 1831 1863; baseline 0.002 -17"><span class='ocrx_word' id='word_1_152' title='bbox 376 1822 472 1847; x_wconf 90' lang='lat' dir='ltr'>cum</span> <span class='ocrx_word' id='word_1_153' title='bbox 506 1807 724 1849; x_wconf 88' lang='lat' dir='ltr'>Dominus</span> <span class='ocrx_word' id='word_1_154' title='bbox 760 1808 876 1854; x_wconf 88' lang='lat' dir='ltr'>dicit,</span> <span class='ocrx_word' id='word_1_155' title='bbox 913 1822 995 1848; x_wconf 92' lang='lat' dir='ltr'>non</span> <span class='ocrx_word' id='word_1_156' title='bbox 1033 1822 1124 1848; x_wconf 91' lang='lat' dir='ltr'>esse</span> <span class='ocrx_word' id='word_1_157' title='bbox 1160 1814 1352 1847; x_wconf 87' lang='lat' dir='ltr'>vestrum</span> <span class='ocrx_word' id='word_1_158' title='bbox 1388 1808 1494 1848; x_wconf 89' lang='lat' dir='ltr'>scire</span> <span class='ocrx_word' id='word_1_159' title='bbox 1526 1823 1603 1848; x_wconf 88' lang='lat' dir='ltr'>ncc</span> <span class='ocrx_word' id='word_1_160' title='bbox 1633 1816 1831 1863; x_wconf 84' lang='lat' dir='ltr'>tempora</span> 
     </span>
    </p>
   </div>
   <div class='ocr_carea' id='block_1_6' title="bbox 373 1879 1886 1944">
    <p class='ocr_par' dir='ltr' id='par_1_8' title="bbox 373 1879 1886 1944">
     <span class='ocr_line' id='line_1_22' title="bbox 373 1879 1886 1944; baseline 0.001 -24"><span class='ocrx_word' id='word_1_161' title='bbox 373 1895 449 1920; x_wconf 90' lang='lat' dir='ltr'>nec</span> <span class='ocrx_word' id='word_1_162' title='bbox 471 1888 700 1929; x_wconf 87' lang='lat' dir='ltr'>momenta,</span> <span class='ocrx_word' id='word_1_163' title='bbox 726 1882 801 1921; x_wconf 68' lang='lat' dir='ltr'>&amp;e</span> <span class='ocrx_word' id='word_1_164' title='bbox 837 1887 880 1921; x_wconf 89' lang='lat' dir='ltr'>et</span> <span class='ocrx_word' id='word_1_165' title='bbox 915 1880 1037 1927; x_wconf 89' lang='lat' dir='ltr'>illud,</span> <span class='ocrx_word' id='word_1_166' title='bbox 1073 1879 1191 1935; x_wconf 88' lang='lat' dir='ltr'>quod</span> <span class='ocrx_word' id='word_1_167' title='bbox 1223 1880 1337 1920; x_wconf 85' lang='lat' dir='ltr'>diem</span> <span class='ocrx_word' id='word_1_168' title='bbox 1361 1880 1528 1921; x_wconf 85' lang='lat' dir='ltr'>Judicii</span> <span class='ocrx_word' id='word_1_169' title='bbox 1560 1896 1638 1922; x_wconf 92' lang='lat' dir='ltr'>nec</span> <span class='ocrx_word' id='word_1_170' title='bbox 1662 1882 1825 1937; x_wconf 85' lang='lat' dir='ltr'>Angeli</span> <span class='ocrx_word' id='word_1_171' title='bbox 1883 1900 1886 1944; x_wconf 49' lang='lat' dir='ltr'><em>g</em></span> 
     </span>
    </p>
   </div>
   <div class='ocr_carea' id='block_1_7' title="bbox 373 1952 1826 2008">
    <p class='ocr_par' dir='ltr' id='par_1_9' title="bbox 373 1952 1826 2008">
     <span class='ocr_line' id='line_1_23' title="bbox 373 1952 1826 2008; baseline 0 -14"><span class='ocrx_word' id='word_1_172' title='bbox 373 1954 529 2001; x_wconf 87' lang='lat' dir='ltr'>sciunt,</span> <span class='ocrx_word' id='word_1_173' title='bbox 555 1955 632 1995; x_wconf 84' lang='lat' dir='ltr'>&amp;c.</span> <span class='ocrx_word' id='word_1_174' title='bbox 697 1955 766 1994; x_wconf 87' lang='lat' dir='ltr'>Sic</span> <span class='ocrx_word' id='word_1_175' title='bbox 797 1955 840 1994; x_wconf 92' lang='lat' dir='ltr'>in</span> <span class='ocrx_word' id='word_1_176' title='bbox 873 1952 1130 1994; x_wconf 89' lang='lat' dir='ltr'>certitudine</span> <span class='ocrx_word' id='word_1_177' title='bbox 1163 1953 1330 2008; x_wconf 72' lang='lat' dir='ltr'>gratiae,</span> <span class='ocrx_word' id='word_1_178' title='bbox 1354 1953 1398 1993; x_wconf 84' lang='lat' dir='ltr'>in</span> <span class='ocrx_word' id='word_1_179' title='bbox 1429 1953 1826 2008; x_wconf 70' lang='lat' dir='ltr'>praedestinatione,</span> 
     </span>
    </p>
   </div>
   <div class='ocr_carea' id='block_1_8' title="bbox 369 2025 1884 2226">
    <p class='ocr_par' dir='ltr' id='par_1_10' title="bbox 369 2025 1884 2226">
     <span class='ocr_line' id='line_1_24' title="bbox 373 2025 1884 2080; baseline 0 -14"><span class='ocrx_word' id='word_1_180' title='bbox 373 2033 415 2066; x_wconf 85' lang='lat' dir='ltr'>et</span> <span class='ocrx_word' id='word_1_181' title='bbox 438 2026 611 2067; x_wconf 87' lang='lat' dir='ltr'>similia.</span> <span class='ocrx_word' id='word_1_182' title='bbox 676 2027 722 2066; x_wconf 86' lang='lat' dir='ltr'>Si</span> <span class='ocrx_word' id='word_1_183' title='bbox 745 2027 820 2074; x_wconf 84' lang='lat' dir='ltr'>ais,</span> <span class='ocrx_word' id='word_1_184' title='bbox 844 2026 922 2066; x_wconf 87' lang='lat' dir='ltr'>illa</span> <span class='ocrx_word' id='word_1_185' title='bbox 943 2032 1055 2066; x_wconf 90' lang='lat' dir='ltr'>essct</span> <span class='ocrx_word' id='word_1_186' title='bbox 1077 2025 1145 2065; x_wconf 89' lang='lat' dir='ltr'>lex</span> <span class='ocrx_word' id='word_1_187' title='bbox 1167 2025 1414 2080; x_wconf 85' lang='lat' dir='ltr'>perfectior,</span> <span class='ocrx_word' id='word_1_188' title='bbox 1438 2025 1689 2080; x_wconf 85' lang='lat' dir='ltr'>respondeo,</span> <span class='ocrx_word' id='word_1_189' title='bbox 1712 2025 1830 2080; x_wconf 91' lang='lat' dir='ltr'>quod</span> <span class='ocrx_word' id='word_1_190' title='bbox 1880 2034 1884 2074; x_wconf 72' lang='grc'>,3</span> 
     </span>
     <span class='ocr_line' id='line_1_25' title="bbox 372 2097 1827 2154; baseline -0.001 -15"><span class='ocrx_word' id='word_1_191' title='bbox 372 2106 438 2139; x_wconf 88' lang='lat' dir='ltr'>sat</span> <span class='ocrx_word' id='word_1_192' title='bbox 459 2102 546 2139; x_wconf 88' lang='lat' dir='ltr'>est¹</span> <span class='ocrx_word' id='word_1_193' title='bbox 583 2098 746 2140; x_wconf 87' lang='lat' dir='ltr'>habere</span> <span class='ocrx_word' id='word_1_194' title='bbox 768 2099 909 2154; x_wconf 84' lang='lat' dir='ltr'>legem</span> <span class='ocrx_word' id='word_1_195' title='bbox 944 2099 1254 2146; x_wconf 79' lang='lat' dir='ltr'>sufficientem3</span> <span class='ocrx_word' id='word_1_196' title='bbox 1287 2113 1387 2138; x_wconf 90' lang='lat' dir='ltr'>nam</span> <span class='ocrx_word' id='word_1_197' title='bbox 1417 2098 1524 2138; x_wconf 89' lang='lat' dir='ltr'>alias</span> <span class='ocrx_word' id='word_1_198' title='bbox 1546 2097 1669 2138; x_wconf 90' lang='lat' dir='ltr'>Deus</span> <span class='ocrx_word' id='word_1_199' title='bbox 1699 2105 1827 2153; x_wconf 86' lang='lat' dir='ltr'>potu·</span> 
     </span>
     <span class='ocr_line' id='line_1_26' title="bbox 369 2166 1882 2226; baseline 0.001 -15"><span class='ocrx_word' id='word_1_200' title='bbox 369 2172 472 2212; x_wconf 92' lang='lat' dir='ltr'>isset</span> <span class='ocrx_word' id='word_1_201' title='bbox 511 2172 604 2226; x_wconf 89' lang='lat' dir='ltr'>ipse</span> <span class='ocrx_word' id='word_1_202' title='bbox 636 2171 820 2211; x_wconf 85' lang='lat' dir='ltr'>condere</span> <span class='ocrx_word' id='word_1_203' title='bbox 856 2171 977 2226; x_wconf 83' lang='lat' dir='ltr'>leges</span> <span class='ocrx_word' id='word_1_204' title='bbox 1016 2171 1240 2212; x_wconf 86' lang='lat' dir='ltr'>humanas.</span> <span class='ocrx_word' id='word_1_205' title='bbox 1302 2170 1474 2211; x_wconf 86' lang='lat' dir='ltr'>Deinde</span> <span class='ocrx_word' id='word_1_206' title='bbox 1516 2171 1646 2211; x_wconf 88' lang='lat' dir='ltr'>etiam</span> <span class='ocrx_word' id='word_1_207' title='bbox 1690 2171 1830 2212; x_wconf 84' lang='lat' dir='ltr'>multa</span> <span class='ocrx_word' id='word_1_208' title='bbox 1878 2166 1882 2197; x_wconf 58' lang='grc' dir='ltr'>ἶ</span> 
     </span>
    </p>
   </div>
   <div class='ocr_carea' id='block_1_9' title="bbox 370 2242 1881 2298">
    <p class='ocr_par' dir='ltr' id='par_1_11' title="bbox 370 2242 1882 2298">
     <span class='ocr_line' id='line_1_27' title="bbox 370 2242 1881 2298; baseline 0.001 -16"><span class='ocrx_word' id='word_1_209' title='bbox 370 2242 579 2283; x_wconf 86' lang='lat' dir='ltr'>adversus</span> <span class='ocrx_word' id='word_1_210' title='bbox 612 2243 913 2298; x_wconf 85' lang='lat' dir='ltr'>Evangelium</span> <span class='ocrx_word' id='word_1_211' title='bbox 947 2243 1127 2283; x_wconf 88' lang='lat' dir='ltr'>fuerunt</span> <span class='ocrx_word' id='word_1_212' title='bbox 1167 2243 1271 2282; x_wconf 89' lang='lat' dir='ltr'>olim</span> <span class='ocrx_word' id='word_1_213' title='bbox 1305 2243 1514 2297; x_wconf 83' lang='lat' dir='ltr'>permissa</span> <span class='ocrx_word' id='word_1_214' title='bbox 1551 2243 1606 2282; x_wconf 91' lang='lat' dir='ltr'>ob</span> <span class='ocrx_word' id='word_1_215' title='bbox 1638 2243 1828 2284; x_wconf 87' lang='lat' dir='ltr'>imbecil-</span> <span class='ocrx_word' id='word_1_216' title='bbox 1878 2254 1881 2295; x_wconf 75' lang='lat'><em>]</em></span> 
     </span>
    </p>
   </div>
   <div class='ocr_carea' id='block_1_10' title="bbox 367 2315 1825 2660">
    <p class='ocr_par' dir='ltr' id='par_1_12' title="bbox 367 2315 1825 2660">
     <span class='ocr_line' id='line_1_28' title="bbox 369 2315 1575 2364; baseline -0.002 -8"><span class='ocrx_word' id='word_1_217' title='bbox 369 2315 551 2364; x_wconf 80' lang='lat' dir='ltr'>litatem,</span> <span class='ocrx_word' id='word_1_218' title='bbox 574 2323 623 2356; x_wconf 94' lang='lat' dir='ltr'>ut</span> <span class='ocrx_word' id='word_1_219' title='bbox 646 2315 699 2356; x_wconf 90' lang='lat' dir='ltr'>de</span> <span class='ocrx_word' id='word_1_220' title='bbox 723 2315 1076 2363; x_wconf 87' lang='lat' dir='ltr'>Circumcisione,</span> <span class='ocrx_word' id='word_1_221' title='bbox 1099 2315 1320 2362; x_wconf 83' lang='lat' dir='ltr'>suffocato,</span> <span class='ocrx_word' id='word_1_222' title='bbox 1345 2322 1388 2355; x_wconf 91' lang='lat' dir='ltr'>et</span> <span class='ocrx_word' id='word_1_223' title='bbox 1409 2315 1575 2355; x_wconf 88' lang='lat' dir='ltr'>similia.</span> 
     </span>
     <span class='ocr_line' id='line_1_29' title="bbox 429 2387 1598 2444; baseline 0 -16"><span class='ocrx_word' id='word_1_224' title='bbox 429 2387 838 2444; x_wconf 83' lang='lat' dir='ltr'>Calvensis—-quod</span> <span class='ocrx_word' id='word_1_225' title='bbox 858 2403 941 2429; x_wconf 91' lang='lat' dir='ltr'>non</span> <span class='ocrx_word' id='word_1_226' title='bbox 963 2388 1208 2429; x_wconf 87' lang='lat' dir='ltr'>declaretur</span> <span class='ocrx_word' id='word_1_227' title='bbox 1229 2389 1281 2428; x_wconf 92' lang='lat' dir='ltr'>de</span> <span class='ocrx_word' id='word_1_228' title='bbox 1304 2389 1333 2429; x_wconf 85' lang='lat' dir='ltr'>J</span> <span class='ocrx_word' id='word_1_229' title='bbox 1338 2403 1415 2428; x_wconf 90' lang='lat' dir='ltr'>ure</span> <span class='ocrx_word' id='word_1_230' title='bbox 1438 2388 1598 2428; x_wconf 88' lang='lat' dir='ltr'>divino.</span> 
     </span>
     <span class='ocr_line' id='line_1_30' title="bbox 427 2459 1825 2516; baseline -0.001 -15"><span class='ocrx_word' id='word_1_231' title='bbox 427 2460 588 2501; x_wconf 87' lang='lat' dir='ltr'>Orator</span> <span class='ocrx_word' id='word_1_232' title='bbox 619 2461 756 2516; x_wconf 86' lang='lat' dir='ltr'>Regis</span> <span class='ocrx_word' id='word_1_233' title='bbox 789 2460 1248 2500; x_wconf 82' lang='lat' dir='ltr'>Poloniae—Profiteor</span> <span class='ocrx_word' id='word_1_234' title='bbox 1276 2475 1377 2500; x_wconf 88' lang='lat' dir='ltr'>sane</span> <span class='ocrx_word' id='word_1_235' title='bbox 1409 2459 1706 2500; x_wconf 86' lang='lat' dir='ltr'>Residentiam</span> <span class='ocrx_word' id='word_1_236' title='bbox 1734 2474 1825 2500; x_wconf 85' lang='lat' dir='ltr'>esse</span> 
     </span>
     <span class='ocr_line' id='line_1_31' title="bbox 368 2531 1823 2587; baseline -0.001 -13"><span class='ocrx_word' id='word_1_237' title='bbox 368 2534 399 2574; x_wconf 85' lang='lat' dir='ltr'>J</span> <span class='ocrx_word' id='word_1_238' title='bbox 406 2535 494 2574; x_wconf 91' lang='lat' dir='ltr'>uris</span> <span class='ocrx_word' id='word_1_239' title='bbox 515 2533 676 2573; x_wconf 87' lang='lat' dir='ltr'>divini:</span> <span class='ocrx_word' id='word_1_240' title='bbox 708 2547 793 2573; x_wconf 90' lang='lat' dir='ltr'>non</span> <span class='ocrx_word' id='word_1_241' title='bbox 815 2539 961 2574; x_wconf 89' lang='lat' dir='ltr'>tamen</span> <span class='ocrx_word' id='word_1_242' title='bbox 983 2533 1128 2587; x_wconf 87' lang='lat' dir='ltr'>placet</span> <span class='ocrx_word' id='word_1_243' title='bbox 1149 2539 1199 2573; x_wconf 91' lang='lat' dir='ltr'>ut</span> <span class='ocrx_word' id='word_1_244' title='bbox 1230 2547 1345 2572; x_wconf 90' lang='lat' dir='ltr'>nunc</span> <span class='ocrx_word' id='word_1_245' title='bbox 1366 2531 1610 2573; x_wconf 85' lang='lat' dir='ltr'>declaretur</span> <span class='ocrx_word' id='word_1_246' title='bbox 1626 2549 1637 2581; x_wconf 77' lang='lat'>3</span> <span class='ocrx_word' id='word_1_247' title='bbox 1671 2547 1823 2572; x_wconf 86' lang='lat' dir='ltr'>vereor</span> 
     </span>
     <span class='ocr_line' id='line_1_32' title="bbox 367 2604 1823 2660; baseline -0.001 -13"><span class='ocrx_word' id='word_1_248' title='bbox 367 2608 480 2648; x_wconf 91' lang='lat' dir='ltr'>enim</span> <span class='ocrx_word' id='word_1_249' title='bbox 504 2622 571 2655; x_wconf 91' lang='lat' dir='ltr'>ne,</span> <span class='ocrx_word' id='word_1_250' title='bbox 589 2607 701 2647; x_wconf 85' lang='lat' dir='ltr'>malo</span> <span class='ocrx_word' id='word_1_251' title='bbox 722 2612 867 2647; x_wconf 90' lang='lat' dir='ltr'>nostro</span> <span class='ocrx_word' id='word_1_252' title='bbox 881 2613 925 2647; x_wconf 90' lang='lat' dir='ltr'>et</span> <span class='ocrx_word' id='word_1_253' title='bbox 942 2605 1168 2652; x_wconf 75' lang='lat' dir='ltr'>Ecclesiae,</span> <span class='ocrx_word' id='word_1_254' title='bbox 1187 2605 1328 2646; x_wconf 89' lang='lat' dir='ltr'>multa</span> <span class='ocrx_word' id='word_1_255' title='bbox 1349 2605 1447 2646; x_wconf 92' lang='lat' dir='ltr'>hinc</span> <span class='ocrx_word' id='word_1_256' title='bbox 1463 2604 1530 2645; x_wconf 89' lang='lat' dir='ltr'>his</span> <span class='ocrx_word' id='word_1_257' title='bbox 1552 2605 1823 2660; x_wconf 88' lang='lat' dir='ltr'>temporibus</span> 
     </span>
    </p>
   </div>
   <div class='ocr_carea' id='block_1_11' title="bbox 366 2677 1875 2733">
    <p class='ocr_par' dir='ltr' id='par_1_13' title="bbox 366 2677 1875 2733">
     <span class='ocr_line' id='line_1_33' title="bbox 366 2677 1875 2733; baseline -0.002 -13"><span class='ocrx_word' id='word_1_258' title='bbox 366 2679 629 2720; x_wconf 88' lang='lat' dir='ltr'>detrimenta</span> <span class='ocrx_word' id='word_1_259' title='bbox 660 2685 914 2733; x_wconf 87' lang='lat' dir='ltr'>sequantur.</span> <span class='ocrx_word' id='word_1_260' title='bbox 979 2678 1134 2718; x_wconf 88' lang='lat' dir='ltr'>Dicam</span> <span class='ocrx_word' id='word_1_261' title='bbox 1157 2678 1271 2718; x_wconf 87' lang='lat' dir='ltr'>enim</span> <span class='ocrx_word' id='word_1_262' title='bbox 1300 2677 1417 2732; x_wconf 91' lang='lat' dir='ltr'>quod</span> <span class='ocrx_word' id='word_1_263' title='bbox 1436 2678 1480 2717; x_wconf 85' lang='lat' dir='ltr'>in</span> <span class='ocrx_word' id='word_1_264' title='bbox 1503 2677 1657 2731; x_wconf 84' lang='lat' dir='ltr'>Regno</span> <span class='ocrx_word' id='word_1_265' title='bbox 1678 2683 1821 2717; x_wconf 87' lang='lat' dir='ltr'>nostro</span> <span class='ocrx_word' id='word_1_266' title='bbox 1871 2686 1875 2702; x_wconf 76' lang='lat'><em>³</em></span> 
     </span>
    </p>
   </div>
   <div class='ocr_carea' id='block_1_12' title="bbox 366 2742 1874 2806">
    <p class='ocr_par' dir='ltr' id='par_1_14' title="bbox 366 2742 1874 2806">
     <span class='ocr_line' id='line_1_34' title="bbox 366 2742 1874 2806; baseline -0.003 -13"><span class='ocrx_word' id='word_1_267' title='bbox 366 2753 592 2801; x_wconf 79' lang='lat' dir='ltr'>acciderit3</span> <span class='ocrx_word' id='word_1_268' title='bbox 625 2767 723 2792; x_wconf 88' lang='lat' dir='ltr'>nam</span> <span class='ocrx_word' id='word_1_269' title='bbox 749 2766 802 2792; x_wconf 87' lang='lat' dir='ltr'>ex</span> <span class='ocrx_word' id='word_1_270' title='bbox 831 2766 917 2806; x_wconf 92' lang='lat' dir='ltr'>quo</span> <span class='ocrx_word' id='word_1_271' title='bbox 950 2750 1152 2806; x_wconf 82' lang='lat' dir='ltr'>Regnum</span> <span class='ocrx_word' id='word_1_272' title='bbox 1176 2757 1371 2791; x_wconf 91' lang='lat' dir='ltr'>nostrum</span> <span class='ocrx_word' id='word_1_273' title='bbox 1395 2748 1667 2790; x_wconf 88' lang='lat' dir='ltr'>Catholicam</span> <span class='ocrx_word' id='word_1_274' title='bbox 1690 2748 1817 2789; x_wconf 84' lang='lat' dir='ltr'>fidem</span> <span class='ocrx_word' id='word_1_275' title='bbox 1870 2742 1874 2794; x_wconf 53' lang='grc' dir='ltr'>’ς</span> 
     </span>
    </p>
   </div>
   <div class='ocr_carea' id='block_1_13' title="bbox 1000 2836 1201 2875">
    <p class='ocr_par' dir='ltr' id='par_1_15' title="bbox 1000 2836 1201 2875">
     <span class='ocr_line' id='line_1_35' title="bbox 1000 2836 1201 2875; baseline 0 -7"><span class='ocrx_word' id='word_1_276' title='bbox 1000 2836 1005 2853; x_wconf 90' lang='lat'>¹</span> <span class='ocrx_word' id='word_1_277' title='bbox 1030 2840 1114 2875; x_wconf 63' lang='lat' dir='ltr'>Esse,</span> <span class='ocrx_word' id='word_1_278' title='bbox 1133 2839 1201 2869; x_wconf 83' lang='lat' dir='ltr'>MS.</span> 
     </span>
    </p>
   </div>
  </div>
 </body>
</html>
