<?xml version="1.0" encoding="UTF-8"?>
<!DOCTYPE html PUBLIC "-//W3C//DTD XHTML 1.0 Transitional//EN"
    "http://www.w3.org/TR/xhtml1/DTD/xhtml1-transitional.dtd">
<html xmlns="http://www.w3.org/1999/xhtml" xml:lang="en" lang="en">
 <head>
  <title>
</title>
<meta http-equiv="Content-Type" content="text/html;charset=utf-8" />
  <meta name='ocr-system' content='tesseract 3.04.00' />
  <meta name='ocr-capabilities' content='ocr_page ocr_carea ocr_par ocr_line ocrx_word'/>
</head>
<body>
  <div class='ocr_page' id='page_1' title='image "actaconciliitrid00paleuoft_0881.png"; bbox 0 0 1905 3254; ppageno 0'>
   <div class='ocr_carea' id='block_1_1' title="bbox 724 292 1541 336">
    <p class='ocr_par' dir='ltr' id='par_1_1' title="bbox 724 292 1541 336">
     <span class='ocr_line' id='line_1_1' title="bbox 724 292 1541 336; baseline -0.006 -1"><span class='ocrx_word' id='word_1_1' title='bbox 724 306 829 336; x_wconf 79' lang='lat' dir='ltr'>SEss.</span> <span class='ocrx_word' id='word_1_2' title='bbox 854 307 913 336; x_wconf 69' lang='lat' dir='ltr'>lx,</span> <span class='ocrx_word' id='word_1_3' title='bbox 1457 292 1541 331; x_wconf 76' lang='lat'>643</span> 
     </span>
    </p>
   </div>
   <div class='ocr_carea' id='block_1_2' title="bbox 90 410 1545 2426">
    <p class='ocr_par' dir='ltr' id='par_1_2' title="bbox 90 410 1545 1470">
     <span class='ocr_line' id='line_1_2' title="bbox 93 410 1540 467; baseline 0.003 -17"><span class='ocrx_word' id='word_1_4' title='bbox 93 410 249 459; x_wconf 87' lang='lat' dir='ltr'>Sessio,</span> <span class='ocrx_word' id='word_1_5' title='bbox 273 426 385 466; x_wconf 88' lang='lat' dir='ltr'>quae,</span> <span class='ocrx_word' id='word_1_6' title='bbox 409 412 444 451; x_wconf 91' lang='lat' dir='ltr'>si</span> <span class='ocrx_word' id='word_1_7' title='bbox 466 412 548 452; x_wconf 91' lang='lat' dir='ltr'>erit</span> <span class='ocrx_word' id='word_1_8' title='bbox 569 411 738 459; x_wconf 86' lang='lat' dir='ltr'>ultima,</span> <span class='ocrx_word' id='word_1_9' title='bbox 773 411 1042 467; x_wconf 84' lang='lat' dir='ltr'>producetur</span> <span class='ocrx_word' id='word_1_10' title='bbox 1064 412 1176 453; x_wconf 85' lang='lat' dir='ltr'>forte</span> <span class='ocrx_word' id='word_1_11' title='bbox 1208 414 1339 454; x_wconf 89' lang='lat' dir='ltr'>etiam</span> <span class='ocrx_word' id='word_1_12' title='bbox 1363 414 1405 454; x_wconf 93' lang='lat' dir='ltr'>in</span> <span class='ocrx_word' id='word_1_13' title='bbox 1427 414 1540 455; x_wconf 91' lang='lat' dir='ltr'>diem</span> 
     </span>
     <span class='ocr_line' id='line_1_3' title="bbox 90 483 1542 539; baseline 0.003 -17"><span class='ocrx_word' id='word_1_14' title='bbox 90 490 356 537; x_wconf 82' lang='lat' dir='ltr'><strong>sequentem,</strong></span> <span class='ocrx_word' id='word_1_15' title='bbox 403 484 610 539; x_wconf 90' lang='lat' dir='ltr'>quoniam</span> <span class='ocrx_word' id='word_1_16' title='bbox 657 483 796 524; x_wconf 89' lang='lat' dir='ltr'>multa</span> <span class='ocrx_word' id='word_1_17' title='bbox 838 490 967 524; x_wconf 91' lang='lat' dir='ltr'>erunt</span> <span class='ocrx_word' id='word_1_18' title='bbox 1010 484 1197 539; x_wconf 84' lang='lat' dir='ltr'>legenda</span> <span class='ocrx_word' id='word_1_19' title='bbox 1246 485 1419 526; x_wconf 86' lang='lat' dir='ltr'>decreta</span> <span class='ocrx_word' id='word_1_20' title='bbox 1461 487 1542 526; x_wconf 87' lang='lat' dir='ltr'>sub</span> 
     </span>
     <span class='ocr_line' id='line_1_4' title="bbox 90 553 1541 610; baseline 0.003 -17"><span class='ocrx_word' id='word_1_21' title='bbox 90 553 231 594; x_wconf 90' lang='lat' dir='ltr'>Paulo</span> <span class='ocrx_word' id='word_1_22' title='bbox 255 555 358 604; x_wconf 92' lang='grc' dir='ltr'>ΙΙΙ.,</span> <span class='ocrx_word' id='word_1_23' title='bbox 387 562 430 597; x_wconf 89' lang='lat' dir='ltr'>et</span> <span class='ocrx_word' id='word_1_24' title='bbox 451 556 574 597; x_wconf 86' lang='lat' dir='ltr'>Julio</span> <span class='ocrx_word' id='word_1_25' title='bbox 596 555 685 596; x_wconf 92' lang='lat' dir='ltr'><strong>III.</strong></span> <span class='ocrx_word' id='word_1_26' title='bbox 734 556 828 596; x_wconf 83' lang='lat' dir='ltr'>Nos</span> <span class='ocrx_word' id='word_1_27' title='bbox 855 557 1029 610; x_wconf 90' lang='lat' dir='ltr'>quidem</span> <span class='ocrx_word' id='word_1_28' title='bbox 1063 564 1284 610; x_wconf 87' lang='lat' dir='ltr'>putamus,</span> <span class='ocrx_word' id='word_1_29' title='bbox 1315 558 1378 598; x_wconf 83' lang='lat' dir='ltr'>ita</span> <span class='ocrx_word' id='word_1_30' title='bbox 1397 573 1541 598; x_wconf 89' lang='lat' dir='ltr'>neces-</span> 
     </span>
     <span class='ocr_line' id='line_1_5' title="bbox 90 626 1542 683; baseline 0.003 -17"><span class='ocrx_word' id='word_1_31' title='bbox 90 627 252 668; x_wconf 90' lang='lat' dir='ltr'>sarium</span> <span class='ocrx_word' id='word_1_32' title='bbox 273 642 376 675; x_wconf 89' lang='lat' dir='ltr'>esse,</span> <span class='ocrx_word' id='word_1_33' title='bbox 404 635 454 668; x_wconf 91' lang='lat' dir='ltr'>ut</span> <span class='ocrx_word' id='word_1_34' title='bbox 473 629 569 668; x_wconf 90' lang='lat' dir='ltr'>finis</span> <span class='ocrx_word' id='word_1_35' title='bbox 589 626 691 667; x_wconf 91' lang='lat' dir='ltr'>huic</span> <span class='ocrx_word' id='word_1_36' title='bbox 714 627 910 668; x_wconf 84' lang='lat' dir='ltr'>Concilio</span> <span class='ocrx_word' id='word_1_37' title='bbox 942 642 1057 668; x_wconf 90' lang='lat' dir='ltr'>nunc</span> <span class='ocrx_word' id='word_1_38' title='bbox 1079 628 1341 683; x_wconf 79' lang='lat' dir='ltr'>imponatur,</span> <span class='ocrx_word' id='word_1_39' title='bbox 1365 636 1415 669; x_wconf 92' lang='lat' dir='ltr'>ut</span> <span class='ocrx_word' id='word_1_40' title='bbox 1435 630 1542 670; x_wconf 81' lang='lat' dir='ltr'>nihil</span> 
     </span>
     <span class='ocr_line' id='line_1_6' title="bbox 90 699 1543 756; baseline 0.003 -18"><span class='ocrx_word' id='word_1_41' title='bbox 90 700 234 755; x_wconf 87' lang='lat' dir='ltr'>magis</span> <span class='ocrx_word' id='word_1_42' title='bbox 247 716 258 749; x_wconf 82' lang='lat'>3</span> <span class='ocrx_word' id='word_1_43' title='bbox 292 715 393 740; x_wconf 90' lang='lat' dir='ltr'>nam</span> <span class='ocrx_word' id='word_1_44' title='bbox 415 701 450 740; x_wconf 91' lang='lat' dir='ltr'>si</span> <span class='ocrx_word' id='word_1_45' title='bbox 473 700 581 756; x_wconf 90' lang='lat' dir='ltr'>quid</span> <span class='ocrx_word' id='word_1_46' title='bbox 600 715 720 741; x_wconf 86' lang='lat' dir='ltr'>secus</span> <span class='ocrx_word' id='word_1_47' title='bbox 743 699 968 747; x_wconf 88' lang='lat' dir='ltr'>accideret,</span> <span class='ocrx_word' id='word_1_48' title='bbox 1002 701 1185 755; x_wconf 83' lang='lat' dir='ltr'>potestis</span> <span class='ocrx_word' id='word_1_49' title='bbox 1211 716 1289 755; x_wconf 89' lang='lat' dir='ltr'>pro</span> <span class='ocrx_word' id='word_1_50' title='bbox 1310 701 1543 755; x_wconf 88' lang='lat' dir='ltr'>prudentia</span> 
     </span>
     <span class='ocr_line' id='line_1_7' title="bbox 92 771 1541 827; baseline 0.002 -17"><span class='ocrx_word' id='word_1_51' title='bbox 92 777 236 811; x_wconf 89' lang='lat' dir='ltr'>vestra</span> <span class='ocrx_word' id='word_1_52' title='bbox 274 786 420 812; x_wconf 88' lang='lat' dir='ltr'>rerum</span> <span class='ocrx_word' id='word_1_53' title='bbox 461 773 627 813; x_wconf 84' lang='lat' dir='ltr'>exitum</span> <span class='ocrx_word' id='word_1_54' title='bbox 664 772 869 827; x_wconf 86' lang='lat' dir='ltr'>cogitare,</span> <span class='ocrx_word' id='word_1_55' title='bbox 913 778 955 812; x_wconf 85' lang='lat' dir='ltr'>et</span> <span class='ocrx_word' id='word_1_56' title='bbox 987 771 1108 826; x_wconf 87' lang='lat' dir='ltr'>quod</span> <span class='ocrx_word' id='word_1_57' title='bbox 1139 772 1274 812; x_wconf 85' lang='lat' dir='ltr'>vestri</span> <span class='ocrx_word' id='word_1_58' title='bbox 1306 787 1452 813; x_wconf 87' lang='lat' dir='ltr'>omnes</span> <span class='ocrx_word' id='word_1_59' title='bbox 1482 773 1541 813; x_wconf 88' lang='lat' dir='ltr'>la-</span> 
     </span>
     <span class='ocr_line' id='line_1_8' title="bbox 91 843 1545 900; baseline 0.001 -16"><span class='ocrx_word' id='word_1_60' title='bbox 91 843 217 884; x_wconf 88' lang='lat' dir='ltr'>bores</span> <span class='ocrx_word' id='word_1_61' title='bbox 236 843 447 885; x_wconf 89' lang='lat' dir='ltr'>hactenus</span> <span class='ocrx_word' id='word_1_62' title='bbox 475 845 665 900; x_wconf 89' lang='lat' dir='ltr'>suscepti</span> <span class='ocrx_word' id='word_1_63' title='bbox 688 845 800 885; x_wconf 88' lang='lat' dir='ltr'>irriti</span> <span class='ocrx_word' id='word_1_64' title='bbox 821 844 1135 893; x_wconf 87' lang='lat' dir='ltr'>redderentur;</span> <span class='ocrx_word' id='word_1_65' title='bbox 1166 850 1258 884; x_wconf 91' lang='lat' dir='ltr'>tum</span> <span class='ocrx_word' id='word_1_66' title='bbox 1282 845 1410 885; x_wconf 89' lang='lat' dir='ltr'>etiam</span> <span class='ocrx_word' id='word_1_67' title='bbox 1439 846 1545 899; x_wconf 88' lang='lat' dir='ltr'>quia</span> 
     </span>
     <span class='ocr_line' id='line_1_9' title="bbox 91 916 1545 972; baseline 0.001 -16"><span class='ocrx_word' id='word_1_68' title='bbox 91 916 264 971; x_wconf 83' lang='lat' dir='ltr'>cogitur</span> <span class='ocrx_word' id='word_1_69' title='bbox 297 917 466 958; x_wconf 89' lang='lat' dir='ltr'>Gallica</span> <span class='ocrx_word' id='word_1_70' title='bbox 497 918 615 958; x_wconf 87' lang='lat' dir='ltr'>natio</span> <span class='ocrx_word' id='word_1_71' title='bbox 651 917 783 965; x_wconf 87' lang='lat' dir='ltr'>abire,</span> <span class='ocrx_word' id='word_1_72' title='bbox 821 924 864 957; x_wconf 90' lang='lat' dir='ltr'>et</span> <span class='ocrx_word' id='word_1_73' title='bbox 897 918 940 957; x_wconf 89' lang='lat' dir='ltr'>in</span> <span class='ocrx_word' id='word_1_74' title='bbox 969 916 1151 957; x_wconf 89' lang='lat' dir='ltr'>comitiis</span> <span class='ocrx_word' id='word_1_75' title='bbox 1172 931 1321 957; x_wconf 88' lang='lat' dir='ltr'>eorum</span> <span class='ocrx_word' id='word_1_76' title='bbox 1355 917 1545 972; x_wconf 89' lang='lat' dir='ltr'>publicis</span> 
     </span>
     <span class='ocr_line' id='line_1_10' title="bbox 90 989 1542 1045; baseline 0.001 -17"><span class='ocrx_word' id='word_1_77' title='bbox 90 995 307 1030; x_wconf 86' lang='lat' dir='ltr'>statutum</span> <span class='ocrx_word' id='word_1_78' title='bbox 330 997 408 1036; x_wconf 87' lang='lat' dir='ltr'>est,</span> <span class='ocrx_word' id='word_1_79' title='bbox 432 997 481 1031; x_wconf 87' lang='lat' dir='ltr'>ut</span> <span class='ocrx_word' id='word_1_80' title='bbox 514 991 594 1030; x_wconf 90' lang='lat' dir='ltr'>nisi</span> <span class='ocrx_word' id='word_1_81' title='bbox 617 989 863 1030; x_wconf 79' lang='lat' dir='ltr'>Concilium</span> <span class='ocrx_word' id='word_1_82' title='bbox 887 990 1080 1038; x_wconf 82' lang='lat' dir='ltr'>finiatur,</span> <span class='ocrx_word' id='word_1_83' title='bbox 1110 989 1300 1031; x_wconf 79' lang='lat' dir='ltr'><strong>habeant</strong></span> <span class='ocrx_word' id='word_1_84' title='bbox 1320 990 1404 1045; x_wconf 85' lang='lat' dir='ltr'>ipsi</span> <span class='ocrx_word' id='word_1_85' title='bbox 1426 989 1542 1030; x_wconf 91' lang='lat' dir='ltr'>Con-</span> 
     </span>
     <span class='ocr_line' id='line_1_11' title="bbox 90 1062 1541 1118; baseline 0.001 -16"><span class='ocrx_word' id='word_1_86' title='bbox 90 1062 240 1103; x_wconf 86' lang='lat' dir='ltr'>cilium</span> <span class='ocrx_word' id='word_1_87' title='bbox 275 1063 509 1104; x_wconf 82' lang='lat' dir='ltr'>nationale.</span> <span class='ocrx_word' id='word_1_88' title='bbox 572 1063 745 1104; x_wconf 84' lang='lat' dir='ltr'>Videtis</span> <span class='ocrx_word' id='word_1_89' title='bbox 781 1070 1008 1118; x_wconf 66' lang='lat' dir='ltr'>praeterea,</span> <span class='ocrx_word' id='word_1_90' title='bbox 1033 1070 1199 1118; x_wconf 85' lang='lat' dir='ltr'>quanta</span> <span class='ocrx_word' id='word_1_91' title='bbox 1231 1063 1347 1104; x_wconf 88' lang='lat' dir='ltr'>mala</span> <span class='ocrx_word' id='word_1_92' title='bbox 1377 1063 1541 1118; x_wconf 88' lang='lat' dir='ltr'>impen-</span> 
     </span>
     <span class='ocr_line' id='line_1_12' title="bbox 92 1134 1544 1190; baseline -0.001 -14"><span class='ocrx_word' id='word_1_93' title='bbox 92 1134 224 1176; x_wconf 84' lang='lat' dir='ltr'><strong>deant</strong></span> <span class='ocrx_word' id='word_1_94' title='bbox 256 1150 309 1177; x_wconf 88' lang='lat' dir='ltr'>ex</span> <span class='ocrx_word' id='word_1_95' title='bbox 341 1137 464 1177; x_wconf 89' lang='lat' dir='ltr'>obitu</span> <span class='ocrx_word' id='word_1_96' title='bbox 501 1136 571 1176; x_wconf 80' lang='lat' dir='ltr'>S¹¹¹¹i</span> <span class='ocrx_word' id='word_1_97' title='bbox 602 1135 660 1175; x_wconf 91' lang='lat' dir='ltr'>D.</span> <span class='ocrx_word' id='word_1_98' title='bbox 695 1136 769 1183; x_wconf 93' lang='lat' dir='ltr'>N.,</span> <span class='ocrx_word' id='word_1_99' title='bbox 805 1150 884 1190; x_wconf 90' lang='lat' dir='ltr'>pro</span> <span class='ocrx_word' id='word_1_100' title='bbox 918 1139 1044 1190; x_wconf 85' lang='lat' dir='ltr'>eujus</span> <span class='ocrx_word' id='word_1_101' title='bbox 1065 1135 1208 1176; x_wconf 86' lang='lat' dir='ltr'>salute</span> <span class='ocrx_word' id='word_1_102' title='bbox 1244 1135 1455 1190; x_wconf 69' lang='lat' dir='ltr'>cupimus,</span> <span class='ocrx_word' id='word_1_103' title='bbox 1495 1142 1544 1175; x_wconf 90' lang='lat' dir='ltr'>ut</span> 
     </span>
     <span class='ocr_line' id='line_1_13' title="bbox 91 1207 1545 1262; baseline 0 -15"><span class='ocrx_word' id='word_1_104' title='bbox 91 1221 241 1262; x_wconf 88' lang='lat' dir='ltr'><strong>preces</strong></span> <span class='ocrx_word' id='word_1_105' title='bbox 291 1207 346 1248; x_wconf 90' lang='lat' dir='ltr'>ad</span> <span class='ocrx_word' id='word_1_106' title='bbox 391 1207 540 1249; x_wconf 91' lang='lat' dir='ltr'>Deum</span> <span class='ocrx_word' id='word_1_107' title='bbox 581 1207 778 1248; x_wconf 88' lang='lat' dir='ltr'>assiduas</span> <span class='ocrx_word' id='word_1_108' title='bbox 827 1207 1039 1254; x_wconf 83' lang='lat' dir='ltr'>habeatis,</span> <span class='ocrx_word' id='word_1_109' title='bbox 1083 1214 1125 1248; x_wconf 88' lang='lat' dir='ltr'>et</span> <span class='ocrx_word' id='word_1_110' title='bbox 1167 1207 1292 1248; x_wconf 88' lang='lat' dir='ltr'>Deus</span> <span class='ocrx_word' id='word_1_111' title='bbox 1341 1207 1545 1248; x_wconf 88' lang='lat' dir='ltr'>infundat</span> 
     </span>
     <span class='ocr_line' id='line_1_14' title="bbox 92 1278 1543 1334; baseline 0.001 -16"><span class='ocrx_word' id='word_1_112' title='bbox 92 1279 305 1333; x_wconf 88' lang='lat' dir='ltr'>Spiritum</span> <span class='ocrx_word' id='word_1_113' title='bbox 326 1294 457 1320; x_wconf 91' lang='lat' dir='ltr'>suum</span> <span class='ocrx_word' id='word_1_114' title='bbox 479 1280 679 1320; x_wconf 88' lang='lat' dir='ltr'>omnibus</span> <span class='ocrx_word' id='word_1_115' title='bbox 700 1280 744 1320; x_wconf 89' lang='lat' dir='ltr'>in</span> <span class='ocrx_word' id='word_1_116' title='bbox 774 1294 821 1321; x_wconf 88' lang='lat' dir='ltr'>re</span> <span class='ocrx_word' id='word_1_117' title='bbox 842 1287 932 1321; x_wconf 89' lang='lat' dir='ltr'>tam</span> <span class='ocrx_word' id='word_1_118' title='bbox 953 1279 1098 1320; x_wconf 89' lang='lat' dir='ltr'>ardua.</span> <span class='ocrx_word' id='word_1_119' title='bbox 1162 1279 1321 1334; x_wconf 87' lang='lat' dir='ltr'>Itaque</span> <span class='ocrx_word' id='word_1_120' title='bbox 1342 1278 1411 1320; x_wconf 92' lang='lat' dir='ltr'>die</span> <span class='ocrx_word' id='word_1_121' title='bbox 1434 1294 1543 1320; x_wconf 85' lang='lat' dir='ltr'>cras-</span> 
     </span>
     <span class='ocr_line' id='line_1_15' title="bbox 92 1351 1544 1398; baseline 0.001 -6"><span class='ocrx_word' id='word_1_122' title='bbox 92 1352 185 1393; x_wconf 87' lang='lat' dir='ltr'>tina</span> <span class='ocrx_word' id='word_1_123' title='bbox 207 1353 241 1392; x_wconf 90' lang='lat' dir='ltr'>si</span> <span class='ocrx_word' id='word_1_124' title='bbox 262 1351 500 1393; x_wconf 83' lang='lat' dir='ltr'><strong>habebitur</strong></span> <span class='ocrx_word' id='word_1_125' title='bbox 532 1353 688 1398; x_wconf 86' lang='lat' dir='ltr'>Sessio,</span> <span class='ocrx_word' id='word_1_126' title='bbox 720 1352 1062 1393; x_wconf 87' lang='lat' dir='ltr'>deliberabimus</span> <span class='ocrx_word' id='word_1_127' title='bbox 1091 1352 1222 1392; x_wconf 84' lang='lat' dir='ltr'>ctiam</span> <span class='ocrx_word' id='word_1_128' title='bbox 1246 1351 1290 1391; x_wconf 88' lang='lat' dir='ltr'>in</span> <span class='ocrx_word' id='word_1_129' title='bbox 1317 1354 1365 1392; x_wconf 74' lang='lat' dir='ltr'>ea</span> <span class='ocrx_word' id='word_1_130' title='bbox 1387 1351 1440 1392; x_wconf 90' lang='lat' dir='ltr'>de</span> <span class='ocrx_word' id='word_1_131' title='bbox 1460 1352 1544 1393; x_wconf 87' lang='lat' dir='ltr'>fine</span> 
     </span>
     <span class='ocr_line' id='line_1_16' title="bbox 98 1424 611 1470; baseline -0.004 -5"><span class='ocrx_word' id='word_1_132' title='bbox 98 1424 298 1470; x_wconf 88' lang='lat' dir='ltr'>Concilii,</span> <span class='ocrx_word' id='word_1_133' title='bbox 320 1425 355 1465; x_wconf 90' lang='lat' dir='ltr'>si</span> <span class='ocrx_word' id='word_1_134' title='bbox 376 1425 611 1466; x_wconf 86' lang='lat' dir='ltr'>videbitur.</span> 
     </span>
    </p>

    <p class='ocr_par' dir='ltr' id='par_1_3' title="bbox 148 1497 1170 1553">
     <span class='ocr_line' id='line_1_17' title="bbox 148 1497 1170 1553; baseline -0.001 -15"><span class='ocrx_word' id='word_1_135' title='bbox 148 1497 315 1538; x_wconf 88' lang='lat' dir='ltr'>Omnes</span> <span class='ocrx_word' id='word_1_136' title='bbox 336 1498 545 1539; x_wconf 82' lang='lat' dir='ltr'>dixerunt</span> <span class='ocrx_word' id='word_1_137' title='bbox 566 1498 685 1553; x_wconf 92' lang='lat' dir='ltr'>quod</span> <span class='ocrx_word' id='word_1_138' title='bbox 707 1498 863 1553; x_wconf 90' lang='lat' dir='ltr'>placet,</span> <span class='ocrx_word' id='word_1_139' title='bbox 887 1499 1081 1553; x_wconf 86' lang='lat' dir='ltr'>exceptis</span> <span class='ocrx_word' id='word_1_140' title='bbox 1107 1499 1170 1538; x_wconf 83' lang='lat'>14.</span> 
     </span>
    </p>

    <p class='ocr_par' dir='ltr' id='par_1_4' title="bbox 91 1568 1545 2426">
     <span class='ocr_line' id='line_1_18' title="bbox 148 1568 1544 1625; baseline 0 -15"><span class='ocrx_word' id='word_1_141' title='bbox 148 1569 296 1611; x_wconf 66' lang='lat' dir='ltr'>Finita</span> <span class='ocrx_word' id='word_1_142' title='bbox 318 1569 685 1625; x_wconf 83' lang='lat' dir='ltr'>Congregatione,</span> <span class='ocrx_word' id='word_1_143' title='bbox 720 1570 1095 1610; x_wconf 85' lang='lat' dir='ltr'>accommodantur</span> <span class='ocrx_word' id='word_1_144' title='bbox 1116 1583 1258 1624; x_wconf 87' lang='lat' dir='ltr'>pauca</span> <span class='ocrx_word' id='word_1_145' title='bbox 1278 1568 1477 1623; x_wconf 85' lang='lat' dir='ltr'>quaedam</span> <span class='ocrx_word' id='word_1_146' title='bbox 1500 1571 1544 1610; x_wconf 92' lang='lat' dir='ltr'>in</span> 
     </span>
     <span class='ocr_line' id='line_1_19' title="bbox 92 1640 1545 1696; baseline 0 -14"><span class='ocrx_word' id='word_1_147' title='bbox 92 1641 273 1683; x_wconf 85' lang='lat' dir='ltr'>decretis</span> <span class='ocrx_word' id='word_1_148' title='bbox 290 1645 381 1696; x_wconf 86' lang='lat' dir='ltr'>jam</span> <span class='ocrx_word' id='word_1_149' title='bbox 403 1641 551 1691; x_wconf 90' lang='lat' dir='ltr'>lectis;</span> <span class='ocrx_word' id='word_1_150' title='bbox 574 1648 616 1681; x_wconf 91' lang='lat' dir='ltr'>et</span> <span class='ocrx_word' id='word_1_151' title='bbox 632 1642 747 1682; x_wconf 89' lang='lat' dir='ltr'>inter</span> <span class='ocrx_word' id='word_1_152' title='bbox 768 1649 927 1682; x_wconf 83' lang='lat' dir='ltr'>caetera</span> <span class='ocrx_word' id='word_1_153' title='bbox 948 1641 1172 1682; x_wconf 86' lang='lat' dir='ltr'>decretum</span> <span class='ocrx_word' id='word_1_154' title='bbox 1194 1640 1247 1681; x_wconf 91' lang='lat' dir='ltr'>de</span> <span class='ocrx_word' id='word_1_155' title='bbox 1269 1641 1545 1696; x_wconf 87' lang='lat' dir='ltr'>exemptione</span> 
     </span>
     <span class='ocr_line' id='line_1_20' title="bbox 91 1713 1542 1761; baseline -0.001 -6"><span class='ocrx_word' id='word_1_156' title='bbox 91 1714 405 1755; x_wconf 89' lang='lat' dir='ltr'>Canonicorum</span> <span class='ocrx_word' id='word_1_157' title='bbox 427 1713 513 1754; x_wconf 88' lang='lat' dir='ltr'>fuit</span> <span class='ocrx_word' id='word_1_158' title='bbox 533 1713 594 1754; x_wconf 91' lang='lat' dir='ltr'>ita</span> <span class='ocrx_word' id='word_1_159' title='bbox 615 1714 835 1755; x_wconf 84' lang='lat' dir='ltr'>firmatum</span> <span class='ocrx_word' id='word_1_160' title='bbox 853 1729 905 1755; x_wconf 90' lang='lat' dir='ltr'>ex</span> <span class='ocrx_word' id='word_1_161' title='bbox 924 1714 1140 1755; x_wconf 91' lang='lat' dir='ltr'>communi</span> <span class='ocrx_word' id='word_1_162' title='bbox 1161 1729 1381 1761; x_wconf 89' lang='lat' dir='ltr'>consensu,</span> <span class='ocrx_word' id='word_1_163' title='bbox 1403 1729 1542 1755; x_wconf 89' lang='lat' dir='ltr'>coram</span> 
     </span>
     <span class='ocr_line' id='line_1_21' title="bbox 93 1787 1544 1835; baseline -0.001 -7"><span class='ocrx_word' id='word_1_164' title='bbox 93 1787 312 1828; x_wconf 86' lang='lat' dir='ltr'>Cardinali</span> <span class='ocrx_word' id='word_1_165' title='bbox 328 1788 584 1835; x_wconf 85' lang='lat' dir='ltr'>Simonetta,</span> <span class='ocrx_word' id='word_1_166' title='bbox 604 1787 663 1828; x_wconf 90' lang='lat' dir='ltr'>D.</span> <span class='ocrx_word' id='word_1_167' title='bbox 682 1787 721 1828; x_wconf 93' lang='lat' dir='ltr'>V</span> <span class='ocrx_word' id='word_1_168' title='bbox 725 1787 868 1834; x_wconf 84' lang='lat' dir='ltr'>erallo,</span> <span class='ocrx_word' id='word_1_169' title='bbox 886 1787 1160 1834; x_wconf 82' lang='lat' dir='ltr'>Rossanensi,</span> <span class='ocrx_word' id='word_1_170' title='bbox 1182 1787 1409 1834; x_wconf 86' lang='lat' dir='ltr'>Ilerdensi,</span> <span class='ocrx_word' id='word_1_171' title='bbox 1428 1787 1544 1827; x_wconf 88' lang='lat' dir='ltr'>Civi-</span> 
     </span>
     <span class='ocr_line' id='line_1_22' title="bbox 94 1860 1545 1915; baseline -0.002 -13"><span class='ocrx_word' id='word_1_172' title='bbox 94 1861 264 1908; x_wconf 87' lang='lat' dir='ltr'>tatensi,</span> <span class='ocrx_word' id='word_1_173' title='bbox 288 1861 606 1908; x_wconf 79' lang='lat' dir='ltr'>Neocastrensi‚</span> <span class='ocrx_word' id='word_1_174' title='bbox 633 1860 841 1901; x_wconf 81' lang='lat' dir='ltr'>Civitatis</span> <span class='ocrx_word' id='word_1_175' title='bbox 865 1860 1064 1908; x_wconf 85' lang='lat' dir='ltr'>Castelli,</span> <span class='ocrx_word' id='word_1_176' title='bbox 1079 1860 1321 1910; x_wconf 84' lang='lat' dir='ltr'>Auditore3</span> <span class='ocrx_word' id='word_1_177' title='bbox 1345 1860 1545 1915; x_wconf 83' lang='lat' dir='ltr'>quamvis</span> 
     </span>
     <span class='ocr_line' id='line_1_23' title="bbox 95 1931 1543 1989; baseline -0.002 -14"><span class='ocrx_word' id='word_1_178' title='bbox 95 1949 163 1975; x_wconf 87' lang='lat' dir='ltr'>res</span> <span class='ocrx_word' id='word_1_179' title='bbox 183 1948 268 1974; x_wconf 91' lang='lat' dir='ltr'>non</span> <span class='ocrx_word' id='word_1_180' title='bbox 291 1933 480 1975; x_wconf 85' lang='lat' dir='ltr'>caruerit</span> <span class='ocrx_word' id='word_1_181' title='bbox 495 1948 655 1989; x_wconf 86' lang='lat' dir='ltr'>magna</span> <span class='ocrx_word' id='word_1_182' title='bbox 676 1933 948 1981; x_wconf 87' lang='lat' dir='ltr'>difficultate,</span> <span class='ocrx_word' id='word_1_183' title='bbox 976 1934 1038 1973; x_wconf 89' lang='lat' dir='ltr'>ita</span> <span class='ocrx_word' id='word_1_184' title='bbox 1061 1939 1111 1973; x_wconf 83' lang='lat' dir='ltr'>ut</span> <span class='ocrx_word' id='word_1_185' title='bbox 1131 1931 1350 1973; x_wconf 87' lang='lat' dir='ltr'>interdum</span> <span class='ocrx_word' id='word_1_186' title='bbox 1373 1932 1426 1972; x_wconf 86' lang='lat' dir='ltr'>de</span> <span class='ocrx_word' id='word_1_187' title='bbox 1449 1946 1543 1972; x_wconf 90' lang='lat' dir='ltr'>con-</span> 
     </span>
     <span class='ocr_line' id='line_1_24' title="bbox 94 2004 1545 2062; baseline -0.002 -15"><span class='ocrx_word' id='word_1_188' title='bbox 94 2006 240 2047; x_wconf 86' lang='lat' dir='ltr'>cordia</span> <span class='ocrx_word' id='word_1_189' title='bbox 261 2006 345 2047; x_wconf 92' lang='lat' dir='ltr'>fuit</span> <span class='ocrx_word' id='word_1_190' title='bbox 377 2006 685 2062; x_wconf 86' lang='lat' dir='ltr'>desperatum:</span> <span class='ocrx_word' id='word_1_191' title='bbox 721 2020 859 2061; x_wconf 91' lang='lat' dir='ltr'>usque</span> <span class='ocrx_word' id='word_1_192' title='bbox 889 2005 942 2046; x_wconf 89' lang='lat' dir='ltr'>ad</span> <span class='ocrx_word' id='word_1_193' title='bbox 964 2005 1113 2045; x_wconf 86' lang='lat' dir='ltr'>horam</span> <span class='ocrx_word' id='word_1_194' title='bbox 1144 2005 1373 2060; x_wconf 85' lang='lat' dir='ltr'>septimam</span> <span class='ocrx_word' id='word_1_195' title='bbox 1410 2004 1545 2045; x_wconf 88' lang='lat' dir='ltr'>noctis</span> 
     </span>
     <span class='ocr_line' id='line_1_25' title="bbox 93 2076 1544 2133; baseline -0.003 -13"><span class='ocrx_word' id='word_1_196' title='bbox 93 2079 186 2120; x_wconf 88' lang='lat' dir='ltr'>haec</span> <span class='ocrx_word' id='word_1_197' title='bbox 216 2080 418 2120; x_wconf 87' lang='lat' dir='ltr'>tractatio</span> <span class='ocrx_word' id='word_1_198' title='bbox 438 2079 523 2120; x_wconf 86' lang='lat' dir='ltr'>fuit</span> <span class='ocrx_word' id='word_1_199' title='bbox 554 2086 786 2133; x_wconf 86' lang='lat' dir='ltr'>protracta.</span> <span class='ocrx_word' id='word_1_200' title='bbox 850 2077 1022 2119; x_wconf 86' lang='lat' dir='ltr'>Accidit</span> <span class='ocrx_word' id='word_1_201' title='bbox 1055 2092 1157 2118; x_wconf 83' lang='lat' dir='ltr'>vero</span> <span class='ocrx_word' id='word_1_202' title='bbox 1193 2077 1362 2117; x_wconf 87' lang='lat' dir='ltr'>circiter</span> <span class='ocrx_word' id='word_1_203' title='bbox 1392 2076 1544 2117; x_wconf 91' lang='lat' dir='ltr'>horam</span> 
     </span>
     <span class='ocr_line' id='line_1_26' title="bbox 96 2149 1543 2207; baseline -0.002 -15"><span class='ocrx_word' id='word_1_204' title='bbox 96 2152 295 2207; x_wconf 89' lang='lat' dir='ltr'>quintam</span> <span class='ocrx_word' id='word_1_205' title='bbox 327 2153 371 2192; x_wconf 91' lang='lat' dir='ltr'>in</span> <span class='ocrx_word' id='word_1_206' title='bbox 404 2151 547 2193; x_wconf 86' lang='lat' dir='ltr'>media</span> <span class='ocrx_word' id='word_1_207' title='bbox 581 2151 896 2206; x_wconf 86' lang='lat' dir='ltr'>disceptatione</span> <span class='ocrx_word' id='word_1_208' title='bbox 928 2150 1060 2205; x_wconf 88' lang='lat' dir='ltr'>hujus</span> <span class='ocrx_word' id='word_1_209' title='bbox 1095 2149 1270 2196; x_wconf 88' lang='lat' dir='ltr'>decreti,</span> <span class='ocrx_word' id='word_1_210' title='bbox 1303 2156 1354 2190; x_wconf 93' lang='lat' dir='ltr'>ut</span> <span class='ocrx_word' id='word_1_211' title='bbox 1389 2163 1543 2205; x_wconf 88' lang='lat' dir='ltr'>super-</span> 
     </span>
     <span class='ocr_line' id='line_1_27' title="bbox 96 2223 1544 2272; baseline -0.002 -6"><span class='ocrx_word' id='word_1_212' title='bbox 96 2226 295 2266; x_wconf 87' lang='lat' dir='ltr'>venerint</span> <span class='ocrx_word' id='word_1_213' title='bbox 330 2225 466 2266; x_wconf 85' lang='lat' dir='ltr'>literae</span> <span class='ocrx_word' id='word_1_214' title='bbox 492 2240 545 2266; x_wconf 90' lang='lat' dir='ltr'>ex</span> <span class='ocrx_word' id='word_1_215' title='bbox 567 2225 707 2272; x_wconf 84' lang='lat' dir='ltr'>Urbe,</span> <span class='ocrx_word' id='word_1_216' title='bbox 732 2224 960 2265; x_wconf 88' lang='lat' dir='ltr'>afferentes</span> <span class='ocrx_word' id='word_1_217' title='bbox 994 2223 1147 2264; x_wconf 86' lang='lat' dir='ltr'>laetum</span> <span class='ocrx_word' id='word_1_218' title='bbox 1181 2223 1390 2263; x_wconf 90' lang='lat' dir='ltr'>nuncium</span> <span class='ocrx_word' id='word_1_219' title='bbox 1418 2223 1544 2263; x_wconf 86' lang='lat' dir='ltr'>bonae</span> 
     </span>
     <span class='ocr_line' id='line_1_28' title="bbox 93 2295 1545 2352; baseline -0.003 -13"><span class='ocrx_word' id='word_1_220' title='bbox 93 2298 357 2340; x_wconf 85' lang='lat' dir='ltr'>valetudinis</span> <span class='ocrx_word' id='word_1_221' title='bbox 380 2298 452 2338; x_wconf 84' lang='lat' dir='ltr'>S¹¹¹i</span> <span class='ocrx_word' id='word_1_222' title='bbox 483 2297 553 2338; x_wconf 85' lang='lat' dir='ltr'>Nri</span> <span class='ocrx_word' id='word_1_223' title='bbox 568 2330 579 2346; x_wconf 93' lang='lat'><em>,</em></span> <span class='ocrx_word' id='word_1_224' title='bbox 611 2312 699 2352; x_wconf 90' lang='lat' dir='ltr'>qua</span> <span class='ocrx_word' id='word_1_225' title='bbox 720 2311 765 2337; x_wconf 90' lang='lat' dir='ltr'>re</span> <span class='ocrx_word' id='word_1_226' title='bbox 788 2311 935 2337; x_wconf 89' lang='lat' dir='ltr'>omnes</span> <span class='ocrx_word' id='word_1_227' title='bbox 965 2295 1140 2336; x_wconf 88' lang='lat' dir='ltr'>mirifice</span> <span class='ocrx_word' id='word_1_228' title='bbox 1162 2295 1345 2336; x_wconf 88' lang='lat' dir='ltr'>recreati</span> <span class='ocrx_word' id='word_1_229' title='bbox 1365 2296 1545 2350; x_wconf 80' lang='lat' dir='ltr'>majores</span> 
     </span>
     <span class='ocr_line' id='line_1_29' title="bbox 94 2366 1303 2426; baseline -0.005 -14"><span class='ocrx_word' id='word_1_230' title='bbox 94 2371 226 2412; x_wconf 87' lang='lat' dir='ltr'>etiam</span> <span class='ocrx_word' id='word_1_231' title='bbox 249 2376 531 2426; x_wconf 89' lang='lat' dir='ltr'>sumpserunt</span> <span class='ocrx_word' id='word_1_232' title='bbox 553 2370 718 2410; x_wconf 88' lang='lat' dir='ltr'>animos</span> <span class='ocrx_word' id='word_1_233' title='bbox 739 2369 793 2409; x_wconf 90' lang='lat' dir='ltr'>ad</span> <span class='ocrx_word' id='word_1_234' title='bbox 814 2375 971 2409; x_wconf 83' lang='lat' dir='ltr'>caetera</span> <span class='ocrx_word' id='word_1_235' title='bbox 991 2366 1303 2423; x_wconf 75' lang='lat' dir='ltr'>prosequenda.</span> 
     </span>
    </p>
   </div>
   <div class='ocr_carea' id='block_1_3' title="bbox 379 2472 1262 2528">
    <p class='ocr_par' dir='ltr' id='par_1_5' title="bbox 379 2472 1262 2528">
     <span class='ocr_line' id='line_1_30' title="bbox 379 2472 1262 2528; baseline -0.006 -6"><span class='ocrx_word' id='word_1_236' title='bbox 379 2475 469 2522; x_wconf 91' lang='lat' dir='ltr'>Die</span> <span class='ocrx_word' id='word_1_237' title='bbox 495 2479 543 2522; x_wconf 73' lang='lat' dir='ltr'>3a</span> <span class='ocrx_word' id='word_1_238' title='bbox 569 2475 847 2522; x_wconf 87' lang='lat' dir='ltr'>Decembris</span> <span class='ocrx_word' id='word_1_239' title='bbox 878 2475 1017 2528; x_wconf 87' lang='grc'><strong>1563,</strong></span> <span class='ocrx_word' id='word_1_240' title='bbox 1045 2472 1160 2519; x_wconf 86' lang='lat' dir='ltr'>hora</span> <span class='ocrx_word' id='word_1_241' title='bbox 1193 2475 1262 2518; x_wconf 84' lang='lat'>15.</span> 
     </span>
    </p>
   </div>
   <div class='ocr_carea' id='block_1_4' title="bbox 89 2576 1548 2778">
    <p class='ocr_par' dir='ltr' id='par_1_6' title="bbox 89 2576 1548 2778">
     <span class='ocr_line' id='line_1_31' title="bbox 151 2576 1548 2631; baseline -0.004 -11"><span class='ocrx_word' id='word_1_242' title='bbox 151 2579 326 2620; x_wconf 84' lang='lat' dir='ltr'>Habita</span> <span class='ocrx_word' id='word_1_243' title='bbox 365 2579 452 2620; x_wconf 84' lang='lat' dir='ltr'>fuit</span> <span class='ocrx_word' id='word_1_244' title='bbox 493 2579 648 2627; x_wconf 86' lang='lat' dir='ltr'>Sessio,</span> <span class='ocrx_word' id='word_1_245' title='bbox 687 2578 947 2631; x_wconf 82' lang='lat' dir='ltr'>decretaque</span> <span class='ocrx_word' id='word_1_246' title='bbox 988 2576 1286 2631; x_wconf 85' lang='lat' dir='ltr'>suprascripta</span> <span class='ocrx_word' id='word_1_247' title='bbox 1320 2576 1548 2630; x_wconf 87' lang='lat' dir='ltr'>publicata</span> 
     </span>
     <span class='ocr_line' id='line_1_32' title="bbox 89 2648 1545 2707; baseline -0.003 -16"><span class='ocrx_word' id='word_1_248' title='bbox 89 2666 248 2707; x_wconf 86' lang='lat' dir='ltr'>magno</span> <span class='ocrx_word' id='word_1_249' title='bbox 283 2652 476 2692; x_wconf 90' lang='lat' dir='ltr'>omnium</span> <span class='ocrx_word' id='word_1_250' title='bbox 513 2665 749 2698; x_wconf 82' lang='lat' dir='ltr'>consensu3</span> <span class='ocrx_word' id='word_1_251' title='bbox 782 2649 935 2704; x_wconf 89' lang='lat' dir='ltr'>paucis</span> <span class='ocrx_word' id='word_1_252' title='bbox 971 2648 1178 2703; x_wconf 83' lang='lat' dir='ltr'>exceptis,</span> <span class='ocrx_word' id='word_1_253' title='bbox 1218 2648 1293 2703; x_wconf 92' lang='lat' dir='ltr'>qui</span> <span class='ocrx_word' id='word_1_254' title='bbox 1334 2663 1418 2688; x_wconf 92' lang='lat' dir='ltr'>non</span> <span class='ocrx_word' id='word_1_255' title='bbox 1452 2662 1545 2702; x_wconf 85' lang='lat' dir='ltr'>pro-</span> 
     </span>
     <span class='ocr_line' id='line_1_33' title="bbox 91 2720 1547 2778; baseline -0.001 -14"><span class='ocrx_word' id='word_1_256' title='bbox 91 2724 253 2764; x_wconf 87' lang='lat' dir='ltr'>barunt</span> <span class='ocrx_word' id='word_1_257' title='bbox 275 2738 368 2778; x_wconf 91' lang='lat' dir='ltr'>cap.</span> <span class='ocrx_word' id='word_1_258' title='bbox 403 2723 456 2764; x_wconf 91' lang='lat' dir='ltr'>de</span> <span class='ocrx_word' id='word_1_259' title='bbox 481 2722 772 2770; x_wconf 88' lang='lat' dir='ltr'>Commendis,</span> <span class='ocrx_word' id='word_1_260' title='bbox 807 2728 938 2777; x_wconf 89' lang='lat' dir='ltr'>prout</span> <span class='ocrx_word' id='word_1_261' title='bbox 960 2735 1014 2761; x_wconf 88' lang='lat' dir='ltr'>ex</span> <span class='ocrx_word' id='word_1_262' title='bbox 1042 2735 1192 2761; x_wconf 89' lang='lat' dir='ltr'>eorum</span> <span class='ocrx_word' id='word_1_263' title='bbox 1214 2720 1341 2761; x_wconf 86' lang='lat' dir='ltr'>Votis</span> <span class='ocrx_word' id='word_1_264' title='bbox 1368 2720 1483 2761; x_wconf 87' lang='lat' dir='ltr'>datis</span> <span class='ocrx_word' id='word_1_265' title='bbox 1503 2721 1547 2762; x_wconf 90' lang='lat' dir='ltr'>in</span> 
     </span>
    </p>
   </div>
   <div class='ocr_carea' id='block_1_5' title="bbox 97 2795 1318 2904">
    <p class='ocr_par' dir='ltr' id='par_1_7' title="bbox 97 2795 1318 2904">
     <span class='ocr_line' id='line_1_34' title="bbox 97 2795 305 2836; baseline 0 -1"><span class='ocrx_word' id='word_1_266' title='bbox 97 2795 305 2836; x_wconf 82' lang='lat' dir='ltr'>Sessione.</span> 
     </span>
     <span class='ocr_line' id='line_1_35' title="bbox 1198 2866 1318 2904; baseline 0 0"><span class='ocrx_word' id='word_1_267' title='bbox 1198 2866 1224 2904; x_wconf 78' lang='lat'>2</span> <span class='ocrx_word' id='word_1_268' title='bbox 1247 2878 1270 2904; x_wconf 85' lang='lat' dir='ltr'>T</span> <span class='ocrx_word' id='word_1_269' title='bbox 1292 2866 1318 2904; x_wconf 81' lang='lat'>:2</span> 
     </span>
    </p>
   </div>
  </div>
 </body>
</html>
