1905 3254
358 336 443 376 *180
984 349 1097 379 srss.
1123 348 1200 379 vn.

419 460 534 499 Tum
580 458 826 499 Cardinalis
868 457 1197 512 Lotharingius,
1246 463 1479 511 postquam
1520 463 1641 497 ortus
1681 458 1818 497 nostri

360 532 517 586 partim
550 532 758 586 parentis,
790 530 949 586 partim
986 528 1142 585 patriae
1177 529 1556 585 vindicat—cogor
1589 530 1738 585 aliqua
1768 530 1819 570 iis

361 618 461 659 quae
502 603 617 645 dicta
655 610 756 644 sunt
798 603 853 643 ab
890 608 1061 643 oratore
1094 601 1350 657 adjungere.
1414 602 1553 643 Video
1587 603 1715 651 enim,
1752 617 1820 643 res

360 684 527 718 nostras
548 692 598 717 eo
622 677 820 717 redactas
841 690 947 723 esse,
967 681 1017 715 ut
1033 676 1111 715 nisi
1134 674 1349 730 praesidio,
1369 676 1520 716 Patres
1540 675 1821 726 Sanctissimi,

361 750 667 799 subleventur,
700 749 911 804 pessime¹
946 748 1001 789 de
1033 748 1159 788 nobis
1193 753 1236 788 et
1268 761 1398 802 quam
1434 747 1652 788 celerrime
1676 752 1819 788 actum

362 822 428 862 sit.
492 821 762 870 Condonate,
796 835 958 876 quaeso,
993 820 1118 860 nobis
1147 819 1317 875 aliquid
1337 834 1417 874 pro
1438 826 1684 874 temporum
1707 820 1818 874 ipso-

362 909 460 935 rum
495 894 681 943 miseria,
716 895 753 935 si
783 893 889 949 quid
922 893 1077 934 durius
1113 907 1137 933 a
1170 892 1293 933 vobis
1324 891 1581 933 contendere
1604 891 1818 933 videmur.

366 966 572 1021 Cogitate
612 967 758 1007 omnia
795 981 820 1006 a
854 966 979 1006 nobis
1010 965 1152 1020 petita
1180 964 1225 1004 in
1260 964 1444 1005 tertium
1474 963 1590 1004 diem
1612 964 1822 1005 hactenus

362 1040 497 1080 fuisse
538 1040 686 1081 dilata.
750 1039 970 1094 Exemplo
1010 1037 1209 1079 Roboam
1245 1038 1438 1093 primum
1474 1037 1588 1079 diem
1627 1038 1822 1093 appello,

363 1128 460 1153 cum
503 1119 695 1154 oratores
739 1112 962 1153 vobiscum
1003 1112 1112 1153 serio
1153 1110 1206 1152 de
1242 1111 1568 1153 Reformatione
1610 1119 1824 1167 egerunt3

364 1186 615 1233 secundum,
657 1201 753 1227 cum
792 1201 873 1242 ego
923 1186 970 1227 id
1010 1186 1157 1241 ipsum
1199 1185 1447 1241 postulavi3
1490 1185 1667 1227 tertium
1708 1184 1823 1226 hunc

363 1259 522 1312 ipsum,
547 1272 635 1312 quo
659 1258 783 1298 vobis
805 1264 848 1299 et
869 1259 1017 1299 literas
1039 1257 1336 1309 reddiderant,
1359 1263 1402 1298 et
1423 1258 1570 1299 verbis
1592 1259 1822 1314 petierant.

364 1330 492 1386 Rogo
525 1330 662 1378 vobis,
702 1330 854 1370 Patres
891 1331 988 1379 Smi,
1023 1337 1073 1371 ut
1110 1337 1272 1372 statum
1304 1337 1516 1379 nostrum,
1549 1339 1593 1372 et
1616 1331 1721 1386 quid
1741 1347 1821 1387 pro

364 1404 579 1444 communi
601 1403 792 1444 utilitate
817 1411 1020 1459 petamus
1042 1405 1264 1446 vobiscum
1287 1405 1501 1461 cogitetis.
1565 1406 1660 1446 Nos
1691 1407 1821 1453 enim,

363 1491 448 1517 non
481 1477 626 1517 verbis
664 1476 853 1531 amplius
888 1477 964 1518 sed
995 1478 1118 1518 factis
1146 1477 1407 1533 indigemus.
1470 1478 1558 1519 Hic
1581 1485 1645 1520 est
1667 1479 1824 1520 tertius

363 1548 484 1589 dies:
517 1548 611 1589 haec
645 1555 710 1589 est
742 1549 871 1590 tertia
899 1549 1209 1605 interpellatio.
1272 1550 1424 1590 Voveo
1445 1565 1586 1591 eoram
1610 1550 1719 1599 Deo,
1743 1551 1823 1591 Pa-

364 1629 465 1669 tres,
488 1622 522 1662 si
551 1622 737 1677 amplius
767 1637 836 1662 res
868 1622 1083 1670 differtur,
1109 1637 1177 1663 me
1210 1637 1293 1663 non
1329 1623 1740 1678 praetermissurum,
1775 1630 1825 1664 ut

367 1694 489 1735 Galli
509 1695 682 1735 omnino
704 1695 968 1750 intelligant,
991 1710 1059 1735 me
1082 1695 1219 1736 officio
1240 1711 1335 1737 ineo
1357 1711 1441 1736 non
1461 1696 1663 1737 defuisse.

422 1767 498 1808 Ad
528 1767 620 1809 haec
653 1767 1028 1809 Mantuanus—se
1051 1769 1186 1809 rebus
1216 1769 1323 1824 ipsis
1346 1770 1507 1810 rectius
1529 1785 1827 1826 responsuros,

365 1855 413 1881 ac
448 1840 579 1896 plane
612 1841 732 1896 quod
763 1841 950 1897 cupiunt
980 1856 1110 1897 opere
1131 1842 1408 1897 probaturOS,
1432 1858 1527 1883 cum
1548 1843 1658 1884 nihil
1679 1843 1825 1899 operis

364 1919 565 1955 statuunt
603 1913 905 1962 intermittere,
947 1917 1021 1955 ut'2
1063 1915 1255 1955 omniurn
1291 1915 1403 1955 votis
1440 1916 1635 1964 satisfiat,
1679 1922 1723 1958 et
1758 1916 1825 1957 his

366 1986 497 2027 etiam
521 1986 678 2027 diebus
698 1986 838 2027 carnis
859 1987 1015 2042 privii³
1044 1987 1088 2027 in
1111 2001 1239 2028 carne
1262 1987 1455 2036 vivatur,
1478 1986 1552 2028 sed
1573 2002 1655 2029 non
1677 2003 1825 2029 secun-

364 2059 469 2100 dum
490 2073 674 2099 earnem.

425 2133 529 2172 Post
549 2130 643 2171 haec
665 2130 982 2187 Lotharingius
1004 2131 1059 2172 ad
1083 2131 1303 2173 Caesarem
1325 2132 1368 2172 in
1392 2132 1706 2188 OEnopontem,
1731 2136 1825 2188 ers

365 2204 588 2246 salutandi
609 2219 751 2251 causa,
773 2219 822 2245 ac
843 2204 898 2245 de
921 2205 1054 2245 rebus
1078 2204 1264 2246 Concilii
1287 2220 1385 2246 eum
1407 2220 1458 2246 eo
1486 2212 1666 2246 acturus
1696 2205 1823 2260 profi-

365 2279 563 2327 ciscitur3
601 2278 677 2334 qui
711 2285 857 2318 tamen
893 2278 1017 2318 brevi
1054 2277 1174 2333 apud
1215 2293 1313 2318 eum
1347 2279 1488 2334 spatio
1524 2285 1823 2325 commoratus,

366 2349 643 2398 Tridentum,
663 2350 795 2390 rebus
816 2349 906 2390 suis
924 2365 1022 2390 cum
1039 2364 1101 2396 ρο,
1126 2356 1175 2390 ut
1195 2349 1408 2397 ferebant,
1433 2350 1541 2391 bene
1563 2349 1823 2405 compositiS,

366 2437 619 2479 magnaque
653 2423 766 2464 inter
801 2437 873 2463 eos
906 2422 1209 2478 conjunctione
1237 2421 1358 2471 inita,
1381 2437 1582 2463 reversus
1603 2430 1693 2464 est:
1716 2436 1823 2478 pau-

366 2495 499 2551 loque
521 2501 632 2542 ante,
670 2502 714 2536 et
737 2494 1091 2535 Commendonus
1123 2493 1327 2543 redierat,
1364 2494 1584 2536 Caesarem
1618 2495 1824 2536 nuntians

366 2575 454 2610 tres
474 2568 701 2624 theologos
723 2570 962 2619 accersisse,
987 2568 1224 2615 Canisium,
1251 2568 1515 2623 Staphylum
1531 2573 1544 2590 ⁴
1566 2575 1608 2609 et
1629 2569 1685 2608 N.
1713 2567 1824 2609 Con-

412 2665 420 2683 ¹
446 2666 527 2696 Sunt
540 2664 691 2704 uselessly
707 2664 839 2695 inserted
856 2666 888 2695 111
904 2665 955 2695 the
972 2666 1044 2695 MS.

408 2717 421 2735 ¹
444 2719 497 2755 Et,
514 2719 588 2749 MS.
636 2718 739 2757 Rayn.
756 2718 874 2748 Annal.
891 2718 981 2750 1563.
1000 2718 1111 2757 xxvii„
1127 2718 1180 2748 has
1194 2728 1213 2748 a
1227 2717 1467 2758 representation
1492 2718 1527 2748 of
1547 2717 1609 2747 this
1633 2717 1754 2757 speech,
1770 2717 1827 2747 but

367 2774 421 2800 not
437 2771 515 2801 from
531 2771 682 2810 Paleosto,
699 2782 755 2802 nor
770 2771 888 2810 closely
903 2771 1091 2811 resembling
1105 2771 1182 2801 him.

409 2823 422 2839 ³
446 2823 529 2852 Vide
548 2826 628 2854 Caro
644 2825 675 2854 111
692 2825 810 2854 Ferrari
826 2825 968 2865 Prompt.
988 2824 1084 2862 Bibl.,
1101 2835 1133 2854 or
1150 2824 1309 2863 Adelung.

412 2866 424 2881 ⁴
448 2876 483 2904 In
506 2876 556 2905 the
582 2878 652 2907 MS.
669 2877 831 2917 Stuplum.
878 2878 943 2907 The
967 2878 1047 2907 three
1073 2877 1262 2916 theologians
1287 2887 1336 2907 are
1363 2876 1526 2916 distinctly
1551 2876 1730 2908 mentioned
1754 2875 1785 2906 in
1807 2885 1825 2904 a
