1905 3254
677 297 786 327 sess.
815 299 908 328 vni.
1441 286 1523 328 597

64 399 294 456 dignitatis
314 401 616 443 Cardinalium
639 403 985 454 diminutionem,
1004 406 1189 447 aiebant.
1255 405 1420 447 Idcirco
1441 406 1520 447 hoe

67 473 128 514 eis
149 474 413 529 persuadere
435 476 713 525 conabantur,
736 478 882 518 statim
901 478 1142 519 Concilium
1166 479 1521 534 suspendendum

63 561 171 594 esse,
187 554 237 588 ut
254 549 396 589 acrius
412 548 484 588 isti
504 550 783 590 obsisterent¹
807 550 873 590 his
902 565 1001 605 quae
1020 566 1132 592 nunc
1148 554 1520 606 proponebantur,

64 618 108 657 in
141 618 301 673 quibus
333 620 601 660 verebantur
627 621 739 661 inter
770 628 938 669 caetera,
970 637 1023 662 ne
1058 622 1168 677 quid
1201 623 1377 664 solidius
1412 631 1522 664 trac-

65 696 248 739 taretur,
273 692 392 747 quod
415 692 469 732 ad
486 692 768 733 minuendum
785 693 940 733 luxum
954 694 1202 749 fastumque
1219 694 1520 736 Cardinalium

63 764 310 819 pertineret.

123 837 280 879 Comes
302 838 356 879 de
378 839 510 879 Luna
531 839 694 881 Orator
726 839 956 895 Hispanus
988 841 1210 896 pollicitus
1242 848 1307 882 est
1337 842 1522 898 Legatis

63 924 107 950 se
140 925 308 951 omnem
336 926 511 966 operam
554 927 652 952 cum
689 913 890 953 Praelatis
923 914 1013 954 suis
1040 913 1262 961 daturum,
1295 929 1349 955 ne
1379 915 1520 955 Sessio

63 982 266 1037 proxima
293 984 628 1033 interturbetur,
661 984 736 1025 sed
769 986 970 1027 foeliciter
1002 986 1336 1041 progrediatur:
1369 987 1519 1027 eodem

63 1063 208 1096 tamen
230 1063 425 1112 tempore
447 1073 607 1113 magno
629 1058 772 1099 studio
794 1060 918 1115 petit,
952 1066 1002 1100 ut
1024 1060 1219 1100 clausula
1248 1059 1341 1108 illa,
1364 1074 1520 1115 propo-

62 1129 270 1169 nentibus
298 1129 492 1184 Legatis,
525 1130 578 1170 de
611 1145 697 1185 qua
730 1132 859 1172 toties
891 1138 1033 1171 aetum
1068 1131 1167 1179 fuit,
1199 1131 1407 1172 tollatur:
1440 1132 1520 1178 eui,

61 1200 265 1256 quamvis
294 1200 456 1256 Legati
492 1201 813 1256 responderent,
839 1218 922 1243 non
956 1218 1047 1244 esse
1072 1202 1162 1243 haec
1187 1203 1376 1258 amplius
1394 1217 1519 1258 repe-

61 1273 205 1320 tenda,
223 1289 318 1314 cum
342 1274 437 1314 finis
453 1274 635 1315 Concilii
657 1277 799 1322 instet,
817 1283 860 1316 et
882 1291 961 1331 per
985 1291 1057 1316 eos
1076 1291 1161 1316 non
1184 1282 1270 1316 stet
1291 1275 1522 1330 quominus

62 1361 338 1402 quaecunque
356 1348 450 1403 ipse
469 1348 591 1403 eupit
609 1348 665 1388 ad
684 1348 907 1403 Synodum
929 1348 1169 1396 referatur,
1203 1349 1294 1402 ipse
1318 1354 1461 1389 tamen
1479 1350 1521 1388 in

61 1434 112 1460 eo
133 1421 359 1476 perstitit,²
381 1427 431 1460 ut
451 1421 513 1460 rei
535 1420 636 1461 huie
658 1421 958 1476 provideatur.
1011 1421 1141 1462 Unde
1160 1421 1446 1468 aiunt,illum3
1462 1422 1520 1462 fa-

62 1493 142 1534 cile
160 1493 572 1549 deprehendebatur
590 1493 754 1549 aliquid
772 1494 904 1535 altius
919 1493 1133 1541 meditari,
1151 1501 1195 1535 et
1216 1510 1241 1535 a
1262 1495 1522 1550 perficiendo

63 1565 254 1608 Concilio
277 1567 404 1608 valde
425 1575 643 1608 remotum
667 1583 770 1608 esse.

119 1638 206 1680 Die
228 1640 273 1679 xi
296 1641 570 1695 Septembris
601 1640 811 1681 inchoatae
845 1647 947 1681 sunt
982 1641 1356 1696 Congregationes
1390 1656 1522 1697 super

60 1713 110 1753 21
137 1713 329 1754 articulis
351 1713 403 1754 de
427 1714 733 1754 reformatione
763 1728 948 1761 morum,
973 1714 1081 1754 alias
1115 1714 1323 1754 Patribus
1354 1714 1521 1755 exhibi-

61 1786 117 1827 tis
137 1803 145 1826 :
180 1793 413 1842 antequam
438 1802 540 1828 vero
561 1787 715 1827 Patres
737 1802 870 1842 super
891 1786 958 1826 his
989 1787 1246 1841 respondere
1268 1787 1519 1842 inciperent,

61 1858 118 1898 sic
141 1873 319 1899 exorsus
340 1866 404 1900 est
426 1859 672 1899 Cardinalis
691 1858 914 1899 Moronus.
978 1858 1216 1913 Postquam
1241 1858 1403 1899 audit-ae
1421 1866 1521 1899 sunt

59 1933 288 1972 sententiae
312 1933 493 1972 Patrum
517 1932 569 1972 de
592 1939 859 1972 sacramento
883 1930 1168 1979 Matrimonii,
1192 1938 1391 1987 superest
1412 1936 1518 1987 jam,

62 2011 112 2045 ut
133 2004 186 2045 de
210 2020 379 2045 morum
396 2005 723 2045 Reformatione
739 2010 896 2059 agatur
913 2021 919 2043 :
953 2004 1179 2059 negotium
1194 2004 1271 2044 hoc
1290 2005 1519 2060 multiplex

60 2084 139 2126 est,
162 2085 207 2118 et
229 2078 333 2133 quia
354 2079 497 2133 tangit
518 2078 606 2118 fere
629 2092 786 2125 omneS,
810 2078 867 2117 nil
890 2077 1045 2117 mirum
1069 2084 1145 2125 est,
1163 2078 1197 2117 si
1213 2078 1414 2119 omnibus
1436 2094 1518 2119 non

59 2150 230 2205 placet;
263 2150 542 2205 ‘ab—”universo
575 2157 722 2191 tamen
755 2150 859 2191 orbe
892 2150 1131 2206 expetitur,
1165 2157 1208 2191 et
1242 2150 1321 2190 hac
1352 2151 1518 2192 ratione

62 2223 126 2263 illi
147 2224 225 2278 qui
247 2237 272 2264 a
294 2223 378 2264 fide
403 2222 629 2264 Catholica
660 2222 964 2271 discesserunt,
988 2222 1159 2263 facilius
1182 2223 1235 2263 ad
1268 2238 1362 2263 eam
1394 2239 1517 2265 revo-

61 2297 290 2345 cabuntur,
314 2296 508 2351 nihilque
531 2296 672 2352 magis
692 2295 974 2335 honorificum
998 2294 1145 2335 abhac
1169 2296 1325 2336 Sancta
1347 2296 1519 2350 Synodo

64 2370 289 2424 proficisei⁴
310 2376 468 2424 potest,
506 2384 638 2424 quam
675 2375 724 2409 ut
747 2368 1001 2423 pra-claram
1027 2367 1233 2421 aliquam,
1265 2374 1308 2406 et
1340 2367 1515 2422 dignam

60 2439 138 2482 hoc
159 2456 357 2481 consessu
379 2442 729 2496 reformationem
752 2441 933 2481 emittat.
997 2438 1144 2479 Audio
1172 2439 1331 2479 multos
1363 2440 1517 2480 Patres

62 2527 179 2569 aegre
220 2513 346 2561 ferre,
380 2520 623 2554 truncatam
660 2511 977 2569 quodammodo
1017 2510 1127 2551 hanc
1168 2511 1514 2552 reformationem

61 2585 260 2639 proponi,
284 2585 388 2639 quia
410 2586 445 2624 si
468 2585 634 2626 inutilis
656 2585 745 2626 haee
769 2599 869 2640 pars
886 2598 1077 2625 seorsum
1101 2583 1156 2623 ab
1180 2583 1274 2623 aliis
1295 2583 1515 2632 reddatur,

231 2727 240 2744 ¹
267 2723 466 2759 Absislerent,
486 2724 556 2754 MS.
1054 2724 1067 2741 ³
1093 2723 1195 2762 Illius,
1212 2724 1282 2753 MS.

232 2779 244 2797 ²
266 2781 424 2818 Praestitit,
445 2782 514 2811 MS.
1061 2781 1072 2797 ⁴
1096 2781 1274 2820 profecisse,
1292 2782 1363 2811 MS.
