<?xml version="1.0" encoding="UTF-8"?>
<!DOCTYPE html PUBLIC "-//W3C//DTD XHTML 1.0 Transitional//EN"
    "http://www.w3.org/TR/xhtml1/DTD/xhtml1-transitional.dtd">
<html xmlns="http://www.w3.org/1999/xhtml" xml:lang="en" lang="en">
 <head>
  <title>
</title>
<meta http-equiv="Content-Type" content="text/html;charset=utf-8" />
  <meta name='ocr-system' content='tesseract 3.04.00' />
  <meta name='ocr-capabilities' content='ocr_page ocr_carea ocr_par ocr_line ocrx_word'/>
</head>
<body>
  <div class='ocr_page' id='page_1' title='image "actaconciliitrid00paleuoft_0702.png"; bbox 0 0 1905 3254; ppageno 0'>
   <div class='ocr_carea' id='block_1_1' title="bbox 372 269 1210 309">
    <p class='ocr_par' dir='ltr' id='par_1_1' title="bbox 372 269 1210 309">
     <span class='ocr_line' id='line_1_1' title="bbox 372 269 1210 309; baseline -0.007 0"><span class='ocrx_word' id='word_1_1' title='bbox 372 269 454 309; x_wconf 74' lang='lat'>512</span> <span class='ocrx_word' id='word_1_2' title='bbox 994 276 1106 306; x_wconf 66' lang='lat' dir='ltr'>sess</span> <span class='ocrx_word' id='word_1_3' title='bbox 1133 274 1210 303; x_wconf 79' lang='lat' dir='ltr'>vn.</span> 
     </span>
    </p>
   </div>
   <div class='ocr_carea' id='block_1_2' title="bbox 366 374 1845 2266">
    <p class='ocr_par' dir='ltr' id='par_1_2' title="bbox 366 374 1839 1747">
     <span class='ocr_line' id='line_1_2' title="bbox 369 374 1820 443; baseline -0.013 -12"><span class='ocrx_word' id='word_1_4' title='bbox 369 405 467 431; x_wconf 89' lang='lat' dir='ltr'>cum</span> <span class='ocrx_word' id='word_1_5' title='bbox 504 385 792 443; x_wconf 80' lang='lat' dir='ltr'>PresbyteriS,</span> <span class='ocrx_word' id='word_1_6' title='bbox 830 383 907 438; x_wconf 90' lang='lat' dir='ltr'>qui</span> <span class='ocrx_word' id='word_1_7' title='bbox 947 395 1018 422; x_wconf 87' lang='lat' dir='ltr'>eos</span> <span class='ocrx_word' id='word_1_8' title='bbox 1056 383 1370 434; x_wconf 77' lang='lat' dir='ltr'>repraesentare</span> <span class='ocrx_word' id='word_1_9' title='bbox 1413 374 1602 423; x_wconf 82' lang='lat' dir='ltr'>debent,</span> <span class='ocrx_word' id='word_1_10' title='bbox 1648 379 1691 414; x_wconf 84' lang='lat' dir='ltr'>et</span> <span class='ocrx_word' id='word_1_11' title='bbox 1721 378 1820 413; x_wconf 87' lang='lat' dir='ltr'>tunc</span> 
     </span>
     <span class='ocr_line' id='line_1_3' title="bbox 366 444 1823 516; baseline -0.012 -15"><span class='ocrx_word' id='word_1_12' title='bbox 366 460 614 516; x_wconf 84' lang='lat' dir='ltr'>Episcopus</span> <span class='ocrx_word' id='word_1_13' title='bbox 647 473 672 498; x_wconf 88' lang='lat' dir='ltr'>a</span> <span class='ocrx_word' id='word_1_14' title='bbox 704 457 843 497; x_wconf 90' lang='lat' dir='ltr'>latere</span> <span class='ocrx_word' id='word_1_15' title='bbox 878 468 956 495; x_wconf 90' lang='lat' dir='ltr'>suo</span> <span class='ocrx_word' id='word_1_16' title='bbox 989 453 1151 508; x_wconf 79' lang='lat' dir='ltr'>eligere</span> <span class='ocrx_word' id='word_1_17' title='bbox 1184 449 1316 490; x_wconf 91' lang='lat' dir='ltr'>debet</span> <span class='ocrx_word' id='word_1_18' title='bbox 1353 445 1607 488; x_wconf 81' lang='lat' dir='ltr'>Sacerdotes</span> <span class='ocrx_word' id='word_1_19' title='bbox 1640 450 1683 486; x_wconf 92' lang='lat' dir='ltr'>et</span> <span class='ocrx_word' id='word_1_20' title='bbox 1718 444 1823 485; x_wconf 88' lang='lat' dir='ltr'>alios</span> 
     </span>
     <span class='ocr_line' id='line_1_4' title="bbox 366 517 1825 590; baseline -0.012 -15"><span class='ocrx_word' id='word_1_21' title='bbox 366 533 608 590; x_wconf 86' lang='lat' dir='ltr'>prudentes</span> <span class='ocrx_word' id='word_1_22' title='bbox 631 531 757 579; x_wconf 83' lang='lat' dir='ltr'>viros,</span> <span class='ocrx_word' id='word_1_23' title='bbox 785 542 943 585; x_wconf 85' lang='lat' dir='ltr'>gnaros</span> <span class='ocrx_word' id='word_1_24' title='bbox 976 525 1138 567; x_wconf 84' lang='lat' dir='ltr'>divinae</span> <span class='ocrx_word' id='word_1_25' title='bbox 1161 523 1310 579; x_wconf 81' lang='lat' dir='ltr'>LegiS,</span> <span class='ocrx_word' id='word_1_26' title='bbox 1335 521 1592 563; x_wconf 87' lang='lat' dir='ltr'>exercitatos</span> <span class='ocrx_word' id='word_1_27' title='bbox 1611 519 1656 559; x_wconf 92' lang='lat' dir='ltr'>in</span> <span class='ocrx_word' id='word_1_28' title='bbox 1675 517 1825 559; x_wconf 87' lang='lat' dir='ltr'>Eccle-</span> 
     </span>
     <span class='ocr_line' id='line_1_5' title="bbox 369 594 1823 655; baseline -0.012 -7"><span class='ocrx_word' id='word_1_29' title='bbox 369 606 553 647; x_wconf 89' lang='lat' dir='ltr'>siasticis</span> <span class='ocrx_word' id='word_1_30' title='bbox 582 602 891 649; x_wconf 85' lang='lat' dir='ltr'>sanctionibus,</span> <span class='ocrx_word' id='word_1_31' title='bbox 915 600 993 655; x_wconf 89' lang='lat' dir='ltr'>qui</span> <span class='ocrx_word' id='word_1_32' title='bbox 1015 595 1353 639; x_wconf 88' lang='lat' dir='ltr'>ordinandorum</span> <span class='ocrx_word' id='word_1_33' title='bbox 1377 594 1528 641; x_wconf 86' lang='lat' dir='ltr'>vitam,</span> <span class='ocrx_word' id='word_1_34' title='bbox 1561 606 1712 648; x_wconf 85' lang='lat' dir='ltr'>genus,</span> <span class='ocrx_word' id='word_1_35' title='bbox 1745 604 1823 646; x_wconf 89' lang='lat' dir='ltr'>pa-</span> 
     </span>
     <span class='ocr_line' id='line_1_6' title="bbox 367 663 1827 726; baseline -0.012 -5"><span class='ocrx_word' id='word_1_36' title='bbox 367 680 511 726; x_wconf 86' lang='lat' dir='ltr'>triam,</span> <span class='ocrx_word' id='word_1_37' title='bbox 548 685 738 725; x_wconf 79' lang='lat' dir='ltr'>aetatem,</span> <span class='ocrx_word' id='word_1_38' title='bbox 772 674 1102 719; x_wconf 83' lang='lat' dir='ltr'>institutionem,</span> <span class='ocrx_word' id='word_1_39' title='bbox 1137 670 1279 711; x_wconf 88' lang='lat' dir='ltr'>locum</span> <span class='ocrx_word' id='word_1_40' title='bbox 1317 667 1395 709; x_wconf 90' lang='lat' dir='ltr'>ubi</span> <span class='ocrx_word' id='word_1_41' title='bbox 1430 665 1606 708; x_wconf 89' lang='lat' dir='ltr'>educati</span> <span class='ocrx_word' id='word_1_42' title='bbox 1642 670 1757 712; x_wconf 90' lang='lat' dir='ltr'>sunt,</span> <span class='ocrx_word' id='word_1_43' title='bbox 1791 663 1827 703; x_wconf 87' lang='lat' dir='ltr'>si</span> 
     </span>
     <span class='ocr_line' id='line_1_7' title="bbox 368 736 1828 799; baseline -0.013 -3"><span class='ocrx_word' id='word_1_44' title='bbox 368 755 453 795; x_wconf 91' lang='lat' dir='ltr'>sint</span> <span class='ocrx_word' id='word_1_45' title='bbox 474 755 584 794; x_wconf 90' lang='lat' dir='ltr'>bene</span> <span class='ocrx_word' id='word_1_46' title='bbox 604 751 782 798; x_wconf 84' lang='lat' dir='ltr'>literati,</span> <span class='ocrx_word' id='word_1_47' title='bbox 806 749 841 790; x_wconf 89' lang='lat' dir='ltr'>si</span> <span class='ocrx_word' id='word_1_48' title='bbox 862 746 1064 789; x_wconf 85' lang='lat' dir='ltr'>instructi</span> <span class='ocrx_word' id='word_1_49' title='bbox 1085 745 1128 784; x_wconf 87' lang='lat' dir='ltr'>in</span> <span class='ocrx_word' id='word_1_50' title='bbox 1150 743 1272 799; x_wconf 87' lang='lat' dir='ltr'>Lege</span> <span class='ocrx_word' id='word_1_51' title='bbox 1295 741 1398 791; x_wconf 92' lang='lat' dir='ltr'>Dei,</span> <span class='ocrx_word' id='word_1_52' title='bbox 1433 747 1534 781; x_wconf 88' lang='lat' dir='ltr'>ante</span> <span class='ocrx_word' id='word_1_53' title='bbox 1567 738 1711 780; x_wconf 91' lang='lat' dir='ltr'>omnia</span> <span class='ocrx_word' id='word_1_54' title='bbox 1731 736 1828 778; x_wconf 92' lang='lat' dir='ltr'>dili-</span> 
     </span>
     <span class='ocr_line' id='line_1_8' title="bbox 369 812 1830 882; baseline -0.013 -14"><span class='ocrx_word' id='word_1_55' title='bbox 369 832 525 882; x_wconf 85' lang='lat' dir='ltr'>genter</span> <span class='ocrx_word' id='word_1_56' title='bbox 546 824 829 879; x_wconf 85' lang='lat' dir='ltr'>investigent,</span> <span class='ocrx_word' id='word_1_57' title='bbox 858 821 894 861; x_wconf 86' lang='lat' dir='ltr'>si</span> <span class='ocrx_word' id='word_1_58' title='bbox 914 819 1044 860; x_wconf 87' lang='lat' dir='ltr'>fidem</span> <span class='ocrx_word' id='word_1_59' title='bbox 1068 815 1339 856; x_wconf 86' lang='lat' dir='ltr'>Catholicam</span> <span class='ocrx_word' id='word_1_60' title='bbox 1361 812 1544 853; x_wconf 87' lang='lat' dir='ltr'>firmiter</span> <span class='ocrx_word' id='word_1_61' title='bbox 1565 816 1758 858; x_wconf 86' lang='lat' dir='ltr'>teneant,</span> <span class='ocrx_word' id='word_1_62' title='bbox 1787 815 1830 850; x_wconf 91' lang='lat' dir='ltr'>et</span> 
     </span>
     <span class='ocr_line' id='line_1_9' title="bbox 369 880 1831 951; baseline -0.014 -12"><span class='ocrx_word' id='word_1_63' title='bbox 369 898 517 940; x_wconf 84' lang='lat' dir='ltr'>verbis</span> <span class='ocrx_word' id='word_1_64' title='bbox 553 895 823 951; x_wconf 87' lang='lat' dir='ltr'>simplicibus</span> <span class='ocrx_word' id='word_1_65' title='bbox 865 904 1057 932; x_wconf 84' lang='lat' dir='ltr'>asserere</span> <span class='ocrx_word' id='word_1_66' title='bbox 1093 892 1271 943; x_wconf 85' lang='lat' dir='ltr'>queant.</span> <span class='ocrx_word' id='word_1_67' title='bbox 1336 884 1430 940; x_wconf 90' lang='lat' dir='ltr'>Ipsi</span> <span class='ocrx_word' id='word_1_68' title='bbox 1466 889 1627 930; x_wconf 86' lang='lat' dir='ltr'>autem,</span> <span class='ocrx_word' id='word_1_69' title='bbox 1666 880 1831 936; x_wconf 91' lang='lat' dir='ltr'>quibus</span> 
     </span>
     <span class='ocr_line' id='line_1_10' title="bbox 369 955 1832 1015; baseline -0.014 -2"><span class='ocrx_word' id='word_1_70' title='bbox 369 986 475 1012; x_wconf 89' lang='lat' dir='ltr'>cura</span> <span class='ocrx_word' id='word_1_71' title='bbox 495 969 796 1015; x_wconf 87' lang='lat' dir='ltr'>committitur,</span> <span class='ocrx_word' id='word_1_72' title='bbox 820 978 974 1007; x_wconf 80' lang='lat' dir='ltr'>cavere</span> <span class='ocrx_word' id='word_1_73' title='bbox 997 962 1171 1006; x_wconf 86' lang='lat' dir='ltr'>debent,</span> <span class='ocrx_word' id='word_1_74' title='bbox 1204 974 1257 999; x_wconf 88' lang='lat' dir='ltr'>ne</span> <span class='ocrx_word' id='word_1_75' title='bbox 1281 963 1359 999; x_wconf 83' lang='lat' dir='ltr'>aut</span> <span class='ocrx_word' id='word_1_76' title='bbox 1379 956 1542 1002; x_wconf 84' lang='lat' dir='ltr'>favoris</span> <span class='ocrx_word' id='word_1_77' title='bbox 1573 955 1729 1012; x_wconf 85' lang='lat' dir='ltr'>gratia,</span> <span class='ocrx_word' id='word_1_78' title='bbox 1756 961 1832 995; x_wconf 88' lang='lat' dir='ltr'>aut</span> 
     </span>
     <span class='ocr_line' id='line_1_11' title="bbox 370 1027 1832 1099; baseline -0.012 -14"><span class='ocrx_word' id='word_1_79' title='bbox 370 1047 667 1099; x_wconf 84' lang='lat' dir='ltr'>cujuscunque</span> <span class='ocrx_word' id='word_1_80' title='bbox 700 1038 894 1080; x_wconf 88' lang='lat' dir='ltr'>muneris</span> <span class='ocrx_word' id='word_1_81' title='bbox 927 1034 1170 1091; x_wconf 87' lang='lat' dir='ltr'>cupiditate</span> <span class='ocrx_word' id='word_1_82' title='bbox 1200 1030 1349 1078; x_wconf 86' lang='lat' dir='ltr'>illecti,</span> <span class='ocrx_word' id='word_1_83' title='bbox 1385 1044 1411 1070; x_wconf 91' lang='lat' dir='ltr'>a</span> <span class='ocrx_word' id='word_1_84' title='bbox 1440 1043 1542 1069; x_wconf 87' lang='lat' dir='ltr'>vero</span> <span class='ocrx_word' id='word_1_85' title='bbox 1573 1027 1759 1074; x_wconf 85' lang='lat' dir='ltr'>devient,</span> <span class='ocrx_word' id='word_1_86' title='bbox 1782 1033 1832 1069; x_wconf 85' lang='lat' dir='ltr'>ut</span> 
     </span>
     <span class='ocr_line' id='line_1_12' title="bbox 371 1098 1834 1172; baseline -0.013 -14"><span class='ocrx_word' id='word_1_87' title='bbox 371 1116 604 1172; x_wconf 86' lang='lat' dir='ltr'>indignum</span> <span class='ocrx_word' id='word_1_88' title='bbox 627 1121 670 1155; x_wconf 91' lang='lat' dir='ltr'>et</span> <span class='ocrx_word' id='word_1_89' title='bbox 691 1113 835 1153; x_wconf 91' lang='lat' dir='ltr'>minus</span> <span class='ocrx_word' id='word_1_90' title='bbox 868 1110 1074 1151; x_wconf 86' lang='lat' dir='ltr'>idoneum</span> <span class='ocrx_word' id='word_1_91' title='bbox 1108 1105 1163 1147; x_wconf 88' lang='lat' dir='ltr'>ad</span> <span class='ocrx_word' id='word_1_92' title='bbox 1184 1119 1323 1145; x_wconf 89' lang='lat' dir='ltr'>sacros</span> <span class='ocrx_word' id='word_1_93' title='bbox 1345 1102 1507 1158; x_wconf 82' lang='lat' dir='ltr'>gradus</span> <span class='ocrx_word' id='word_1_94' title='bbox 1537 1098 1834 1156; x_wconf 88' lang='lat' dir='ltr'>suscipiendos</span> 
     </span>
     <span class='ocr_line' id='line_1_13' title="bbox 370 1172 1832 1246; baseline -0.014 -14"><span class='ocrx_word' id='word_1_95' title='bbox 370 1189 585 1246; x_wconf 86' lang='lat' dir='ltr'>Episcopi</span> <span class='ocrx_word' id='word_1_96' title='bbox 606 1187 808 1228; x_wconf 89' lang='lat' dir='ltr'>manibus</span> <span class='ocrx_word' id='word_1_97' title='bbox 830 1183 1063 1239; x_wconf 86' lang='lat' dir='ltr'>applicent.</span> <span class='ocrx_word' id='word_1_98' title='bbox 1128 1177 1257 1229; x_wconf 87' lang='lat' dir='ltr'>Quod</span> <span class='ocrx_word' id='word_1_99' title='bbox 1278 1177 1461 1218; x_wconf 79' lang='lat' dir='ltr'>si-aliter</span> <span class='ocrx_word' id='word_1_100' title='bbox 1478 1174 1669 1222; x_wconf 82' lang='lat' dir='ltr'>fecerint,</span> <span class='ocrx_word' id='word_1_101' title='bbox 1694 1179 1739 1214; x_wconf 89' lang='lat' dir='ltr'>et</span> <span class='ocrx_word' id='word_1_102' title='bbox 1759 1172 1832 1214; x_wconf 86' lang='lat' dir='ltr'>ille.</span> 
     </span>
     <span class='ocr_line' id='line_1_14' title="bbox 375 1246 1834 1319; baseline -0.013 -14"><span class='ocrx_word' id='word_1_103' title='bbox 375 1264 453 1319; x_wconf 90' lang='lat' dir='ltr'>qui</span> <span class='ocrx_word' id='word_1_104' title='bbox 484 1262 664 1317; x_wconf 85' lang='lat' dir='ltr'>indigne</span> <span class='ocrx_word' id='word_1_105' title='bbox 708 1258 934 1301; x_wconf 87' lang='lat' dir='ltr'>accesserit</span> <span class='ocrx_word' id='word_1_106' title='bbox 968 1256 1023 1296; x_wconf 92' lang='lat' dir='ltr'>ab</span> <span class='ocrx_word' id='word_1_107' title='bbox 1056 1252 1204 1296; x_wconf 84' lang='lat' dir='ltr'>Altari</span> <span class='ocrx_word' id='word_1_108' title='bbox 1238 1249 1552 1298; x_wconf 84' lang='lat' dir='ltr'>removebitur,</span> <span class='ocrx_word' id='word_1_109' title='bbox 1587 1254 1631 1289; x_wconf 89' lang='lat' dir='ltr'>et</span> <span class='ocrx_word' id='word_1_110' title='bbox 1660 1247 1726 1288; x_wconf 88' lang='lat' dir='ltr'>illi</span> <span class='ocrx_word' id='word_1_111' title='bbox 1761 1246 1834 1302; x_wconf 90' lang='lat' dir='ltr'>qui</span> 
     </span>
     <span class='ocr_line' id='line_1_15' title="bbox 375 1320 1835 1386; baseline -0.011 -11"><span class='ocrx_word' id='word_1_112' title='bbox 375 1334 536 1375; x_wconf 91' lang='lat' dir='ltr'>donum</span> <span class='ocrx_word' id='word_1_113' title='bbox 561 1332 710 1373; x_wconf 83' lang='lat' dir='ltr'>Sancti</span> <span class='ocrx_word' id='word_1_114' title='bbox 733 1331 928 1386; x_wconf 87' lang='lat' dir='ltr'>Spiritus</span> <span class='ocrx_word' id='word_1_115' title='bbox 951 1327 1135 1369; x_wconf 84' lang='lat' dir='ltr'>vendere</span> <span class='ocrx_word' id='word_1_116' title='bbox 1158 1324 1300 1365; x_wconf 90' lang='lat' dir='ltr'>conati</span> <span class='ocrx_word' id='word_1_117' title='bbox 1321 1329 1436 1370; x_wconf 90' lang='lat' dir='ltr'>sunt,</span> <span class='ocrx_word' id='word_1_118' title='bbox 1459 1335 1602 1362; x_wconf 88' lang='lat' dir='ltr'>coram</span> <span class='ocrx_word' id='word_1_119' title='bbox 1624 1320 1720 1362; x_wconf 92' lang='lat' dir='ltr'>Deo</span> <span class='ocrx_word' id='word_1_120' title='bbox 1743 1323 1835 1375; x_wconf 85' lang='lat' dir='ltr'>jam</span> 
     </span>
     <span class='ocr_line' id='line_1_16' title="bbox 375 1391 1836 1457; baseline -0.012 -10"><span class='ocrx_word' id='word_1_121' title='bbox 375 1405 660 1451; x_wconf 88' lang='lat' dir='ltr'>condemnati,</span> <span class='ocrx_word' id='word_1_122' title='bbox 684 1403 859 1445; x_wconf 91' lang='lat' dir='ltr'>Ecclica</span> <span class='ocrx_word' id='word_1_123' title='bbox 880 1401 1096 1457; x_wconf 83' lang='lat' dir='ltr'>dignitate</span> <span class='ocrx_word' id='word_1_124' title='bbox 1128 1397 1354 1438; x_wconf 85' lang='lat' dir='ltr'>carebunt.</span> <span class='ocrx_word' id='word_1_125' title='bbox 1417 1393 1552 1434; x_wconf 91' lang='lat' dir='ltr'>Hunc</span> <span class='ocrx_word' id='word_1_126' title='bbox 1580 1399 1728 1433; x_wconf 91' lang='lat' dir='ltr'>autem</span> <span class='ocrx_word' id='word_1_127' title='bbox 1753 1391 1836 1431; x_wconf 86' lang='lat' dir='ltr'>Ca-</span> 
     </span>
     <span class='ocr_line' id='line_1_17' title="bbox 376 1465 1835 1532; baseline -0.01 -14"><span class='ocrx_word' id='word_1_128' title='bbox 376 1492 548 1527; x_wconf 91' lang='lat' dir='ltr'>nonem,</span> <span class='ocrx_word' id='word_1_129' title='bbox 565 1476 737 1532; x_wconf 88' lang='lat' dir='ltr'>quoties</span> <span class='ocrx_word' id='word_1_130' title='bbox 759 1473 1051 1515; x_wconf 88' lang='lat' dir='ltr'>ordinationes</span> <span class='ocrx_word' id='word_1_131' title='bbox 1071 1469 1293 1527; x_wconf 83' lang='lat' dir='ltr'>generales</span> <span class='ocrx_word' id='word_1_132' title='bbox 1313 1467 1406 1507; x_wconf 89' lang='lat' dir='ltr'>fieri</span> <span class='ocrx_word' id='word_1_133' title='bbox 1426 1465 1672 1521; x_wconf 85' lang='lat' dir='ltr'>contigerit,</span> <span class='ocrx_word' id='word_1_134' title='bbox 1693 1478 1835 1505; x_wconf 86' lang='lat' dir='ltr'>coram</span> 
     </span>
     <span class='ocr_line' id='line_1_18' title="bbox 377 1537 1839 1606; baseline -0.01 -15"><span class='ocrx_word' id='word_1_135' title='bbox 377 1551 615 1606; x_wconf 89' lang='lat' dir='ltr'>Episcopo,</span> <span class='ocrx_word' id='word_1_136' title='bbox 639 1545 903 1593; x_wconf 80' lang='lat' dir='ltr'>ordinandis,</span> <span class='ocrx_word' id='word_1_137' title='bbox 927 1560 974 1585; x_wconf 87' lang='lat' dir='ltr'>ac</span> <span class='ocrx_word' id='word_1_138' title='bbox 1007 1543 1114 1591; x_wconf 87' lang='lat' dir='ltr'>aliis,</span> <span class='ocrx_word' id='word_1_139' title='bbox 1139 1541 1316 1597; x_wconf 90' lang='lat' dir='ltr'>publice</span> <span class='ocrx_word' id='word_1_140' title='bbox 1341 1539 1432 1595; x_wconf 83' lang='lat' dir='ltr'>legi</span> <span class='ocrx_word' id='word_1_141' title='bbox 1452 1538 1654 1579; x_wconf 89' lang='lat' dir='ltr'>mandat:</span> <span class='ocrx_word' id='word_1_142' title='bbox 1688 1537 1839 1578; x_wconf 88' lang='lat' dir='ltr'>volens</span> 
     </span>
     <span class='ocr_line' id='line_1_19' title="bbox 378 1610 1838 1680; baseline -0.012 -13"><span class='ocrx_word' id='word_1_143' title='bbox 378 1626 526 1673; x_wconf 83' lang='lat' dir='ltr'>etiam,</span> <span class='ocrx_word' id='word_1_144' title='bbox 549 1623 668 1680; x_wconf 90' lang='lat' dir='ltr'>quod</span> <span class='ocrx_word' id='word_1_145' title='bbox 691 1628 790 1663; x_wconf 91' lang='lat' dir='ltr'>ante</span> <span class='ocrx_word' id='word_1_146' title='bbox 825 1626 1030 1676; x_wconf 88' lang='lat' dir='ltr'>quartam</span> <span class='ocrx_word' id='word_1_147' title='bbox 1062 1617 1229 1664; x_wconf 87' lang='lat' dir='ltr'>feriam,</span> <span class='ocrx_word' id='word_1_148' title='bbox 1260 1614 1435 1671; x_wconf 91' lang='lat' dir='ltr'>quando</span> <span class='ocrx_word' id='word_1_149' title='bbox 1467 1613 1690 1668; x_wconf 86' lang='lat' dir='ltr'>Episcopo</span> <span class='ocrx_word' id='word_1_150' title='bbox 1721 1610 1838 1652; x_wconf 88' lang='lat' dir='ltr'>vide-</span> 
     </span>
     <span class='ocr_line' id='line_1_20' title="bbox 381 1690 1540 1747; baseline -0.013 -7"><span class='ocrx_word' id='word_1_151' title='bbox 381 1698 514 1743; x_wconf 86' lang='lat' dir='ltr'>bitur,</span> <span class='ocrx_word' id='word_1_152' title='bbox 539 1694 769 1738; x_wconf 88' lang='lat' dir='ltr'>ordinandi</span> <span class='ocrx_word' id='word_1_153' title='bbox 791 1706 933 1734; x_wconf 89' lang='lat' dir='ltr'>coram</span> <span class='ocrx_word' id='word_1_154' title='bbox 958 1690 1173 1747; x_wconf 88' lang='lat' dir='ltr'>Episcopo</span> <span class='ocrx_word' id='word_1_155' title='bbox 1195 1703 1239 1729; x_wconf 90' lang='lat' dir='ltr'>se</span> <span class='ocrx_word' id='word_1_156' title='bbox 1261 1692 1540 1744; x_wconf 76' lang='lat' dir='ltr'>praesentent.</span> 
     </span>
    </p>

    <p class='ocr_par' dir='ltr' id='par_1_3' title="bbox 380 1758 1845 2266">
     <span class='ocr_line' id='line_1_21' title="bbox 439 1758 1840 1813; baseline -0.012 -1"><span class='ocrx_word' id='word_1_157' title='bbox 439 1772 480 1813; x_wconf 84' lang='lat'>9.</span> <span class='ocrx_word' id='word_1_158' title='bbox 516 1768 824 1811; x_wconf 88' lang='lat' dir='ltr'>Ordinationes</span> <span class='ocrx_word' id='word_1_159' title='bbox 851 1779 1069 1806; x_wconf 88' lang='lat' dir='ltr'>sacrorum</span> <span class='ocrx_word' id='word_1_160' title='bbox 1102 1762 1318 1809; x_wconf 85' lang='lat' dir='ltr'>ordinum,</span> <span class='ocrx_word' id='word_1_161' title='bbox 1349 1759 1526 1800; x_wconf 89' lang='lat' dir='ltr'>statutis</span> <span class='ocrx_word' id='word_1_162' title='bbox 1559 1772 1584 1798; x_wconf 89' lang='lat' dir='ltr'>a</span> <span class='ocrx_word' id='word_1_163' title='bbox 1608 1758 1711 1813; x_wconf 86' lang='lat' dir='ltr'>jure</span> <span class='ocrx_word' id='word_1_164' title='bbox 1732 1762 1840 1797; x_wconf 85' lang='lat' dir='ltr'>tem·</span> 
     </span>
     <span class='ocr_line' id='line_1_22' title="bbox 380 1831 1841 1901; baseline -0.012 -14"><span class='ocrx_word' id='word_1_165' title='bbox 380 1846 578 1901; x_wconf 87' lang='lat' dir='ltr'>poribus,</span> <span class='ocrx_word' id='word_1_166' title='bbox 613 1859 661 1884; x_wconf 89' lang='lat' dir='ltr'>ac</span> <span class='ocrx_word' id='word_1_167' title='bbox 691 1844 735 1884; x_wconf 93' lang='lat' dir='ltr'>in</span> <span class='ocrx_word' id='word_1_168' title='bbox 771 1838 1026 1882; x_wconf 86' lang='lat' dir='ltr'>Cathedrali</span> <span class='ocrx_word' id='word_1_169' title='bbox 1057 1836 1219 1883; x_wconf 89' lang='lat' dir='ltr'>Ecclia‚</span> <span class='ocrx_word' id='word_1_170' title='bbox 1250 1835 1425 1882; x_wconf 87' lang='lat' dir='ltr'>vocatis,</span> <span class='ocrx_word' id='word_1_171' title='bbox 1459 1831 1841 1889; x_wconf 79' lang='lat' dir='ltr'>praesentibusque</span> 
     </span>
     <span class='ocr_line' id='line_1_23' title="bbox 383 1903 1842 1968; baseline -0.012 -7"><span class='ocrx_word' id='word_1_172' title='bbox 383 1919 439 1962; x_wconf 88' lang='lat' dir='ltr'>ad</span> <span class='ocrx_word' id='word_1_173' title='bbox 459 1919 505 1960; x_wconf 91' lang='lat' dir='ltr'>id</span> <span class='ocrx_word' id='word_1_174' title='bbox 526 1917 736 1960; x_wconf 73' lang='lat' dir='ltr'>Ecclesiae</span> <span class='ocrx_word' id='word_1_175' title='bbox 761 1914 1004 1961; x_wconf 86' lang='lat' dir='ltr'>Canonicis,</span> <span class='ocrx_word' id='word_1_176' title='bbox 1021 1911 1196 1968; x_wconf 88' lang='lat' dir='ltr'>publice</span> <span class='ocrx_word' id='word_1_177' title='bbox 1217 1909 1506 1950; x_wconf 88' lang='lat' dir='ltr'>celebrentur.</span> <span class='ocrx_word' id='word_1_178' title='bbox 1565 1906 1611 1947; x_wconf 91' lang='lat' dir='ltr'>Si</span> <span class='ocrx_word' id='word_1_179' title='bbox 1633 1911 1778 1947; x_wconf 91' lang='lat' dir='ltr'>autem</span> <span class='ocrx_word' id='word_1_180' title='bbox 1799 1903 1842 1943; x_wconf 88' lang='lat' dir='ltr'>in</span> 
     </span>
     <span class='ocr_line' id='line_1_24' title="bbox 385 1980 1840 2043; baseline -0.013 -7"><span class='ocrx_word' id='word_1_181' title='bbox 385 1994 471 2036; x_wconf 89' lang='lat' dir='ltr'>alio</span> <span class='ocrx_word' id='word_1_182' title='bbox 500 1992 717 2034; x_wconf 86' lang='lat' dir='ltr'>Dioecesis</span> <span class='ocrx_word' id='word_1_183' title='bbox 747 1990 854 2037; x_wconf 93' lang='lat' dir='ltr'>loco,</span> <span class='ocrx_word' id='word_1_184' title='bbox 888 1993 1102 2043; x_wconf 75' lang='lat' dir='ltr'>praesente</span> <span class='ocrx_word' id='word_1_185' title='bbox 1135 1984 1262 2025; x_wconf 86' lang='lat' dir='ltr'>Clero</span> <span class='ocrx_word' id='word_1_186' title='bbox 1289 1982 1385 2030; x_wconf 85' lang='lat' dir='ltr'>loci,</span> <span class='ocrx_word' id='word_1_187' title='bbox 1417 1980 1604 2036; x_wconf 85' lang='lat' dir='ltr'>dignior,</span> <span class='ocrx_word' id='word_1_188' title='bbox 1628 1983 1840 2035; x_wconf 89' lang='lat' dir='ltr'>quantum</span> 
     </span>
     <span class='ocr_line' id='line_1_25' title="bbox 383 2054 1842 2123; baseline -0.013 -13"><span class='ocrx_word' id='word_1_189' title='bbox 383 2068 478 2110; x_wconf 89' lang='lat' dir='ltr'>fieri</span> <span class='ocrx_word' id='word_1_190' title='bbox 499 2066 672 2123; x_wconf 89' lang='lat' dir='ltr'>poterit,</span> <span class='ocrx_word' id='word_1_191' title='bbox 693 2063 886 2105; x_wconf 89' lang='lat' dir='ltr'>Ecclesia</span> <span class='ocrx_word' id='word_1_192' title='bbox 906 2074 1079 2116; x_wconf 90' lang='lat' dir='ltr'>semper</span> <span class='ocrx_word' id='word_1_193' title='bbox 1100 2058 1296 2100; x_wconf 89' lang='lat' dir='ltr'>adeatur.</span> <span class='ocrx_word' id='word_1_194' title='bbox 1356 2054 1674 2109; x_wconf 89' lang='lat' dir='ltr'>Unusquisque</span> <span class='ocrx_word' id='word_1_195' title='bbox 1698 2058 1842 2093; x_wconf 90' lang='lat' dir='ltr'>autem</span> 
     </span>
     <span class='ocr_line' id='line_1_26' title="bbox 387 2125 1842 2196; baseline -0.012 -15"><span class='ocrx_word' id='word_1_196' title='bbox 387 2156 413 2181; x_wconf 91' lang='lat' dir='ltr'>a</span> <span class='ocrx_word' id='word_1_197' title='bbox 433 2138 610 2196; x_wconf 89' lang='lat' dir='ltr'>proprio</span> <span class='ocrx_word' id='word_1_198' title='bbox 642 2137 865 2192; x_wconf 88' lang='lat' dir='ltr'>Episcopo</span> <span class='ocrx_word' id='word_1_199' title='bbox 897 2132 1133 2174; x_wconf 88' lang='lat' dir='ltr'>ordinetur.</span> <span class='ocrx_word' id='word_1_200' title='bbox 1198 2128 1327 2180; x_wconf 85' lang='lat' dir='ltr'>Quod</span> <span class='ocrx_word' id='word_1_201' title='bbox 1359 2128 1394 2168; x_wconf 91' lang='lat' dir='ltr'>si</span> <span class='ocrx_word' id='word_1_202' title='bbox 1415 2127 1515 2182; x_wconf 90' lang='lat' dir='ltr'>quis</span> <span class='ocrx_word' id='word_1_203' title='bbox 1548 2126 1604 2167; x_wconf 90' lang='lat' dir='ltr'>ab</span> <span class='ocrx_word' id='word_1_204' title='bbox 1636 2125 1720 2165; x_wconf 93' lang='lat' dir='ltr'>alio</span> <span class='ocrx_word' id='word_1_205' title='bbox 1747 2138 1842 2179; x_wconf 90' lang='lat' dir='ltr'>pro-</span> 
     </span>
     <span class='ocr_line' id='line_1_27' title="bbox 387 2197 1845 2266; baseline -0.012 -13"><span class='ocrx_word' id='word_1_206' title='bbox 387 2212 553 2254; x_wconf 84' lang='lat' dir='ltr'>moveri</span> <span class='ocrx_word' id='word_1_207' title='bbox 574 2216 713 2266; x_wconf 86' lang='lat' dir='ltr'>petat,</span> <span class='ocrx_word' id='word_1_208' title='bbox 735 2207 991 2248; x_wconf 87' lang='lat' dir='ltr'>nullatenus</span> <span class='ocrx_word' id='word_1_209' title='bbox 1018 2204 1065 2244; x_wconf 91' lang='lat' dir='ltr'>id</span> <span class='ocrx_word' id='word_1_210' title='bbox 1086 2204 1138 2250; x_wconf 85' lang='lat' dir='ltr'>ei,</span> <span class='ocrx_word' id='word_1_211' title='bbox 1162 2203 1289 2243; x_wconf 86' lang='lat' dir='ltr'>etiam</span> <span class='ocrx_word' id='word_1_212' title='bbox 1320 2199 1513 2256; x_wconf 88' lang='lat' dir='ltr'>cujusvis</span> <span class='ocrx_word' id='word_1_213' title='bbox 1534 2197 1749 2254; x_wconf 88' lang='lat' dir='ltr'>generalis</span> <span class='ocrx_word' id='word_1_214' title='bbox 1770 2201 1845 2237; x_wconf 88' lang='lat' dir='ltr'>aut</span> 
     </span>
    </p>
   </div>
   <div class='ocr_carea' id='block_1_3' title="bbox 387 2268 1905 2341">
    <p class='ocr_par' dir='ltr' id='par_1_4' title="bbox 387 2268 1905 2341">
     <span class='ocr_line' id='line_1_28' title="bbox 387 2268 1905 2341; baseline -0.012 -15"><span class='ocrx_word' id='word_1_215' title='bbox 387 2284 590 2341; x_wconf 88' lang='lat' dir='ltr'>specialis</span> <span class='ocrx_word' id='word_1_216' title='bbox 623 2279 822 2337; x_wconf 88' lang='lat' dir='ltr'>rescripti</span> <span class='ocrx_word' id='word_1_217' title='bbox 855 2278 924 2320; x_wconf 88' lang='lat' dir='ltr'>vel</span> <span class='ocrx_word' id='word_1_218' title='bbox 965 2275 1187 2332; x_wconf 83' lang='lat' dir='ltr'>privilegii</span> <span class='ocrx_word' id='word_1_219' title='bbox 1222 2279 1452 2329; x_wconf 81' lang='lat' dir='ltr'>praetextu,</span> <span class='ocrx_word' id='word_1_220' title='bbox 1497 2272 1627 2312; x_wconf 88' lang='lat' dir='ltr'>etiam</span> <span class='ocrx_word' id='word_1_221' title='bbox 1669 2268 1846 2311; x_wconf 88' lang='lat' dir='ltr'>statutis</span> <span class='ocrx_word' id='word_1_222' title='bbox 1903 2298 1905 2303; x_wconf 36' lang='lat'><strong>⁴</strong></span> 
     </span>
    </p>
   </div>
   <div class='ocr_carea' id='block_1_4' title="bbox 387 2339 1847 2843">
    <p class='ocr_par' dir='ltr' id='par_1_5' title="bbox 387 2339 1844 2412">
     <span class='ocr_line' id='line_1_29' title="bbox 387 2339 1844 2412; baseline -0.013 -13"><span class='ocrx_word' id='word_1_223' title='bbox 387 2355 671 2412; x_wconf 80' lang='lat' dir='ltr'>temporibUS,</span> <span class='ocrx_word' id='word_1_224' title='bbox 694 2352 988 2409; x_wconf 85' lang='lat' dir='ltr'>permittatur,</span> <span class='ocrx_word' id='word_1_225' title='bbox 1020 2348 1103 2389; x_wconf 89' lang='lat' dir='ltr'>nisi</span> <span class='ocrx_word' id='word_1_226' title='bbox 1136 2352 1229 2403; x_wconf 81' lang='lat' dir='ltr'>ers</span> <span class='ocrx_word' id='word_1_227' title='bbox 1259 2344 1469 2401; x_wconf 88' lang='lat' dir='ltr'>probitas,</span> <span class='ocrx_word' id='word_1_228' title='bbox 1503 2358 1550 2384; x_wconf 89' lang='lat' dir='ltr'>ac</span> <span class='ocrx_word' id='word_1_229' title='bbox 1571 2356 1713 2383; x_wconf 89' lang='lat' dir='ltr'>mores</span> <span class='ocrx_word' id='word_1_230' title='bbox 1735 2339 1844 2381; x_wconf 86' lang='lat' dir='ltr'>ordi-</span> 
     </span>
    </p>

    <p class='ocr_par' dir='ltr' id='par_1_6' title="bbox 388 2414 1846 2472">
     <span class='ocr_line' id='line_1_30' title="bbox 388 2414 1846 2472; baseline -0.013 0"><span class='ocrx_word' id='word_1_231' title='bbox 388 2431 501 2472; x_wconf 88' lang='lat' dir='ltr'>narii</span> <span class='ocrx_word' id='word_1_232' title='bbox 523 2429 591 2470; x_wconf 91' lang='lat' dir='ltr'>sui</span> <span class='ocrx_word' id='word_1_233' title='bbox 611 2426 855 2469; x_wconf 88' lang='lat' dir='ltr'>testimonio</span> <span class='ocrx_word' id='word_1_234' title='bbox 876 2421 1243 2464; x_wconf 86' lang='lat' dir='ltr'>commendentur.</span> <span class='ocrx_word' id='word_1_235' title='bbox 1307 2418 1353 2459; x_wconf 90' lang='lat' dir='ltr'>Si</span> <span class='ocrx_word' id='word_1_236' title='bbox 1383 2432 1505 2459; x_wconf 87' lang='lat' dir='ltr'>secus</span> <span class='ocrx_word' id='word_1_237' title='bbox 1534 2417 1621 2463; x_wconf 91' lang='lat' dir='ltr'>fiat,</span> <span class='ocrx_word' id='word_1_238' title='bbox 1644 2414 1846 2456; x_wconf 89' lang='lat' dir='ltr'>ordinans</span> 
     </span>
    </p>

    <p class='ocr_par' dir='ltr' id='par_1_7' title="bbox 392 2492 1846 2552">
     <span class='ocr_line' id='line_1_31' title="bbox 392 2492 1846 2552; baseline -0.013 -6"><span class='ocrx_word' id='word_1_239' title='bbox 392 2521 417 2547; x_wconf 89' lang='lat' dir='ltr'>a</span> <span class='ocrx_word' id='word_1_240' title='bbox 438 2503 668 2546; x_wconf 87' lang='lat' dir='ltr'>collatione</span> <span class='ocrx_word' id='word_1_241' title='bbox 701 2499 902 2541; x_wconf 87' lang='lat' dir='ltr'>ordinum</span> <span class='ocrx_word' id='word_1_242' title='bbox 939 2510 1017 2552; x_wconf 87' lang='lat' dir='ltr'>per</span> <span class='ocrx_word' id='word_1_243' title='bbox 1049 2509 1226 2542; x_wconf 90' lang='lat' dir='ltr'>annum,</span> <span class='ocrx_word' id='word_1_244' title='bbox 1260 2500 1303 2534; x_wconf 88' lang='lat' dir='ltr'>et</span> <span class='ocrx_word' id='word_1_245' title='bbox 1324 2492 1551 2533; x_wconf 85' lang='lat' dir='ltr'>ordinatus</span> <span class='ocrx_word' id='word_1_246' title='bbox 1580 2506 1605 2531; x_wconf 91' lang='lat' dir='ltr'>a</span> <span class='ocrx_word' id='word_1_247' title='bbox 1625 2494 1846 2543; x_wconf 88' lang='lat' dir='ltr'>suscepto-</span> 
     </span>
    </p>

    <p class='ocr_par' dir='ltr' id='par_1_8' title="bbox 391 2561 1847 2625">
     <span class='ocr_line' id='line_1_32' title="bbox 391 2561 1847 2625; baseline -0.012 -6"><span class='ocrx_word' id='word_1_248' title='bbox 391 2593 488 2619; x_wconf 89' lang='lat' dir='ltr'>rum</span> <span class='ocrx_word' id='word_1_249' title='bbox 502 2576 700 2618; x_wconf 91' lang='lat' dir='ltr'>ordinum</span> <span class='ocrx_word' id='word_1_250' title='bbox 715 2572 984 2617; x_wconf 86' lang='lat' dir='ltr'>executione,</span> <span class='ocrx_word' id='word_1_251' title='bbox 999 2567 1209 2625; x_wconf 89' lang='lat' dir='ltr'>quamdiu</span> <span class='ocrx_word' id='word_1_252' title='bbox 1223 2567 1400 2623; x_wconf 88' lang='lat' dir='ltr'>proprio</span> <span class='ocrx_word' id='word_1_253' title='bbox 1415 2564 1632 2606; x_wconf 90' lang='lat' dir='ltr'>ordinario</span> <span class='ocrx_word' id='word_1_254' title='bbox 1644 2561 1847 2618; x_wconf 84' lang='lat' dir='ltr'>expedire</span> 
     </span>
    </p>

    <p class='ocr_par' dir='ltr' id='par_1_9' title="bbox 397 2637 1846 2707">
     <span class='ocr_line' id='line_1_33' title="bbox 397 2637 1846 2707; baseline -0.012 -15"><span class='ocrx_word' id='word_1_255' title='bbox 397 2649 696 2707; x_wconf 81' lang='lat' dir='ltr'>[videbitur,]¹</span> <span class='ocrx_word' id='word_1_256' title='bbox 739 2647 792 2687; x_wconf 91' lang='lat' dir='ltr'>sit</span> <span class='ocrx_word' id='word_1_257' title='bbox 829 2658 1080 2702; x_wconf 87' lang='lat' dir='ltr'>suspensus.</span> <span class='ocrx_word' id='word_1_258' title='bbox 1140 2641 1392 2696; x_wconf 86' lang='lat' dir='ltr'>Episcopus</span> <span class='ocrx_word' id='word_1_259' title='bbox 1430 2637 1688 2678; x_wconf 86' lang='lat' dir='ltr'>familiarem</span> <span class='ocrx_word' id='word_1_260' title='bbox 1722 2647 1846 2675; x_wconf 90' lang='lat' dir='ltr'>suum</span> 
     </span>
    </p>

    <p class='ocr_par' dir='ltr' id='par_1_10' title="bbox 394 2709 1845 2843">
     <span class='ocr_line' id='line_1_34' title="bbox 394 2709 1845 2769; baseline -0.012 -3"><span class='ocrx_word' id='word_1_261' title='bbox 394 2725 477 2765; x_wconf 87' lang='lat' dir='ltr'>sibi</span> <span class='ocrx_word' id='word_1_262' title='bbox 508 2738 594 2764; x_wconf 91' lang='lat' dir='ltr'>non</span> <span class='ocrx_word' id='word_1_263' title='bbox 628 2720 854 2763; x_wconf 90' lang='lat' dir='ltr'>subditum</span> <span class='ocrx_word' id='word_1_264' title='bbox 888 2717 1088 2760; x_wconf 88' lang='lat' dir='ltr'>ordinare</span> <span class='ocrx_word' id='word_1_265' title='bbox 1119 2729 1203 2755; x_wconf 92' lang='lat' dir='ltr'>non</span> <span class='ocrx_word' id='word_1_266' title='bbox 1235 2713 1383 2769; x_wconf 88' lang='lat' dir='ltr'>possit,</span> <span class='ocrx_word' id='word_1_267' title='bbox 1412 2712 1494 2753; x_wconf 90' lang='lat' dir='ltr'>nisi</span> <span class='ocrx_word' id='word_1_268' title='bbox 1514 2725 1593 2767; x_wconf 87' lang='lat' dir='ltr'>per</span> <span class='ocrx_word' id='word_1_269' title='bbox 1614 2709 1845 2751; x_wconf 90' lang='lat' dir='ltr'>triennium</span> 
     </span>
     <span class='ocr_line' id='line_1_35' title="bbox 908 2799 1344 2843; baseline -0.011 -10"><span class='ocrx_word' id='word_1_270' title='bbox 908 2803 916 2821; x_wconf 86' lang='lat'>¹</span> <span class='ocrx_word' id='word_1_271' title='bbox 943 2801 1095 2843; x_wconf 82' lang='lat' dir='ltr'>Supplied</span> <span class='ocrx_word' id='word_1_272' title='bbox 1112 2801 1191 2831; x_wconf 84' lang='lat' dir='ltr'>from</span> <span class='ocrx_word' id='word_1_273' title='bbox 1210 2800 1252 2829; x_wconf 86' lang='lat' dir='ltr'>Le</span> <span class='ocrx_word' id='word_1_274' title='bbox 1263 2799 1344 2829; x_wconf 75' lang='lat' dir='ltr'>Plat.</span> 
     </span>
    </p>
   </div>
  </div>
 </body>
</html>
