1905 3254
355 283 437 324 366
979 295 1087 326 sEsS.
1112 295 1187 325 vn.

355 406 555 456 possunt,
573 414 761 455 quarum
783 399 1053 440 functionum
1072 404 1334 455 potestatem
1355 412 1432 439 nec
1448 398 1533 454 ipsi
1549 397 1813 453 Presbyteri,

354 488 431 514 nec
464 473 626 529 reliqui
660 473 915 514 inferiorum
939 471 1141 513 ordinum
1164 472 1297 512 ullam
1319 471 1498 522 habent,
1529 471 1814 527 perspicuum

354 554 434 595 est,
469 561 541 587 eos
575 561 600 586 a
633 547 906 601 Presbyteris
938 560 1024 586 non
1055 546 1197 587 solum
1230 545 1418 592 differre,
1453 544 1528 585 sed
1561 545 1647 584 illis
1679 544 1813 585 etiam

354 620 540 675 majores
571 633 676 660 esse.
738 619 895 672 Itaque
938 619 994 659 ab
1030 618 1264 674 Episcopis
1297 617 1592 658 Ecclesiastici
1632 616 1817 657 ministri

353 692 436 732 rite
457 699 501 732 ct
522 692 718 747 legitime
737 691 1019 742 ordinantur,
1044 698 1178 747 atque
1195 692 1239 731 in
1260 691 1512 747 hujusmodi
1532 690 1814 736 ordinatione,

353 778 430 804 nec
461 764 611 805 Plebis
642 780 720 805 ncc
748 765 941 821 cujusvis
963 764 1183 805 saecularis
1203 764 1444 819 potcstatis,
1467 770 1511 805 et
1531 763 1816 818 magistratus

354 852 598 886 consensus,
635 838 726 878 sive
763 837 947 884 vocatio,
983 838 1075 877 sive
1112 837 1354 877 authoritas
1387 837 1452 877 ita
1482 836 1732 892 requiritur,
1766 840 1816 875 ut

357 913 487 951 tunc¹
513 925 565 951 ea
596 911 721 950 irrita
753 911 831 951 sit:
875 911 981 965 quin
1013 910 1162 965 potius
1203 910 1361 950 Sancta
1383 908 1583 964 Synodus
1613 907 1816 956 decernit,

354 998 438 1029 eos,
461 984 539 1038 qui
561 983 741 1038 propria
762 983 1010 1024 temeritate
1031 982 1112 1023 hoc
1132 982 1422 1022 ministerium
1445 980 1529 1021 sibi
1560 987 1749 1029 sumunt,
1771 986 1816 1022 et

355 1056 433 1111 qui
454 1055 509 1096 ad
531 1070 583 1096 ea
605 1054 861 1102 exercenda,
885 1054 991 1095 dum
1013 1070 1093 1111 per
1114 1055 1284 1102 ostium,
1307 1054 1386 1095 hoc
1408 1060 1473 1095 est
1495 1054 1551 1094 ab
1574 1054 1815 1095 Ecclesias-

352 1129 438 1170 tica
459 1135 503 1170 et
525 1128 754 1170 Catholica
775 1134 992 1183 potestate
1013 1128 1143 1175 missi,
1164 1143 1251 1169 non
1274 1127 1527 1175 ascendunt,
1557 1142 1706 1168 omnes
1731 1142 1816 1169 non

354 1201 564 1241 Ecclesiae
604 1201 835 1247 ministros,
876 1200 954 1241 sed
986 1200 1103 1242 fures
1143 1207 1187 1241 et
1221 1201 1413 1242 latrones
1451 1200 1675 1242 habendos
1711 1215 1814 1241 esse.

356 1273 469 1314 Haec
490 1280 593 1314 sunt
616 1288 714 1329 quae
747 1274 989 1329 generatim
1021 1288 1153 1314 sacrae
1179 1273 1352 1329 Synodo
1381 1275 1523 1315 visum
1555 1281 1620 1315 est
1652 1273 1818 1314 Christi

355 1345 507 1386 fideles
537 1345 705 1386 docere.
767 1346 851 1386 His
883 1353 1031 1386 autem
1065 1347 1280 1387 contraria
1312 1347 1438 1387 certis
1459 1353 1502 1387 et
1522 1346 1711 1402 propriis
1734 1346 1816 1387 Ca-

354 1418 541 1459 nonibus
571 1418 616 1458 in
642 1417 770 1466 hunc,
792 1418 870 1474 qui
896 1419 1108 1473 sequitur,
1142 1418 1318 1459 modum
1340 1418 1546 1460 damnare
1567 1418 1815 1466 constituit3

356 1497 408 1532 ut
439 1505 597 1538 omnes,
631 1491 868 1546 adjuvante
903 1490 1093 1539 Christo,
1131 1491 1234 1532 fidei
1265 1492 1422 1548 regula
1455 1498 1642 1540 utentes,
1675 1492 1719 1532 in
1752 1498 1817 1533 tot

355 1577 552 1603 errorum
575 1563 780 1612 tenebris,
817 1562 1087 1604 Catholicam
1120 1563 1347 1604 veritatem
1378 1562 1550 1604 facilius
1584 1578 1817 1619 agnoscere

357 1642 403 1676 et
423 1641 571 1676 tenere
593 1636 776 1690 possint.

413 1707 565 1749 Canon
589 1708 641 1750 7⁵.
687 1708 734 1749 Si
755 1708 852 1764 quis
873 1707 1049 1757 dixerit,
1073 1708 1319 1764 Episcopos
1341 1723 1366 1749 a
1388 1708 1586 1750 Romano
1608 1709 1816 1751 Pontifice

354 1781 399 1821 in
421 1788 592 1836 partem
615 1780 902 1822 solicitudinis
923 1787 1170 1837 assumptos
1193 1796 1279 1822 non
1301 1796 1395 1822 esse
1416 1796 1441 1822 a
1464 1782 1634 1837 Spiritu
1658 1782 1717 1823 S¹⁰
1741 1797 1816 1838 po·

355 1855 459 1895 sitos
481 1870 635 1911 regere
656 1855 899 1896 Ecclesiam
921 1854 1009 1896 Dei
1028 1855 1073 1896 in
1105 1870 1157 1896 ea
1183 1862 1321 1912 parte,
1355 1855 1410 1897 ad
1432 1870 1566 1911 quam
1587 1857 1816 1912 assumpti,

357 1927 427 1968 vel
448 1942 519 1968 eos
543 1928 604 1967 Sta
625 1927 920 1968 ordinatione:
953 1927 1024 1968 vel

415 2001 462 2041 Si
479 2001 577 2056 quis
599 2000 771 2047 dixerit,
785 2001 1083 2056 Episcopatus
1102 1999 1310 2051 ordinem,
1327 2002 1397 2043 vel
1419 2002 1607 2058 gradum
1623 2017 1710 2044 non
1724 2017 1816 2045 esse

354 2074 399 2114 in
420 2074 621 2115 Ecclesia
642 2089 666 2115 a
689 2074 867 2115 Christo
888 2075 1164 2116 institutum:
1198 2075 1268 2116 vel

416 2147 461 2187 Si
482 2147 580 2201 quis
602 2146 774 2195 dixerit,
788 2146 1033 2202 Episcopos
1045 2147 1191 2188 nullos
1209 2162 1302 2188 esse
1322 2162 1346 2188 a
1361 2147 1536 2189 Christo
1557 2148 1602 2188 in
1617 2148 1819 2190 Ecclesia

355 2222 626 2269 constitutos,
664 2228 740 2262 aut
772 2224 916 2262 sancta
957 2220 1226 2262 ordinatione
1258 2235 1342 2262 non
1383 2236 1476 2262 esse
1517 2221 1817 2263 sacerdotibus

356 2294 555 2348 majores,
578 2293 654 2334 δίο.

412 2364 519 2405 Can.
539 2364 577 2405 8.
624 2363 670 2404 Si
691 2364 791 2419 quis
814 2363 992 2412 dixerit,
1017 2364 1208 2405 Beatum
1226 2364 1410 2406 Petrum
1431 2380 1485 2406 ex
1509 2364 1676 2406 Christi
1695 2366 1816 2406 insti-

355 2437 526 2478 tutione
546 2437 737 2492 primum
758 2436 872 2477 inter
894 2436 1148 2491 Apostolos,
1171 2438 1354 2493 ejusque
1376 2437 1601 2479 Vicarium
1624 2438 1669 2478 in
1690 2438 1818 2478 terris

353 2524 437 2550 non
466 2509 614 2556 fuisse,
648 2514 727 2550 aut
747 2509 791 2549 in
813 2508 1011 2550 Ecclesia
1033 2524 1119 2550 non
1141 2516 1342 2564 oportere
1375 2525 1467 2551 esse
1500 2524 1639 2550 unum
1669 2509 1816 2550 Ponti-

353 2584 476 2624 ficem
517 2582 639 2623 Petri
679 2596 965 2623 successorem
999 2588 1043 2623 et
1079 2597 1176 2623 cum
1210 2597 1261 2623 eo
1292 2582 1521 2638 regiminis
1554 2583 1816 2624 auctoritate

355 2671 519 2711 parem,
542 2662 587 2696 et
607 2656 651 2696 in
673 2655 873 2697 Romana
893 2654 993 2696 sede
1014 2655 1234 2711 legitimos
1254 2659 1350 2711 ejus
1370 2670 1638 2697 successores
1652 2655 1708 2697 ad
1723 2655 1815 2697 haec

358 2744 498 2783 usque
539 2736 740 2784 tempora
773 2733 848 2784 Jus
886 2728 1103 2784 primatus
1143 2728 1189 2768 in
1224 2728 1425 2769 Ecclesia
1458 2744 1544 2770 non
1580 2728 1787 2771 habuisse
1804 2745 1814 2778 3

678 2817 684 2834 ¹
712 2817 837 2848 Should
852 2822 905 2848 not
921 2816 980 2848 this
998 2816 1034 2846 be
1049 2817 1124 2853 sine,
1143 2827 1175 2848 or
1192 2827 1276 2847 some
1290 2817 1495 2856 equivalent‘?
