1905 3254
640 287 751 317 sEss.
781 287 875 316 vui.
1404 272 1486 310 593

19 410 116 436 cum
137 394 357 436 nonnullis
379 393 582 435 Praelatis
605 394 648 433 in
670 407 804 448 regno
825 392 1125 447 Neapolitano
1142 399 1185 433 et
1208 391 1384 440 Siciliae,
1403 392 1479 446 qui

18 468 205 509 maxime
227 468 419 508 omnium
442 466 824 522 conquerebantur
845 466 899 506 de
920 466 1092 521 injuriis
1114 472 1159 506 et
1183 465 1477 521 oppressioni-

19 541 102 581 bus
123 541 207 581 sibi
243 540 287 580 in
322 540 382 581 eis
414 539 518 579 locis
551 538 700 586 illatis,
728 544 891 594 egerat,
928 538 984 578 ab
1017 538 1069 577 iis
1104 537 1338 593 quaerendo
1360 535 1478 591 quod

21 611 195 654 tandem
218 612 303 652 sibi
324 611 472 652 damni
493 610 591 651 inde
626 611 836 651 accideret
852 627 862 659 3
896 626 945 651 eo
977 611 1155 651 consilio
1189 613 1260 663 (ut
1289 609 1476 666 putaba-

19 685 110 736 tur)
136 690 184 724 ut
205 698 276 723 eos
298 682 534 723 timidiores
556 682 758 723 redderet
776 682 830 722 ad
848 683 1032 723 vulnera
1054 696 1147 729 sua,
1166 687 1210 722 et
1224 681 1476 721 vexationes

20 756 312 812 detegendas:
345 770 433 810 qua
454 770 500 796 re
522 756 761 803 intellecta,
785 756 945 811 Legati
968 754 1090 810 apud
1112 770 1213 795 eum
1237 769 1316 810 per
1338 753 1476 795 Audi-

20 836 154 870 torem
180 828 587 884 expostulaverunt,
622 827 747 868 illum
770 826 995 873 monendo,
1023 841 1078 866 ne
1100 826 1350 866 libertatem
1383 839 1476 866 sen-

22 902 257 943 tentiarum
295 902 393 942 ullis
427 900 613 941 consiliis
647 899 903 954 impediret,
937 904 1038 954 qua¹
1072 899 1116 939 in
1146 913 1192 939 re
1229 905 1376 938 tamen
1403 897 1478 938 ille

22 974 150 1015 valde
183 990 226 1015 se
248 989 455 1015 excusare
478 980 656 1014 conatus
678 980 757 1021 est,
783 987 881 1013 cum
904 972 950 1012 id
971 987 1015 1012 se
1037 987 1086 1012 eo
1108 972 1251 1012 animo
1287 977 1476 1012 tentasse

21 1055 206 1105 negaret
227 1066 235 1097 ;
269 1063 420 1089 verum
442 1062 510 1088 res
531 1047 673 1087 notior
694 1054 799 1094 erat,
819 1060 951 1101 quam
968 1052 1018 1086 ut
1038 1045 1303 1086 dissimulari
1318 1051 1476 1100 posset.

24 1120 139 1161 Cum
162 1121 298 1176 igitur
321 1135 345 1160 a
377 1120 559 1175 Legatis
581 1119 778 1159 obtinere
802 1132 1028 1172 nunquam
1056 1131 1132 1157 nec
1160 1115 1251 1163 ille,
1287 1130 1366 1156 nec
1402 1115 1476 1155 alii

24 1193 230 1234 Oratores
262 1193 521 1248 potuissent,
558 1198 607 1232 ut
649 1198 782 1246 caput
816 1189 894 1230 hoc
926 1190 1191 1245 rejiceretur,
1224 1188 1478 1243 Legatique

23 1272 268 1307 constanter
288 1266 331 1306 in
353 1281 403 1306 eo
424 1265 723 1321 persisterent,
746 1270 795 1304 ut
818 1278 916 1304 011111
941 1263 1037 1303 aliis
1066 1261 1305 1316 Capitibus
1327 1260 1477 1300 Refor-

23 1340 262 1381 mationum
294 1338 340 1379 id
368 1353 542 1393 quoque
577 1344 884 1393 proponerent,
918 1336 1114 1376 scribunt
1147 1334 1353 1375 Oratores
1383 1333 1479 1373 dili-

25 1421 177 1469 genter
232 1412 288 1453 ad
328 1427 428 1452 suos
469 1411 704 1466 Principes,
746 1409 1097 1463 adferunturque
1138 1423 1162 1448 a
1204 1407 1376 1448 Caesare
1416 1413 1478 1461 pm

28 1485 186 1526 Literae
210 1485 266 1525 ad
288 1492 481 1525 oratores
512 1498 627 1531 suos,
652 1482 814 1537 quibus
834 1482 896 1522 eis
928 1496 1088 1537 magno
1116 1480 1260 1521 studio
1285 1479 1480 1525 mandat,

25 1567 75 1601 ut
98 1574 123 1599 a
152 1559 334 1615 Legatis
370 1560 622 1613 impetrent,
659 1570 712 1596 ne
746 1562 878 1610 caput
908 1554 1021 1594 illud
1052 1569 1167 1594 nunc
1190 1558 1479 1608 proponatur,

25 1633 243 1688 simulque
268 1632 401 1679 aliud,
431 1632 475 1671 in
511 1644 599 1686 quo
621 1628 675 1669 de
704 1628 1076 1682 Jurepatronatus
1111 1626 1339 1682 agebatur.
1402 1625 1482 1665 Ait

28 1703 192 1751 Caesar,
215 1704 355 1745 multa
387 1704 429 1743 in
466 1703 527 1744 eis
561 1701 780 1747 contineri,
807 1700 973 1755 quibus
996 1698 1203 1739 Germani
1223 1704 1363 1739 status
1384 1712 1480 1752 per-

27 1779 195 1822 turbari
213 1785 389 1833 possent
400 1794 410 1826 3
438 1792 552 1817 nunc:
569 1792 612 1817 se
631 1775 812 1816 comitiis
826 1774 1006 1815 Viennae
1024 1779 1282 1828 occupatum
1300 1786 1480 1812 commo—

27 1850 127 1892 dius
148 1849 200 1891 de
222 1850 284 1891 eis
307 1864 466 1905 cupere
488 1849 754 1889 deliberare:
780 1847 980 1902 ideoque,
998 1852 1047 1886 ut
1067 1852 1305 1900 utrumque
1326 1843 1481 1884 saltem

26 1924 71 1964 in
81 1923 265 1964 sessione
281 1923 483 1978 sequenti
496 1922 736 1962 differatur.
764 1918 1030 1975 Hujusmodi
1044 1918 1229 1958 officium
1244 1917 1299 1957 ab
1313 1923 1481 1957 oratore

28 1994 230 2051 Hispano
254 1995 491 2035 excitatum
514 1992 787 2039 credebatur,
810 1991 1026 2046 facileque
1053 1989 1274 2030 Caesarem
1310 1989 1355 2029 in
1385 2003 1480 2029 eam

28 2069 284 2110 sententiam
329 2067 598 2123 perduxisse,
636 2081 735 2121 quae
774 2065 1002 2123 utriusque
1037 2061 1270 2104 commodis
1303 2061 1482 2102 faveret.

28 2141 188 2197 Legati
210 2140 433 2196 postulata
453 2138 545 2179 haec
568 2153 684 2194 aegre
713 2137 925 2184 tulerunt,
948 2150 1047 2190 quae
1071 2134 1254 2175 Concilii
1285 2149 1481 2189 progres-

29 2229 123 2256 sum
159 2213 436 2269 impedirent,
460 2218 503 2252 et
534 2210 771 2266 praesertim
795 2209 912 2264 quod
944 2208 1118 2249 Praelati
1154 2213 1304 2262 aperte
1330 2207 1383 2246 iis
1411 2207 1483 2247 de-

29 2289 353 2334 nunciaverant‚
387 2301 431 2326 se
468 2285 522 2325 de
563 2283 746 2338 reliquis
786 2281 1106 2322 reformationis
1141 2279 1334 2321 articulis
1374 2279 1484 2319 nihil

30 2375 321 2417 responsuros,
363 2360 445 2400 nisi
487 2374 586 2399 011111
629 2357 714 2397 illis
755 2356 832 2396 hoc
875 2355 1076 2395 ultimum
1119 2358 1482 2409 conjungeretur:

30 2435 162 2476 immo
188 2434 470 2475 vehementer
502 2431 722 2478 dolebant,
748 2444 790 2469 se
814 2444 866 2469 ex
891 2427 1061 2468 decreto
1089 2425 1142 2466 de
1177 2424 1407 2466 residentia
1429 2425 1484 2465 ad

32 2508 252 2550 Ecclesias
274 2508 383 2548 suas'
396 2506 610 2561 compelli,
630 2505 671 2545 in
691 2504 854 2559 quibus
875 2509 1018 2542 tamen
1036 2499 1215 2539 honeste
1230 2513 1484 2554 permanere

34 2581 385 2638 prohiberentur,
407 2579 490 2619 nisi
523 2585 586 2619 tot
619 2575 891 2617 saecularium
926 2572 1132 2613 oneribus
1163 2570 1486 2610 liberarentur.²

33 2654 194 2710 Legati
209 2661 440 2710 postquam
456 2653 618 2706 saepius
631 2652 943 2705 repugnarant,
959 2643 1134 2685 tandem
1149 2642 1486 2684 vehementibus

36 2729 224 2770 Caesaris
244 2726 632 2783 efflagitationibus
654 2723 756 2765 victi
778 2720 1057 2776 pollicentur,
1075 2732 1118 2757 se
1141 2716 1229 2756 duo
1250 2716 1325 2757 illa
1344 2717 1487 2772 capita

210 2818 215 2835 ¹
243 2817 339 2853 Quia,
358 2816 426 2846 MS.
923 2808 935 2826 ²
962 2807 1223 2842 Delibera-centur,
1242 2805 1314 2835 MS.

1185 2864 1210 2902 '2
1232 2877 1258 2907 Q
