1905 3254
726 310 840 340 snss.
868 312 895 340 1.
1486 290 1541 331 35

132 416 245 457 Haec
278 417 321 457 in
356 417 558 458 omnibus
579 417 843 458 sessionibus
864 415 944 457 hoc
966 415 1055 457 fere
1075 414 1225 456 ordine
1245 411 1538 455 observaban-

76 497 163 538 tur,
196 494 375 546 cxcepta
411 491 675 547 procedendi
707 491 882 547 pompa,
923 505 1023 546 quae
1054 489 1135 531 hac
1164 489 1234 529 dic
1258 487 1314 528 ad
1336 485 1539 527 felicioris

73 569 117 604 et
152 563 418 618 augustioris
453 564 566 605 initii
600 563 957 620 significationem
995 561 1194 603 adhibita
1226 559 1336 608 fuit3
1368 558 1412 598 in
1443 556 1540 597 aliis

73 642 171 692 post
191 636 362 684 omissa,
384 652 482 678 eum
505 638 608 678 satis
630 644 743 678 esset
765 636 834 678 die
856 636 1033 677 sessioni
1054 633 1306 691 praestituto
1327 630 1540 673 Praelatos

73 710 117 751 in
140 709 398 752 cathedrali
440 711 537 766 ipsa
577 711 776 752 Ecclesia
815 709 1070 759 convenire3
1105 707 1197 755 ubi,
1238 720 1357 747 sacro
1396 704 1539 745 missae

73 783 278 831 confecto,
302 790 405 826 tunc
430 784 606 826 demum
631 784 845 840 pluvialia
865 784 1105 838 mitrasque
1125 779 1424 823 desumebant.
1487 777 1539 818 In

73 857 169 898 aliis
191 857 336 906 etiam,
374 858 411 899 si
439 859 516 914 qui
540 857 750 899 Oratores
771 857 1025 914 Principum
1056 862 1185 897 antea
1218 854 1262 895 in
1285 853 1538 909 Congrega·

74 930 190 971 tione
231 931 412 972 Patrum
453 931 578 986 prius
617 930 801 971 fuissent
842 929 1031 978 admissi,
1070 943 1183 969 nunc
1220 933 1318 983 post
1352 931 1539 967 statutas

73 1003 374 1059 solemnesque
393 1018 570 1059 precum
593 1002 867 1048 ceremonias,
885 1002 1062 1058 publice
1085 1000 1269 1057 Legatis
1290 999 1398 1055 ipsis
1418 1012 1537 1038 man-

73 1075 179 1116 data
200 1091 280 1116 sua
301 1075 586 1124 exhibebant,
621 1090 760 1131 eaque
784 1075 1050 1117 Secretarius
1071 1089 1124 1115 ex
1153 1080 1370 1129 suggestu
1392 1071 1539 1127 palam

74 1149 301 1197 recitabat,
327 1148 491 1205 adjecta
515 1149 686 1190 Sanctae
711 1148 875 1205 Synodi
896 1148 1188 1203 responsione.

132 1221 299 1263 Verum
333 1229 382 1262 ut
413 1237 527 1262 nunc
561 1223 757 1277 apertius
790 1236 969 1277 quoque
1002 1235 1165 1261 morem
1200 1219 1472 1261 decretorum
1495 1219 1538 1258 in

76 1295 274 1336 Sessione
302 1295 645 1344 sanciendorum,
682 1294 800 1351 quod
835 1309 980 1335 rerum
1006 1293 1198 1334 omnium
1228 1306 1328 1348 quae
1360 1292 1403 1332 in
1427 1290 1538 1331 Con-

73 1368 170 1409 cilio
192 1368 460 1424 gerebantur
480 1375 615 1424 caput
634 1376 740 1416 erat,
777 1375 875 1409 ante
904 1367 1050 1409 oculos
1081 1381 1307 1423 ponamus,
1339 1365 1539 1421 subjicie-

74 1457 170 1484 mus
186 1449 229 1484 et
243 1441 420 1484 decreta
440 1442 547 1497 ipsa,
572 1457 660 1498 quo
681 1442 860 1483 fuerunt
875 1442 918 1482 in
943 1440 1151 1496 praesenti
1174 1439 1372 1481 Sessione
1389 1438 1540 1479 ordine

72 1515 370 1572 promulgata,
407 1516 679 1571 Patrumque
712 1515 949 1556 sententias
984 1529 1037 1555 ex
1077 1511 1395 1569 authographis
1435 1511 1540 1567 ipsis

74 1596 316 1645 excerptas,
333 1595 377 1630 et
397 1588 673 1645 singulorum
696 1588 826 1630 etiam
848 1594 1025 1644 patrum
1046 1586 1234 1638 nomina,
1251 1586 1328 1642 qui
1350 1585 1540 1627 Sessioni

71 1661 378 1703 interfuerunt.

76 1781 306 1846 Sequitur
324 1782 536 1846 primum
558 1781 817 1828 Decretum
838 1780 888 1826 in
915 1779 1135 1827 Sessione
1154 1779 1533 1843 promulgatum,

519 1863 647 1926 quod
674 1862 763 1909 fuit
787 1860 1080 1926 hujusmodi.

132 1975 338 2017 Placetne
360 1975 495 2022 vobis,
519 1974 573 2016 ad
593 1973 765 2015 laudem
789 1979 833 2015 ct
855 1973 1035 2029 gloriam
1058 1978 1218 2013 sanctae
1240 1977 1284 2013 et
1302 1971 1537 2013 individuae

74 2048 317 2096 Trinitatis,
335 2048 479 2089 Patris
501 2055 545 2090 ct
566 2048 668 2090 Filii
689 2055 733 2088 et
755 2047 946 2103 Spiritus
967 2045 1127 2094 Sancti,
1147 2044 1202 2085 ad
1226 2045 1537 2086 incrementum

75 2128 120 2163 et
140 2121 448 2162 exaltationem
468 2120 569 2161 fidei
592 2128 635 2161 et
654 2120 878 2176 religionis
901 2118 1179 2167 Christianae,
1201 2133 1370 2159 sacrum
1400 2118 1536 2159 (Ecu-

75 2195 286 2236 menicum
320 2202 364 2236 ct
407 2194 610 2251 generale
653 2193 896 2234 Concilium
945 2191 1250 2233 Tridentinum
1287 2192 1329 2232 in
1370 2192 1536 2248 Spiritu

77 2269 232 2310 Sancto
252 2269 448 2325 legitime
477 2275 806 2325 congregatum,
831 2268 886 2308 ab
919 2267 1124 2308 hodierno
1158 2267 1241 2314 die,
1276 2268 1351 2323 qui
1387 2275 1453 2309 est
1485 2268 1537 2308 18

75 2342 232 2382 mensis
242 2342 270 2383 J
277 2342 456 2392 anuarii,
468 2343 568 2384 anni
582 2358 607 2383 a
618 2342 847 2383 nativitate
858 2340 1035 2382 Domini
1045 2340 1288 2381 MDLXII
1301 2340 1536 2382 Cathedrae

78 2412 284 2456 Romanae
324 2415 454 2457 Beati
505 2416 626 2457 Petri
666 2415 981 2471 Apostolorum
1023 2414 1230 2470 principis
1275 2422 1534 2463 consecrato,

78 2488 250 2530 sublata
272 2505 551 2546 quacumque
583 2489 863 2545 suspensione
894 2489 1027 2544 juxta
1048 2488 1230 2529 formam
1263 2495 1308 2529 et
1341 2495 1532 2529 tenorem

77 2559 321 2603 litterarum
348 2563 555 2604 Sanctismi
577 2562 756 2603 Domini
770 2562 905 2603 nostri
926 2561 995 2602 Pii
1018 2561 1085 2603 IV
1107 2561 1327 2602 Pontificis
1350 2561 1535 2602 Maximi

78 2633 300 2684 celebrari,
322 2642 366 2677 et
396 2636 440 2676 in
475 2651 524 2678 eo
560 2651 612 2677 ea
645 2635 794 2677 debito
830 2643 1004 2677 servato
1039 2635 1190 2676 ordine
1222 2635 1401 2676 tractari
1435 2650 1535 2691 quae

78 2709 424 2762 proponentibus
459 2709 640 2765 Legatis
676 2725 722 2750 ac
756 2709 1105 2764 prznsidentibus,
1139 2708 1193 2749 ad
1231 2707 1384 2748 horum
1428 2715 1534 2750 tem-

78 2792 230 2834 porum
263 2781 470 2824 levandas
503 2783 784 2831 calamitates,
818 2782 1028 2824 sedandas
1060 2782 1114 2823 de
1135 2781 1345 2838 religione
1371 2790 1535 2824 contro-

81 2853 252 2902 versias,
291 2856 543 2897 coercendas
575 2857 754 2913 linguas
785 2856 966 2903 dolosas,
990 2855 1329 2911 depravatorum
1364 2870 1532 2898 morum

1219 2943 1246 2969 D
1279 2930 1306 2969 2
