1905 3254
345 273 428 314 :398
967 287 1074 318 sess.
1101 288 1176 317 vn,

343 410 369 436 a
391 394 568 436 Christo
600 396 848 438 institutos:
883 396 1090 452 itemque,
1125 410 1208 445 eOS,
1232 396 1309 452 qui
1350 396 1595 437 Primatum
1631 395 1800 436 Summi

339 469 573 517 Pontificis,
609 484 655 510 ac
679 484 931 523 supremam
954 473 1049 525 ejus
1071 468 1386 510 authoritatem
1408 484 1494 509 non
1528 469 1799 509 confitentur.

338 541 500 597 Legati
532 541 806 598 respondent,
832 558 876 583 se
913 542 958 583 id
988 558 1073 583 non
1105 544 1485 600 praetermissuros,
1511 550 1726 599 quantum
1756 544 1800 583 in

340 615 402 655 eis
435 621 512 664 est,
547 616 795 665 dummodo,
825 618 860 657 si
890 623 1048 672 agatur
1080 616 1133 657 de
1163 616 1441 658 Institutione
1464 616 1799 672 Episcoporum,

340 686 587 729 declaretur
627 696 671 730 et
707 688 949 730 authoritas
981 689 1051 729 Sffii
1073 689 1114 729 in
1140 704 1225 736 eOS,
1265 689 1407 729 aliave
1438 695 1572 744 prout
1594 688 1802 728 Patribus

342 759 625 808 videbuntur,
666 777 745 803 nec
798 762 910 802 enim
965 761 1102 802 Italos
1143 776 1320 817 negare,
1365 761 1608 816 Episcopos
1644 775 1735 801 esse
1777 775 1802 800 a

342 832 516 873 Christo
536 833 771 882 institutos,
808 834 884 874 sed
908 833 1065 874 addere
1082 833 1161 874 hac
1182 848 1311 889 egere
1333 832 1634 880 declaratione,
1668 831 1799 888 quod,

343 905 442 952 viz„
480 912 583 945 sunt
617 920 642 945 a
664 905 843 946 Christo
875 920 960 946 non
994 904 1258 953 immediate,
1285 904 1360 945 scd
1387 905 1590 952 mediate,
1621 905 1802 945 Summo

343 977 552 1017 Pontifice
586 977 791 1018 instituti.
856 977 1071 1032 Itemque,
1096 976 1212 1032 quod
1246 983 1348 1017 sunt
1382 991 1406 1017 a
1436 976 1623 1024 Christo,
1657 975 1804 1031 quoad

344 1050 551 1097 ordinem,
574 1064 658 1091 non
681 1050 828 1106 quoad
844 1050 874 1091 J
879 1049 1213 1091 urisdictionem.
1257 1050 1300 1089 20
1316 1056 1475 1104 petunt
1495 1049 1540 1089 in
1561 1049 1606 1089 6⁰
1629 1049 1803 1089 Canone

343 1122 528 1164 tollatur
550 1121 596 1163 id
616 1123 813 1170 verbum,
839 1130 882 1164 et
902 1122 1018 1163 aliis:
1047 1123 1209 1178 Legati
1230 1122 1354 1164 facile
1378 1121 1674 1170 concederunt,
1697 1136 1802 1178 quo-

345 1195 463 1235 niam
486 1202 530 1236 et
552 1196 624 1236 alii
646 1195 691 1236 id
713 1197 948 1251 petierant,
973 1202 1016 1236 et
1038 1189 1312 1236 commodum
1334 1195 1585 1237 videbatur.
1645 1196 1717 1237 Ex
1738 1195 1805 1237 his

345 1267 487 1323 igitur
518 1275 696 1323 optatus
725 1268 902 1309 tandem
945 1269 1043 1309 finis
1072 1269 1338 1324 longissimae
1368 1269 1468 1310 huic
1500 1258 1803 1325 disputationi,

347 1338 637 1395 Lotharingio
660 1355 708 1380 ac
731 1340 872 1381 Gallis
894 1340 949 1381 ad
969 1347 1213 1382 extremum
1236 1341 1363 1382 valde
1397 1341 1721 1397 adjuvantibus,
1755 1356 1803 1382 ac

349 1412 448 1453 Deo
471 1413 688 1469 imprimis
712 1413 906 1463 authore,
941 1414 1024 1455 fuit
1055 1414 1300 1470 impositus,
1333 1414 1617 1470 doctrinaque
1649 1421 1693 1455 et
1721 1414 1803 1455 Ca-

348 1500 482 1527 nones
505 1502 566 1534 co,
592 1502 677 1542 quo
697 1486 827 1527 hodie
850 1494 1013 1535 extant,
1036 1487 1165 1527 modo
1187 1503 1211 1528 a
1232 1488 1439 1528 Patribus
1460 1488 1639 1543 recepti.

406 1559 554 1607 Nunc,
578 1565 629 1599 ut
652 1559 708 1599 ad
730 1574 781 1599 ea
802 1574 903 1614 quae
927 1559 1087 1600 scilicet
1122 1575 1147 1599 a
1178 1560 1305 1600 nobis
1334 1561 1579 1601 intermissa
1611 1561 1804 1610 fuerunt,

344 1630 679 1686 regrediamur.¹
746 1631 859 1671 Cum
896 1638 996 1686 post
1022 1632 1254 1673 Gallorum
1288 1633 1611 1688 Episcoporum
1648 1633 1806 1675 adven-

344 1711 438 1745 tum
460 1719 623 1760 magna
643 1704 712 1745 hic
730 1704 851 1760 apud
872 1705 1119 1756 nonnullos,
1140 1705 1216 1746 sed
1235 1710 1374 1761 major
1394 1706 1525 1747 ctiam
1542 1707 1693 1748 Romae
1714 1722 1803 1748 sus-

344 1778 459 1833 picio
482 1785 635 1819 exorta
665 1785 790 1826 esset,
813 1793 866 1818 ne
889 1778 996 1833 quid
1018 1777 1105 1820 haec
1125 1781 1256 1828 natio,
1294 1795 1392 1820 cum
1416 1795 1504 1835 qua
1525 1780 1705 1822 Praelati
1730 1781 1803 1821 alii

344 1850 474 1891 multi
504 1865 548 1891 se
581 1851 853 1906 conjunxisse
879 1850 1149 1900 dicebantur,
1178 1851 1385 1893 adversus
1414 1852 1559 1894 sedem
1582 1854 1803 1910 Apostoli-

345 1937 437 1962 cam
475 1922 727 1963 moliretur:
773 1922 930 1963 idcirco
968 1923 1062 1963 smus
1083 1923 1134 1964 D.
1178 1924 1237 1966 N.
1276 1929 1325 1965 ut
1365 1925 1568 1980 proprius
1610 1924 1804 1966 Concilio

344 1996 526 2043 sisteret,
561 2010 610 2036 ac
632 1996 932 2036 oborientibus
954 1997 1165 2052 periculis
1186 2005 1442 2043 occurreret,
1475 1998 1660 2039 Camillo
1676 1999 1802 2040 Pale-

344 2070 452 2109 ott0‘2
470 2068 545 2108 uni
567 2083 621 2109 ex
640 2069 696 2108 40
713 2068 832 2109 Viris
854 2069 1203 2110 Bononiensibus
1226 2071 1342 2126 apud
1364 2086 1462 2112 cum
1486 2079 1588 2112 tunc
1611 2071 1800 2118 Oratori‚

345 2156 392 2182 ac
415 2141 541 2182 fratri
562 2141 804 2190 Auditoris,
835 2143 1171 2198 significandum
1195 2146 1533 2201 magistratibus
1557 2146 1802 2187 Bononien-

343 2215 463 2255 sibus
479 2215 757 2271 injunxisset,
781 2216 984 2256 statuisse
1003 2216 1241 2258 Bononiam
1258 2233 1301 2258 sc
1319 2219 1645 2273 quamprimum
1664 2226 1800 2261 trans-

344 2287 471 2336 ferre,
499 2292 681 2344 jamque
715 2287 768 2328 de
800 2288 987 2329 Annona
1015 2304 1061 2329 ac
1093 2290 1261 2330 caeteris
1289 2291 1420 2331 rebus
1442 2306 1542 2346 quae
1570 2291 1626 2332 ad
1644 2293 1799 2349 recipi-

345 2359 497 2400 endam
529 2363 578 2400 ea
609 2360 653 2400 in
678 2359 869 2401 Civitate
901 2361 1171 2402 Pontificiam
1196 2361 1378 2403 Curiam
1401 2363 1502 2403 usui
1521 2363 1677 2411 forent,
1710 2364 1801 2406 late

346 2448 444 2472 cum
476 2448 526 2474 eo
561 2433 848 2475 disseruisset.
911 2434 1152 2490 Propterea
1171 2435 1334 2491 Legati
1353 2437 1625 2493 Episcopum
1648 2438 1800 2480 Venti-

344 2506 596 2554 miliensem,
627 2506 877 2548 Cardinalis
910 2508 1132 2549 Borromei
1168 2509 1551 2564 consanguineum,
1584 2517 1628 2552 et
1662 2512 1799 2567 Papae

343 2592 558 2633 perquam
602 2586 777 2634 gratum
816 2579 871 2621 ad
902 2580 1071 2622 Urbem
1109 2581 1385 2631 mittendum,
1428 2582 1679 2631 decernunt,
1722 2583 1799 2640 qui

345 2651 575 2693 Sanctitati
595 2667 684 2693 suae
708 2667 852 2694 rerum
876 2668 1088 2696 summam
1111 2654 1385 2710 Patrumque
1407 2655 1566 2706 studia,
1589 2671 1636 2698 ac
1657 2657 1798 2713 Lega-

389 2776 396 2794 ¹
423 2778 488 2808 The
504 2780 718 2818 retrogression
733 2781 768 2811 of
779 2781 829 2811 the
844 2781 1032 2821 chronology
1047 2782 1117 2812 here
1133 2786 1163 2812 to
1183 2782 1266 2812 1562
1281 2782 1396 2814 should
1413 2784 1450 2814 be
1465 2785 1613 2816 attended
1627 2790 1669 2816 to.

388 2828 400 2845 ²
423 2829 486 2859 The
502 2832 606 2861 reader
622 2832 687 2862 will
703 2834 805 2864 notice
822 2834 872 2864 the
888 2834 1100 2867 introduction
1117 2835 1151 2866 of
1164 2835 1215 2865 the
1228 2836 1363 2867 author‘s
1377 2836 1506 2867 brother.
