1905 3254
377 250 431 289 (3ss
1010 256 1122 286 snss.
1150 255 1193 284 11.

381 371 621 429 quisitionis
653 381 832 409 munere
868 364 1075 421 pluribus
1112 361 1233 402 annis
1267 361 1309 400 in
1343 356 1572 413 Hispaniis
1605 360 1704 395 sunt
1738 367 1835 409 per·
1893 338 1905 374 ξ’

380 446 530 487 functi.
595 444 687 484 Eos
725 441 952 485 affirmare,
987 437 1030 476 in
1064 448 1273 490 magnum
1311 431 1538 472 discrimen
1579 427 1835 482 religionem

384 518 654 560 Catholicam
687 515 739 556 iis
775 514 818 553 in
854 511 956 552 locis
993 508 1155 554 venire,
1189 506 1224 546 si
1257 505 1350 545 haec
1379 508 1516 559 janua
1538 500 1730 557 patefiat,
1754 512 1841 553 qua

385 589 714 631 Sanctissimum
731 583 845 625 illud
860 580 1079 623 Tribunal
1105 578 1211 619 adeo
1235 576 1358 617 facile
1382 574 1684 630 unusquisque
1705 569 1843 626 possit

382 662 580 704 evadere.

442 735 531 776 Hae
568 734 770 778 rationes,
808 744 905 771 cum
942 728 1188 783 legatorum
1228 724 1392 764 animos
1430 719 1558 761 valde
1600 721 1839 762 moverent,
1895 742 1897 746 -

385 813 730 860 vererenturque
747 803 892 849 ctiam,
915 816 966 841 ne
982 800 1124 840 Sacrae
1149 795 1426 852 Inquisitioni
1449 795 1492 833 in
1515 792 1639 833 Urbe
1659 789 1753 830 haec
1775 803 1843 829 res

385 879 705 923 incommodum
731 873 909 931 aliquod
941 879 1087 928 posset
1110 870 1275 917 afferre,
1301 866 1544 924 praesertim
1575 864 1678 920 quia
1714 863 1843 902 Sanc·
1894 863 1898 900 ἶ

385 954 578 996 tissimus
601 950 770 1006 pridem
795 962 866 988 eos
888 951 1131 990 monuerat,
1169 949 1218 983 ut
1253 943 1297 982 in
1334 947 1423 981 toto
1444 939 1523 979 hoc
1552 936 1725 992 negotio
1748 949 1842 975 eam

391 1028 560 1068 Sanctae
583 1020 885 1078 Inquisitionis
915 1018 1125 1058 rationem
1150 1014 1377 1059 haberent,
1403 1025 1534 1067 quam
1556 1010 1642 1065 ipsi
1664 1023 1718 1048 ex
1741 1022 1844 1063 pru·
1894 1001 1899 1065 ξ

387 1098 535 1141 dentia
572 1111 649 1137 sua
686 1094 753 1135 his
786 1091 1059 1147 temporibus
1092 1087 1374 1129 necessariam
1405 1099 1497 1125 esse
1532 1082 1844 1125 existimarent,
1897 1091 1900 1093 ’

388 1174 546 1215 idcirco
569 1172 711 1212 animo
747 1167 969 1222 ancipites,
993 1164 1180 1204 delectos
1209 1175 1368 1207 omnes,
1392 1157 1711 1211 nonnullosque
1740 1154 1846 1195 alios

391 1246 606 1288 Praelatos
629 1242 780 1284 eadem
805 1239 872 1279 die
895 1243 1133 1283 accersunt,
1157 1249 1291 1289 reque
1321 1247 1418 1273 cum
1442 1232 1493 1271 iis
1517 1229 1845 1276 communicata,
1895 1237 1898 1241 ·

394 1319 578 1374 cupiunt
594 1316 805 1357 rationem
821 1313 1013 1368 aliquam
1031 1310 1156 1356 inire,
1172 1323 1224 1348 ne
1247 1308 1289 1347 in
1311 1306 1391 1346 hac
1414 1304 1498 1346 fide
1515 1302 1695 1359 publica
1717 1301 1848 1341 inclu-

390 1392 551 1432 dantur
573 1389 615 1435 ii,
641 1387 716 1443 qui
735 1390 825 1442 jam
850 1383 971 1440 apud
994 1375 1278 1437 Inquisitores
1301 1377 1437 1418 delati
1459 1382 1573 1421 sunt,
1598 1374 1846 1430 praecipue·
1894 1397 1899 1410 .

391 1479 478 1521 que
499 1464 543 1504 in
565 1460 883 1516 Hispaniarum
918 1457 1078 1512 regnis.
1141 1454 1232 1494 Diu
1266 1452 1515 1492 laboratum
1551 1454 1626 1496 est,
1653 1454 1703 1488 ut
1734 1453 1850 1487 certa
1895 1485 1898 1492 ,

394 1538 542 1592 aliqua
571 1532 814 1575 securitatis
850 1530 987 1570 forma
1015 1529 1363 1570 constitueretur.
1398 1539 1511 1580 quae,
1550 1522 1670 1563 salva
1701 1519 1851 1577 synodi
1894 1537 1899 1547 ·

392 1610 622 1665 dignitate,
645 1605 820 1646 nullum
845 1617 976 1643 sacrae
998 1615 1230 1657 regnorum
1253 1599 1428 1639 illorum
1444 1593 1725 1651 Inquisitioni
1737 1607 1850 1649 prae-
1894 1628 1898 1655 ἒ

387 1681 601 1737 judicium
624 1678 778 1720 afferre
796 1682 953 1732 posset.

450 1753 651 1796 Tandem
674 1766 771 1792 cum
794 1749 991 1805 proxime
1015 1746 1213 1787 sessionis
1235 1744 1328 1785 dies
1349 1744 1544 1789 instaret,
1577 1755 1655 1781 nec
1675 1739 1854 1795 longius
1894 1742 1899 1790 j

393 1826 721 1872 deliberationis
755 1823 946 1878 spatium
982 1818 1299 1865 concederetur,
1337 1817 1478 1856 visum
1511 1815 1596 1855 fuit
1617 1814 1661 1853 in
1682 1812 1852 1853 decreto
1894 1795 1899 1821 ⁵

394 1897 716 1959 promulgando
752 1895 938 1936 invitare
971 1899 1142 1933 tantum
1179 1889 1489 1945 benignissime
1534 1899 1854 1941 quoscumque3
1894 1873 1900 1911 Ϊ

399 1976 567 2018 nullam
590 1979 737 2014 autem
754 1984 867 2010 nunc
884 1967 1014 2008 fidem
1029 1965 1253 2022 publicam
1276 1963 1363 2003 illis
1385 1960 1592 2016 polliceri,
1616 1958 1692 1999 sed
1713 1957 1791 1998 hoc
1811 1958 1856 1998 in

397 2046 663 2090 commodius
696 2051 874 2098 tempus
911 2036 1220 2081 excutiendum
1254 2049 1491 2081 reservare,
1523 2033 1619 2080 viz„
1652 2032 1696 2071 in
1728 2045 1854 2086 gene-

396 2122 563 2164 ralibus
586 2120 771 2160 Patrum
788 2111 1222 2170 Congregationibus
1237 2116 1334 2165 post
1352 2108 1598 2164 proximam
1615 2105 1854 2146 Sessionem
1894 2097 1898 2104 ¹

397 2193 626 2243 habendis,
668 2197 718 2231 ut
760 2188 932 2244 singula
970 2194 1074 2227 tunc
1110 2183 1356 2224 accuratius
1398 2181 1564 2237 possint
1601 2176 1853 2220 consultari.
1893 2190 1898 2234 f

400 2269 542 2324 quue
564 2266 650 2306 fuit
671 2266 715 2305 in
739 2277 879 2309 causa,
904 2266 953 2301 ut
983 2274 1095 2299 nova
1118 2257 1278 2298 decreti
1314 2255 1501 2296 formula
1522 2267 1703 2309 prorsus
1725 2250 1858 2292 fuerit
1893 2243 1896 2250 ’

400 2343 567 2389 omissa,
607 2339 691 2380 alia
727 2342 873 2378 autem
908 2349 934 2374 a
968 2331 1147 2373 delectis
1180 2329 1383 2386 patribus
1411 2326 1649 2383 composita
1670 2339 1783 2365 nunc
1813 2323 1858 2363 in

400 2417 513 2459 hunc
536 2428 710 2456 sensum
734 2407 1059 2452 accommodata
1082 2404 1226 2445 fuerit.

581 2537 840 2583 Decretum
866 2529 1174 2577 emendatum
1201 2544 1228 2573 a
1252 2526 1459 2573 delectis.
1497 2523 1575 2570 fol.
1608 2524 1681 2568 17.

460 2657 594 2697 Lecto
617 2669 667 2695 eo
688 2650 841 2693 deinde
864 2648 1084 2694 Patribus,
1119 2660 1265 2687 omnes
1302 2645 1392 2685 fere
1427 2641 1651 2683 unanimes
1683 2637 1795 2678 illud
1815 2650 1860 2677 se
1892 2650 1905 2694 ¹·

403 2730 590 2786 probare
634 2723 966 2780 responderunt,
1025 2718 1377 2760 commendantes
1429 2715 1559 2756 etiam
1602 2711 1858 2753 industriam
1903 2727 1905 2729 ¹

403 2803 585 2842 Patrum
615 2798 896 2843 delectorum,
935 2809 982 2834 ae
1015 2793 1222 2837 laborem,
1262 2805 1409 2846 quem,
1447 2786 1615 2843 publici
1648 2781 1857 2826 commodi
1892 2785 1895 2794 ¹
