1905 3254
708 286 816 316 sess.
843 286 903 317 v1.
1453 279 1536 318 245

68 385 192 435 vires,
216 387 475 445 faciliusque
509 391 713 446 imperito
744 394 912 449 populo
943 394 1040 436 hine
1072 397 1383 451 persuadetur,
1406 400 1465 441 sie
1486 408 1531 441 et

67 467 225 503 caetera
256 462 389 519 hujus
423 465 694 508 Saeramenti
726 469 950 511 immutari
980 487 1119 526 posse,
1152 481 1231 514 aut
1252 489 1335 515 non
1358 477 1531 517 omnino

64 548 156 574 esse
178 535 364 584 firmum,
389 537 507 591 quod
528 540 692 580 anobis
711 540 921 583 hactenus
943 543 1173 586 defensum
1192 553 1268 588 est.
1314 547 1529 591 Hau-utici

65 606 126 646 nil
159 608 299 663 magis
332 617 548 663 quaerunt,
592 627 725 667 quam
762 615 975 656 unitatem
1012 616 1119 659 hane
1154 620 1363 661 Ecclesiae
1398 624 1530 664 variis

62 679 232 720 artibus
254 681 457 723 scindere.
520 684 656 725 Porro
678 687 895 728 novitates
917 705 1065 731 omncs
1096 692 1321 747 fugiendae
1344 703 1460 743 sunt,
1484 704 1528 737 ct

63 752 254 806 antiquis
275 753 586 796 traditionibus
606 764 815 813 tanquam
839 762 989 802 tutiori
1012 765 1174 819 regulae
1196 764 1466 809 haerendum.

62 890 376 941 Conditiones
415 898 711 959 apponenda}
754 901 791 946 si
835 903 1028 964 quando
1071 907 1363 954 concedatur
1400 926 1525 955 eom-

445 980 611 1027 munio
637 982 725 1029 sub
750 990 953 1046 utraque
975 987 1144 1048 specie.

119 1087 215 1128 ΡΜ).
249 1089 379 1139 Quod
399 1091 440 1130 in
463 1093 676 1140 omnibus,
699 1101 787 1135 tam
811 1096 922 1137 cirea
950 1097 1029 1138 hoe
1050 1100 1365 1144 sanctissimum
1388 1119 1525 1146 sacra-

59 1165 269 1207 mentum,
294 1168 337 1202 et
358 1163 501 1204 omnia
523 1165 607 1205 alia
635 1176 917 1216 sacramenta,
953 1186 1084 1225 quam
1119 1173 1229 1213 circa
1251 1189 1524 1231 quaeeunque

60 1234 145 1275 alia
164 1236 427 1290 pertinentia
449 1238 503 1279 ad
524 1239 652 1280 fidem
676 1257 723 1281 ac
746 1243 868 1291 ritus,
891 1245 1157 1286 conforment
1179 1262 1222 1287 se
1245 1263 1341 1288 cum
1365 1250 1525 1292 Sancta

60 1307 257 1350 Romana
274 1311 393 1359 Ecca,
412 1319 454 1353 et
477 1314 767 1356 confiteantur
788 1317 830 1356 in
854 1317 1016 1372 primis,
1035 1325 1080 1358 et
1101 1327 1328 1375 acceptent
1349 1322 1523 1365 decreta

60 1388 103 1422 et
126 1381 212 1423 alia
234 1383 290 1423 ab
313 1383 391 1425 hoe
415 1385 572 1427 Sancto
596 1386 791 1429 Concilio
814 1390 1051 1431 terminata
1072 1398 1115 1433 ct
1136 1393 1420 1436 terminanda.

116 1459 172 1499 2⁰.
209 1459 403 1502 Credant
432 1468 475 1502 et
495 1462 679 1504 doceant
707 1465 1059 1507 consuetudinem
1091 1468 1147 1507 ab
1170 1468 1273 1509 Ecc³
1294 1471 1521 1525 probatam

26 1536 28 1538 ’
59 1537 103 1571 et
133 1531 209 1572 diu
240 1533 531 1583 observatam,
568 1536 668 1584 viz„
697 1538 1042 1579 communicandi
1072 1541 1156 1580 sub
1179 1541 1319 1583 altera
1350 1550 1520 1586 tantum

57 1605 200 1660 specie
221 1620 324 1654 esse,
343 1606 502 1648 nedum
521 1617 851 1650 consentaneam
870 1610 1017 1651 divino
1032 1614 1137 1668 juri,
1160 1615 1235 1655 sed
1259 1616 1521 1658 laudabilem

59 1684 103 1718 et
136 1692 215 1732 pro
250 1678 350 1734 lege
385 1680 716 1730 observandam,
759 1683 839 1722 nisi
874 1684 930 1724 ab
971 1684 1077 1725 Ecc⁴¹
1110 1686 1237 1727 aliter
1273 1696 1519 1740 statuatu1·;

58 1757 102 1792 et
119 1751 237 1806 quod
258 1752 386 1793 aliter
407 1754 688 1809 pertinaciter
710 1756 942 1796 sentientes
964 1756 1160 1799 Heretici
1184 1767 1286 1801 sunt
1307 1763 1519 1804 censendi.

117 1825 171 1865 3⁰.
207 1825 335 1875 Quod
358 1827 435 1866 S¹¹¹0
457 1827 515 1868 D.
532 1829 589 1868 N.
609 1828 745 1884 Papae
760 1835 967 1885 tanquam
988 1832 1249 1874 universalis
1266 1836 1376 1877 Eccoe
1390 1838 1519 1894 Epis-

58 1912 167 1953 copo
189 1905 232 1939 et
254 1899 438 1947 Pastori,
462 1900 578 1941 fideli
600 1908 644 1942 et
665 1902 830 1942 sincero
854 1903 1010 1953 animo,
1034 1911 1241 1961 tanquam
1268 1909 1521 1953 obedientes

57 1971 150 2020 filii,
171 1987 341 2014 omnem
364 1974 656 2016 obedientiam
680 1976 932 2019 exhibeant.

114 2046 173 2086 4⁰.
209 2046 339 2096 Quod
359 2047 727 2105 Archiepiscopis,
752 2051 983 2107 Episcopis
1017 2059 1059 2093 et
1090 2053 1185 2094 aliis
1207 2055 1410 2099 Praelatis
1430 2060 1520 2100 suis

58 2117 258 2160 similiter
279 2120 571 2162 obedientiam
594 2129 637 2163 et
659 2125 946 2166 reverentiam
971 2134 1194 2181 praestent.

115 2193 172 2233 5⁰.
208 2193 337 2243 Quod
378 2209 459 2235 usu
500 2195 596 2252 ipso
629 2204 674 2238 et
707 2199 977 2253 experientia
1011 2215 1090 2255 per
1124 2201 1302 2256 aliquod
1343 2210 1518 2262 tempus

58 2265 182 2320 prius
203 2267 527 2322 comprobetur,
555 2269 650 2309 illos
680 2269 722 2310 in
745 2271 923 2325 reliquis
956 2272 1087 2312 rebus
1110 2273 1356 2329 Religionis
1376 2278 1518 2318 nobis-

57 2351 155 2376 cum
179 2339 432 2389 convenire3
466 2346 510 2380 et
530 2340 687 2382 deinde
709 2342 753 2382 id
774 2358 826 2383 ex
850 2344 994 2399 gratia
1014 2351 1179 2400 petant,
1202 2361 1285 2386 non
1308 2353 1517 2403 tanquam

57 2407 270 2458 debitum,
293 2426 370 2453 nec
393 2415 683 2454 necessarium
707 2414 761 2455 ad
782 2416 985 2465 salutem,
1020 2417 1095 2458 sed
1125 2434 1178 2459 ex
1212 2434 1332 2460 mera
1355 2427 1398 2461 et
1420 2436 1516 2477 spe-

59 2481 154 2522 ciali
173 2484 328 2539 gratia.

114 2555 170 2595 6⁰.
206 2557 252 2597 Si
285 2558 584 2600 concedendus
618 2561 699 2602 erit
733 2561 876 2609 Calix,
914 2563 1175 2605 concedatur
1207 2566 1443 2622 unicuique
1476 2569 1518 2609 in

59 2627 291 2672 Provincia
310 2647 390 2672 sua
412 2639 598 2682 tantum,
622 2650 704 2675 non
728 2635 770 2675 in
794 2636 889 2676 aliis
911 2636 1025 2677 locis.

118 2701 172 2744 7⁰.
208 2704 307 2745 Non
330 2707 594 2761 compellant
615 2707 798 2763 aliquos,
822 2716 871 2750 ut
894 2710 974 2751 isto
998 2710 1122 2751 modo
1144 2714 1471 2756 communicent.
