<?xml version="1.0" encoding="UTF-8"?>
<!DOCTYPE html PUBLIC "-//W3C//DTD XHTML 1.0 Transitional//EN"
    "http://www.w3.org/TR/xhtml1/DTD/xhtml1-transitional.dtd">
<html xmlns="http://www.w3.org/1999/xhtml" xml:lang="en" lang="en">
 <head>
  <title>
</title>
<meta http-equiv="Content-Type" content="text/html;charset=utf-8" />
  <meta name='ocr-system' content='tesseract 3.04.00' />
  <meta name='ocr-capabilities' content='ocr_page ocr_carea ocr_par ocr_line ocrx_word'/>
</head>
<body>
  <div class='ocr_page' id='page_1' title='image "actaconciliitrid00paleuoft_0804.png"; bbox 0 0 1905 3254; ppageno 0'>
   <div class='ocr_carea' id='block_1_1' title="bbox 330 309 1161 356">
    <p class='ocr_par' dir='ltr' id='par_1_1' title="bbox 330 309 1161 356">
     <span class='ocr_line' id='line_1_1' title="bbox 330 309 1161 356; baseline 0.011 -8"><span class='ocrx_word' id='word_1_1' title='bbox 330 309 410 349; x_wconf 83' lang='lat'>584</span> <span class='ocrx_word' id='word_1_2' title='bbox 952 326 1058 356; x_wconf 64' lang='lat' dir='ltr'>sess.</span> <span class='ocrx_word' id='word_1_3' title='bbox 1084 327 1161 356; x_wconf 72' lang='lat' dir='ltr'>vu.</span> 
     </span>
    </p>
   </div>
   <div class='ocr_carea' id='block_1_2' title="bbox 328 431 1790 2828">
    <p class='ocr_par' dir='ltr' id='par_1_2' title="bbox 334 431 1789 767">
     <span class='ocr_line' id='line_1_2' title="bbox 394 431 1787 488; baseline 0 -16"><span class='ocrx_word' id='word_1_4' title='bbox 394 431 445 472; x_wconf 89' lang='lat' dir='ltr'>R.</span> <span class='ocrx_word' id='word_1_5' title='bbox 468 431 523 471; x_wconf 92' lang='lat' dir='ltr'>D.</span> <span class='ocrx_word' id='word_1_6' title='bbox 551 432 919 488; x_wconf 87' lang='lat' dir='ltr'>Archiepiscopus</span> <span class='ocrx_word' id='word_1_7' title='bbox 941 433 1233 473; x_wconf 86' lang='lat' dir='ltr'>Messanensis</span> <span class='ocrx_word' id='word_1_8' title='bbox 1253 433 1393 483; x_wconf 82' lang='lat' dir='ltr'>dixit3</span> <span class='ocrx_word' id='word_1_9' title='bbox 1427 433 1570 473; x_wconf 89' lang='lat' dir='ltr'>omnia</span> <span class='ocrx_word' id='word_1_10' title='bbox 1591 432 1787 488; x_wconf 77' lang='lat' dir='ltr'>placent3</span> 
     </span>
     <span class='ocr_line' id='line_1_3' title="bbox 335 505 1789 560; baseline 0.001 -17"><span class='ocrx_word' id='word_1_11' title='bbox 335 519 385 544; x_wconf 92' lang='lat' dir='ltr'>ea</span> <span class='ocrx_word' id='word_1_12' title='bbox 406 510 565 553; x_wconf 86' lang='lat' dir='ltr'>tamen,</span> <span class='ocrx_word' id='word_1_13' title='bbox 601 520 701 560; x_wconf 79' lang='lat' dir='ltr'>quae</span> <span class='ocrx_word' id='word_1_14' title='bbox 735 505 850 546; x_wconf 87' lang='lat' dir='ltr'>dicta</span> <span class='ocrx_word' id='word_1_15' title='bbox 883 513 983 547; x_wconf 91' lang='lat' dir='ltr'>sunt</span> <span class='ocrx_word' id='word_1_16' title='bbox 1015 505 1069 546; x_wconf 89' lang='lat' dir='ltr'>de</span> <span class='ocrx_word' id='word_1_17' title='bbox 1104 505 1199 547; x_wconf 74' lang='lat' dir='ltr'>Rmis</span> <span class='ocrx_word' id='word_1_18' title='bbox 1224 506 1534 547; x_wconf 84' lang='lat' dir='ltr'>Cardinalibus</span> <span class='ocrx_word' id='word_1_19' title='bbox 1569 505 1696 546; x_wconf 87' lang='lat' dir='ltr'>etiam</span> <span class='ocrx_word' id='word_1_20' title='bbox 1730 505 1789 545; x_wconf 84' lang='lat' dir='ltr'>sic</span> 
     </span>
     <span class='ocr_line' id='line_1_4' title="bbox 336 567 1788 638; baseline 0.001 -21"><span class='ocrx_word' id='word_1_21' title='bbox 336 578 523 633; x_wconf 86' lang='lat' dir='ltr'>placent,</span> <span class='ocrx_word' id='word_1_22' title='bbox 560 579 737 635; x_wconf 91' lang='lat' dir='ltr'>dempto</span> <span class='ocrx_word' id='word_1_23' title='bbox 776 587 920 621; x_wconf 86' lang='lat' dir='ltr'>tamen</span> <span class='ocrx_word' id='word_1_24' title='bbox 942 581 1059 636; x_wconf 92' lang='lat' dir='ltr'>quod</span> <span class='ocrx_word' id='word_1_25' title='bbox 1090 582 1313 638; x_wconf 79' lang='lat' dir='ltr'>colligitur</span> <span class='ocrx_word' id='word_1_26' title='bbox 1347 581 1491 628; x_wconf 78' lang='lat' dir='ltr'>tacite,</span> <span class='ocrx_word' id='word_1_27' title='bbox 1510 567 1643 635; x_wconf 43' lang='lat' dir='ltr'>&#39;quod</span> <span class='ocrx_word' id='word_1_28' title='bbox 1677 593 1788 619; x_wconf 89' lang='lat' dir='ltr'>com-</span> 
     </span>
     <span class='ocr_line' id='line_1_5' title="bbox 336 652 1789 712; baseline 0 -20"><span class='ocrx_word' id='word_1_29' title='bbox 336 653 504 693; x_wconf 76' lang='lat' dir='ltr'>mendae</span> <span class='ocrx_word' id='word_1_30' title='bbox 545 654 893 709; x_wconf 85' lang='lat' dir='ltr'>Episcopatuum</span> <span class='ocrx_word' id='word_1_31' title='bbox 935 662 978 696; x_wconf 88' lang='lat' dir='ltr'>et</span> <span class='ocrx_word' id='word_1_32' title='bbox 1020 655 1488 712; x_wconf 88' lang='lat' dir='ltr'>Archiepiscopatuum</span> <span class='ocrx_word' id='word_1_33' title='bbox 1525 653 1689 709; x_wconf 82' lang='lat' dir='ltr'>possint</span> <span class='ocrx_word' id='word_1_34' title='bbox 1729 652 1789 693; x_wconf 91' lang='lat' dir='ltr'>eis</span> 
     </span>
     <span class='ocr_line' id='line_1_6' title="bbox 334 726 518 767; baseline 0.005 -1"><span class='ocrx_word' id='word_1_35' title='bbox 334 726 518 767; x_wconf 89' lang='lat' dir='ltr'>concedi.</span> 
     </span>
    </p>

    <p class='ocr_par' dir='ltr' id='par_1_3' title="bbox 334 799 1789 986">
     <span class='ocr_line' id='line_1_7' title="bbox 393 799 1789 856; baseline 0 -16"><span class='ocrx_word' id='word_1_36' title='bbox 393 800 447 840; x_wconf 88' lang='lat' dir='ltr'>R.</span> <span class='ocrx_word' id='word_1_37' title='bbox 472 800 528 840; x_wconf 90' lang='lat' dir='ltr'>D.</span> <span class='ocrx_word' id='word_1_38' title='bbox 563 802 804 856; x_wconf 84' lang='lat' dir='ltr'>Episcopus</span> <span class='ocrx_word' id='word_1_39' title='bbox 834 802 1083 842; x_wconf 88' lang='lat' dir='ltr'>Militiensis</span> <span class='ocrx_word' id='word_1_40' title='bbox 1114 802 1236 849; x_wconf 85' lang='lat' dir='ltr'>dixit,</span> <span class='ocrx_word' id='word_1_41' title='bbox 1269 802 1490 843; x_wconf 84' lang='lat' dir='ltr'>decretum</span> <span class='ocrx_word' id='word_1_42' title='bbox 1524 799 1789 841; x_wconf 82' lang='lat' dir='ltr'>Residentiae</span> 
     </span>
     <span class='ocr_line' id='line_1_8' title="bbox 334 873 1789 928; baseline 0 -15"><span class='ocrx_word' id='word_1_43' title='bbox 334 888 419 913; x_wconf 89' lang='lat' dir='ltr'>non</span> <span class='ocrx_word' id='word_1_44' title='bbox 442 873 598 928; x_wconf 87' lang='lat' dir='ltr'>placet,</span> <span class='ocrx_word' id='word_1_45' title='bbox 623 873 699 914; x_wconf 90' lang='lat' dir='ltr'>sed</span> <span class='ocrx_word' id='word_1_46' title='bbox 719 875 902 914; x_wconf 78' lang='lat' dir='ltr'>remittit</span> <span class='ocrx_word' id='word_1_47' title='bbox 924 889 967 914; x_wconf 88' lang='lat' dir='ltr'>se</span> <span class='ocrx_word' id='word_1_48' title='bbox 1002 874 1173 915; x_wconf 90' lang='lat' dir='ltr'>decreto</span> <span class='ocrx_word' id='word_1_49' title='bbox 1194 875 1306 915; x_wconf 85' lang='lat' dir='ltr'>facto</span> <span class='ocrx_word' id='word_1_50' title='bbox 1328 874 1411 914; x_wconf 91' lang='lat' dir='ltr'>sub</span> <span class='ocrx_word' id='word_1_51' title='bbox 1440 873 1580 914; x_wconf 90' lang='lat' dir='ltr'>Paulo</span> <span class='ocrx_word' id='word_1_52' title='bbox 1602 874 1725 928; x_wconf 88' lang='lat' dir='ltr'>Papa</span> <span class='ocrx_word' id='word_1_53' title='bbox 1747 873 1789 912; x_wconf 86' lang='lat'>3⁰</span> 
     </span>
     <span class='ocr_line' id='line_1_9' title="bbox 334 945 849 986; baseline 0 -2"><span class='ocrx_word' id='word_1_54' title='bbox 334 945 377 985; x_wconf 90' lang='lat' dir='ltr'>in</span> <span class='ocrx_word' id='word_1_55' title='bbox 400 945 479 985; x_wconf 92' lang='lat' dir='ltr'>hoc</span> <span class='ocrx_word' id='word_1_56' title='bbox 502 961 620 986; x_wconf 85' lang='lat' dir='ltr'>sacro</span> <span class='ocrx_word' id='word_1_57' title='bbox 643 946 849 986; x_wconf 82' lang='lat' dir='ltr'>Concilio.</span> 
     </span>
    </p>

    <p class='ocr_par' dir='ltr' id='par_1_4' title="bbox 337 1016 1790 1145">
     <span class='ocr_line' id='line_1_10' title="bbox 391 1016 1790 1073; baseline -0.002 -15"><span class='ocrx_word' id='word_1_58' title='bbox 391 1017 443 1058; x_wconf 89' lang='lat' dir='ltr'>R.</span> <span class='ocrx_word' id='word_1_59' title='bbox 468 1017 525 1058; x_wconf 92' lang='lat' dir='ltr'>D.</span> <span class='ocrx_word' id='word_1_60' title='bbox 550 1017 952 1073; x_wconf 86' lang='lat' dir='ltr'>Philadelphiensis</span> <span class='ocrx_word' id='word_1_61' title='bbox 977 1016 1100 1065; x_wconf 85' lang='lat' dir='ltr'>dixit,</span> <span class='ocrx_word' id='word_1_62' title='bbox 1125 1017 1244 1073; x_wconf 88' lang='lat' dir='ltr'>quod</span> <span class='ocrx_word' id='word_1_63' title='bbox 1281 1018 1325 1058; x_wconf 85' lang='lat' dir='ltr'>in</span> <span class='ocrx_word' id='word_1_64' title='bbox 1352 1017 1591 1058; x_wconf 83' lang='lat' dir='ltr'>Seminario</span> <span class='ocrx_word' id='word_1_65' title='bbox 1614 1016 1790 1056; x_wconf 84' lang='lat' dir='ltr'>alantur</span> 
     </span>
     <span class='ocr_line' id='line_1_11' title="bbox 337 1089 972 1145; baseline -0.003 -14"><span class='ocrx_word' id='word_1_66' title='bbox 337 1091 464 1145; x_wconf 89' lang='lat' dir='ltr'>pueri</span> <span class='ocrx_word' id='word_1_67' title='bbox 484 1105 625 1145; x_wconf 91' lang='lat' dir='ltr'>usque</span> <span class='ocrx_word' id='word_1_68' title='bbox 649 1089 704 1130; x_wconf 90' lang='lat' dir='ltr'>ad</span> <span class='ocrx_word' id='word_1_69' title='bbox 726 1091 780 1130; x_wconf 77' lang='lat'>25</span> <span class='ocrx_word' id='word_1_70' title='bbox 800 1105 972 1130; x_wconf 88' lang='lat' dir='ltr'>annum.</span> 
     </span>
    </p>

    <p class='ocr_par' dir='ltr' id='par_1_5' title="bbox 335 1162 1788 1292">
     <span class='ocr_line' id='line_1_12' title="bbox 392 1162 1788 1220; baseline -0.001 -16"><span class='ocrx_word' id='word_1_71' title='bbox 392 1163 445 1204; x_wconf 87' lang='lat' dir='ltr'>R.</span> <span class='ocrx_word' id='word_1_72' title='bbox 479 1163 535 1204; x_wconf 90' lang='lat' dir='ltr'>D.</span> <span class='ocrx_word' id='word_1_73' title='bbox 568 1163 599 1204; x_wconf 83' lang='lat' dir='ltr'>J</span> <span class='ocrx_word' id='word_1_74' title='bbox 603 1164 972 1220; x_wconf 87' lang='lat' dir='ltr'>ustinopolitanus</span> <span class='ocrx_word' id='word_1_75' title='bbox 1013 1164 1132 1205; x_wconf 83' lang='lat' dir='ltr'>dedit</span> <span class='ocrx_word' id='word_1_76' title='bbox 1167 1163 1417 1205; x_wconf 82' lang='lat' dir='ltr'>schedulam</span> <span class='ocrx_word' id='word_1_77' title='bbox 1459 1162 1619 1203; x_wconf 91' lang='lat' dir='ltr'>tenoris</span> <span class='ocrx_word' id='word_1_78' title='bbox 1658 1162 1788 1202; x_wconf 85' lang='lat' dir='ltr'>infra-</span> 
     </span>
     <span class='ocr_line' id='line_1_13' title="bbox 335 1237 601 1292; baseline 0 -15"><span class='ocrx_word' id='word_1_79' title='bbox 335 1237 496 1292; x_wconf 82' lang='lat' dir='ltr'>scripti,</span> <span class='ocrx_word' id='word_1_80' title='bbox 522 1237 601 1277; x_wconf 82' lang='lat' dir='ltr'>viz.</span> 
     </span>
    </p>

    <p class='ocr_par' dir='ltr' id='par_1_6' title="bbox 331 1310 1790 1951">
     <span class='ocr_line' id='line_1_14' title="bbox 392 1310 1787 1367; baseline -0.001 -17"><span class='ocrx_word' id='word_1_81' title='bbox 392 1310 630 1352; x_wconf 82' lang='lat' dir='ltr'>Decretum</span> <span class='ocrx_word' id='word_1_82' title='bbox 653 1311 706 1352; x_wconf 88' lang='lat' dir='ltr'>de</span> <span class='ocrx_word' id='word_1_83' title='bbox 728 1311 983 1352; x_wconf 85' lang='lat' dir='ltr'>Residentia</span> <span class='ocrx_word' id='word_1_84' title='bbox 1016 1311 1202 1367; x_wconf 87' lang='lat' dir='ltr'>probare</span> <span class='ocrx_word' id='word_1_85' title='bbox 1234 1326 1287 1351; x_wconf 81' lang='lat' dir='ltr'>ex</span> <span class='ocrx_word' id='word_1_86' title='bbox 1313 1311 1456 1350; x_wconf 92' lang='lat' dir='ltr'>animo</span> <span class='ocrx_word' id='word_1_87' title='bbox 1482 1324 1566 1350; x_wconf 91' lang='lat' dir='ltr'>non</span> <span class='ocrx_word' id='word_1_88' title='bbox 1597 1323 1787 1364; x_wconf 86' lang='lat' dir='ltr'>possum,</span> 
     </span>
     <span class='ocr_line' id='line_1_15' title="bbox 334 1382 1788 1439; baseline -0.001 -16"><span class='ocrx_word' id='word_1_89' title='bbox 334 1390 569 1438; x_wconf 87' lang='lat' dir='ltr'>propterea</span> <span class='ocrx_word' id='word_1_90' title='bbox 592 1384 723 1439; x_wconf 88' lang='lat' dir='ltr'>quod,</span> <span class='ocrx_word' id='word_1_91' title='bbox 748 1400 844 1425; x_wconf 90' lang='lat' dir='ltr'>cum</span> <span class='ocrx_word' id='word_1_92' title='bbox 866 1391 967 1425; x_wconf 86' lang='lat' dir='ltr'>vota</span> <span class='ocrx_word' id='word_1_93' title='bbox 996 1385 1179 1424; x_wconf 86' lang='lat' dir='ltr'>Patrum</span> <span class='ocrx_word' id='word_1_94' title='bbox 1201 1398 1281 1439; x_wconf 89' lang='lat' dir='ltr'>pro</span> <span class='ocrx_word' id='word_1_95' title='bbox 1306 1383 1460 1438; x_wconf 84' lang='lat' dir='ltr'>majori</span> <span class='ocrx_word' id='word_1_96' title='bbox 1486 1396 1665 1422; x_wconf 88' lang='lat' dir='ltr'>numero</span> <span class='ocrx_word' id='word_1_97' title='bbox 1696 1382 1788 1422; x_wconf 80' lang='lat' dir='ltr'>fue·</span> 
     </span>
     <span class='ocr_line' id='line_1_16' title="bbox 332 1455 1790 1512; baseline -0.001 -17"><span class='ocrx_word' id='word_1_98' title='bbox 332 1456 429 1504; x_wconf 87' lang='lat' dir='ltr'>rint,</span> <span class='ocrx_word' id='word_1_99' title='bbox 469 1463 519 1497; x_wconf 91' lang='lat' dir='ltr'>ut</span> <span class='ocrx_word' id='word_1_100' title='bbox 550 1471 634 1497; x_wconf 91' lang='lat' dir='ltr'>non</span> <span class='ocrx_word' id='word_1_101' title='bbox 666 1457 1031 1498; x_wconf 81' lang='lat' dir='ltr'>determinaretur</span> <span class='ocrx_word' id='word_1_102' title='bbox 1066 1472 1153 1512; x_wconf 91' lang='lat' dir='ltr'>quo</span> <span class='ocrx_word' id='word_1_103' title='bbox 1178 1461 1279 1512; x_wconf 83' lang='lat' dir='ltr'>jure</span> <span class='ocrx_word' id='word_1_104' title='bbox 1310 1462 1542 1497; x_wconf 85' lang='lat' dir='ltr'>teneantur</span> <span class='ocrx_word' id='word_1_105' title='bbox 1577 1455 1790 1510; x_wconf 84' lang='lat' dir='ltr'>Episcopi</span> 
     </span>
     <span class='ocr_line' id='line_1_17' title="bbox 333 1529 1788 1585; baseline 0 -17"><span class='ocrx_word' id='word_1_106' title='bbox 333 1529 532 1571; x_wconf 76' lang='lat' dir='ltr'>residere.</span> <span class='ocrx_word' id='word_1_107' title='bbox 570 1530 672 1571; x_wconf 87' lang='lat' dir='ltr'>satis</span> <span class='ocrx_word' id='word_1_108' title='bbox 712 1545 863 1571; x_wconf 88' lang='lat' dir='ltr'>vereor</span> <span class='ocrx_word' id='word_1_109' title='bbox 912 1545 964 1571; x_wconf 93' lang='lat' dir='ltr'>ne</span> <span class='ocrx_word' id='word_1_110' title='bbox 1005 1530 1243 1571; x_wconf 80' lang='lat' dir='ltr'>Decretum</span> <span class='ocrx_word' id='word_1_111' title='bbox 1284 1531 1431 1585; x_wconf 90' lang='lat' dir='ltr'>ipsum</span> <span class='ocrx_word' id='word_1_112' title='bbox 1477 1529 1788 1584; x_wconf 85' lang='lat' dir='ltr'>multiplicium</span> 
     </span>
     <span class='ocr_line' id='line_1_18' title="bbox 333 1600 1788 1642; baseline 0.001 -3"><span class='ocrx_word' id='word_1_113' title='bbox 333 1600 631 1641; x_wconf 82' lang='lat' dir='ltr'>scandalorum</span> <span class='ocrx_word' id='word_1_114' title='bbox 656 1601 856 1642; x_wconf 87' lang='lat' dir='ltr'>futurum</span> <span class='ocrx_word' id='word_1_115' title='bbox 875 1602 931 1642; x_wconf 85' lang='lat' dir='ltr'>sit</span> <span class='ocrx_word' id='word_1_116' title='bbox 953 1602 1245 1642; x_wconf 88' lang='lat' dir='ltr'>seminarium.</span> <span class='ocrx_word' id='word_1_117' title='bbox 1311 1601 1424 1642; x_wconf 75' lang='lat' dir='ltr'>Haec</span> <span class='ocrx_word' id='word_1_118' title='bbox 1446 1607 1594 1641; x_wconf 87' lang='lat' dir='ltr'>autem</span> <span class='ocrx_word' id='word_1_119' title='bbox 1619 1601 1662 1640; x_wconf 94' lang='lat' dir='ltr'>in</span> <span class='ocrx_word' id='word_1_120' title='bbox 1686 1601 1788 1641; x_wconf 85' lang='lat' dir='ltr'>actis</span> 
     </span>
     <span class='ocr_line' id='line_1_19' title="bbox 331 1661 1788 1729; baseline 0 -15"><span class='ocrx_word' id='word_1_121' title='bbox 331 1673 505 1729; x_wconf 90' lang='lat' dir='ltr'>postulo</span> <span class='ocrx_word' id='word_1_122' title='bbox 527 1674 737 1714; x_wconf 87' lang='lat' dir='ltr'>adnotari.</span> <span class='ocrx_word' id='word_1_123' title='bbox 804 1675 912 1716; x_wconf 62' lang='lat' dir='ltr'>Hane</span> <span class='ocrx_word' id='word_1_124' title='bbox 932 1690 1015 1715; x_wconf 95' lang='lat' dir='ltr'>non</span> <span class='ocrx_word' id='word_1_125' title='bbox 1040 1683 1104 1716; x_wconf 88' lang='lat' dir='ltr'>est</span> <span class='ocrx_word' id='word_1_126' title='bbox 1137 1676 1377 1723; x_wconf 78' lang='lat' dir='ltr'>sententia3</span> <span class='ocrx_word' id='word_1_127' title='bbox 1412 1681 1615 1723; x_wconf 81' lang='lat' dir='ltr'>attamen,</span> <span class='ocrx_word' id='word_1_128' title='bbox 1639 1674 1674 1714; x_wconf 90' lang='lat' dir='ltr'>si</span> <span class='ocrx_word' id='word_1_129' title='bbox 1704 1661 1788 1714; x_wconf 84' lang='lat' dir='ltr'>Pa-</span> 
     </span>
     <span class='ocr_line' id='line_1_20' title="bbox 331 1748 1788 1804; baseline 0 -17"><span class='ocrx_word' id='word_1_130' title='bbox 331 1754 447 1788; x_wconf 90' lang='lat' dir='ltr'>trum</span> <span class='ocrx_word' id='word_1_131' title='bbox 462 1762 634 1788; x_wconf 88' lang='lat' dir='ltr'>concors</span> <span class='ocrx_word' id='word_1_132' title='bbox 648 1748 780 1789; x_wconf 87' lang='lat' dir='ltr'>fuerit</span> <span class='ocrx_word' id='word_1_133' title='bbox 795 1749 1007 1789; x_wconf 89' lang='lat' dir='ltr'>sententia</span> <span class='ocrx_word' id='word_1_134' title='bbox 1018 1749 1062 1788; x_wconf 96' lang='lat' dir='ltr'>in</span> <span class='ocrx_word' id='word_1_135' title='bbox 1076 1749 1339 1804; x_wconf 84' lang='lat' dir='ltr'>oppositum,</span> <span class='ocrx_word' id='word_1_136' title='bbox 1354 1763 1466 1789; x_wconf 89' lang='lat' dir='ltr'>nunc</span> <span class='ocrx_word' id='word_1_137' title='bbox 1484 1763 1636 1789; x_wconf 81' lang='lat' dir='ltr'>revoco</span> <span class='ocrx_word' id='word_1_138' title='bbox 1648 1762 1788 1788; x_wconf 89' lang='lat' dir='ltr'>meam</span> 
     </span>
     <span class='ocr_line' id='line_1_21' title="bbox 332 1821 1787 1877; baseline 0.001 -16"><span class='ocrx_word' id='word_1_139' title='bbox 332 1821 533 1876; x_wconf 88' lang='lat' dir='ltr'>priorem,</span> <span class='ocrx_word' id='word_1_140' title='bbox 558 1828 601 1862; x_wconf 89' lang='lat' dir='ltr'>et</span> <span class='ocrx_word' id='word_1_141' title='bbox 628 1821 780 1877; x_wconf 81' lang='lat' dir='ltr'>redigo</span> <span class='ocrx_word' id='word_1_142' title='bbox 806 1822 1075 1862; x_wconf 85' lang='lat' dir='ltr'>intellectum</span> <span class='ocrx_word' id='word_1_143' title='bbox 1107 1837 1253 1862; x_wconf 89' lang='lat' dir='ltr'>meum</span> <span class='ocrx_word' id='word_1_144' title='bbox 1281 1822 1324 1862; x_wconf 92' lang='lat' dir='ltr'>in</span> <span class='ocrx_word' id='word_1_145' title='bbox 1358 1822 1616 1877; x_wconf 84' lang='lat' dir='ltr'>obsequium</span> <span class='ocrx_word' id='word_1_146' title='bbox 1640 1821 1787 1862; x_wconf 85' lang='lat' dir='ltr'>Sacro-</span> 
     </span>
     <span class='ocr_line' id='line_1_22' title="bbox 332 1894 1768 1951; baseline -0.001 -16"><span class='ocrx_word' id='word_1_147' title='bbox 332 1895 467 1935; x_wconf 88' lang='lat' dir='ltr'>sancti</span> <span class='ocrx_word' id='word_1_148' title='bbox 488 1894 665 1935; x_wconf 87' lang='lat' dir='ltr'>concilii.</span> <span class='ocrx_word' id='word_1_149' title='bbox 730 1896 796 1935; x_wconf 88' lang='lat' dir='ltr'>Fr.</span> <span class='ocrx_word' id='word_1_150' title='bbox 821 1895 1012 1936; x_wconf 82' lang='lat' dir='ltr'>Thomas</span> <span class='ocrx_word' id='word_1_151' title='bbox 1035 1895 1183 1943; x_wconf 81' lang='lat' dir='ltr'>Stella,</span> <span class='ocrx_word' id='word_1_152' title='bbox 1207 1896 1332 1951; x_wconf 84' lang='lat' dir='ltr'>Epis.</span> <span class='ocrx_word' id='word_1_153' title='bbox 1352 1895 1768 1950; x_wconf 85' lang='lat' dir='ltr'>Justinopolitanus.</span> 
     </span>
    </p>

    <p class='ocr_par' dir='ltr' id='par_1_7' title="bbox 331 1966 1787 2081">
     <span class='ocr_line' id='line_1_23' title="bbox 389 1966 1787 2022; baseline 0 -15"><span class='ocrx_word' id='word_1_154' title='bbox 389 1966 442 2007; x_wconf 87' lang='lat' dir='ltr'>R.</span> <span class='ocrx_word' id='word_1_155' title='bbox 467 1967 524 2007; x_wconf 88' lang='lat' dir='ltr'>D.</span> <span class='ocrx_word' id='word_1_156' title='bbox 547 1967 835 2008; x_wconf 87' lang='lat' dir='ltr'>Viterbiensis</span> <span class='ocrx_word' id='word_1_157' title='bbox 861 1967 982 2008; x_wconf 86' lang='lat' dir='ltr'>dedit</span> <span class='ocrx_word' id='word_1_158' title='bbox 1008 1967 1259 2009; x_wconf 82' lang='lat' dir='ltr'>schedulam</span> <span class='ocrx_word' id='word_1_159' title='bbox 1284 1969 1443 2009; x_wconf 89' lang='lat' dir='ltr'>tenoris</span> <span class='ocrx_word' id='word_1_160' title='bbox 1465 1968 1787 2022; x_wconf 89' lang='lat' dir='ltr'>subsequentis,</span> 
     </span>
     <span class='ocr_line' id='line_1_24' title="bbox 331 2041 414 2081; baseline 0.012 -1"><span class='ocrx_word' id='word_1_161' title='bbox 331 2041 414 2081; x_wconf 86' lang='lat' dir='ltr'>viz.</span> 
     </span>
    </p>

    <p class='ocr_par' dir='ltr' id='par_1_8' title="bbox 328 2113 1788 2828">
     <span class='ocr_line' id='line_1_25' title="bbox 389 2113 1787 2171; baseline 0 -16"><span class='ocrx_word' id='word_1_162' title='bbox 389 2114 570 2155; x_wconf 87' lang='lat' dir='ltr'>Placent</span> <span class='ocrx_word' id='word_1_163' title='bbox 592 2116 736 2155; x_wconf 89' lang='lat' dir='ltr'>omnia</span> <span class='ocrx_word' id='word_1_164' title='bbox 757 2115 995 2170; x_wconf 86' lang='lat' dir='ltr'>proposita,</span> <span class='ocrx_word' id='word_1_165' title='bbox 1019 2122 1200 2170; x_wconf 89' lang='lat' dir='ltr'>excepto</span> <span class='ocrx_word' id='word_1_166' title='bbox 1223 2114 1341 2171; x_wconf 91' lang='lat' dir='ltr'>quod</span> <span class='ocrx_word' id='word_1_167' title='bbox 1368 2116 1412 2155; x_wconf 93' lang='lat' dir='ltr'>in</span> <span class='ocrx_word' id='word_1_168' title='bbox 1434 2115 1606 2156; x_wconf 90' lang='lat' dir='ltr'>decreto</span> <span class='ocrx_word' id='word_1_169' title='bbox 1627 2114 1680 2155; x_wconf 86' lang='lat' dir='ltr'>de</span> <span class='ocrx_word' id='word_1_170' title='bbox 1702 2113 1787 2155; x_wconf 86' lang='lat' dir='ltr'>Re-</span> 
     </span>
     <span class='ocr_line' id='line_1_26' title="bbox 330 2185 1787 2242; baseline 0.001 -17"><span class='ocrx_word' id='word_1_171' title='bbox 330 2185 528 2233; x_wconf 83' lang='lat' dir='ltr'>sidentia,</span> <span class='ocrx_word' id='word_1_172' title='bbox 555 2186 632 2226; x_wconf 90' lang='lat' dir='ltr'>ubi</span> <span class='ocrx_word' id='word_1_173' title='bbox 656 2187 803 2242; x_wconf 82' lang='lat' dir='ltr'>agitur</span> <span class='ocrx_word' id='word_1_174' title='bbox 837 2186 889 2226; x_wconf 88' lang='lat' dir='ltr'>de</span> <span class='ocrx_word' id='word_1_175' title='bbox 924 2186 1103 2227; x_wconf 87' lang='lat' dir='ltr'>Curatis</span> <span class='ocrx_word' id='word_1_176' title='bbox 1132 2187 1425 2235; x_wconf 87' lang='lat' dir='ltr'>inferioribus,</span> <span class='ocrx_word' id='word_1_177' title='bbox 1462 2186 1636 2227; x_wconf 88' lang='lat' dir='ltr'>videtur</span> <span class='ocrx_word' id='word_1_178' title='bbox 1658 2187 1787 2226; x_wconf 88' lang='lat' dir='ltr'>nimis</span> 
     </span>
     <span class='ocr_line' id='line_1_27' title="bbox 331 2256 1786 2314; baseline 0.001 -16"><span class='ocrx_word' id='word_1_179' title='bbox 331 2256 438 2298; x_wconf 90' lang='lat' dir='ltr'>dure</span> <span class='ocrx_word' id='word_1_180' title='bbox 461 2273 556 2298; x_wconf 90' lang='lat' dir='ltr'>cum</span> <span class='ocrx_word' id='word_1_181' title='bbox 579 2258 667 2299; x_wconf 91' lang='lat' dir='ltr'>illis</span> <span class='ocrx_word' id='word_1_182' title='bbox 688 2259 773 2314; x_wconf 85' lang='lat' dir='ltr'>agi,</span> <span class='ocrx_word' id='word_1_183' title='bbox 796 2274 891 2298; x_wconf 88' lang='lat' dir='ltr'>cum</span> <span class='ocrx_word' id='word_1_184' title='bbox 921 2274 1005 2299; x_wconf 91' lang='lat' dir='ltr'>non</span> <span class='ocrx_word' id='word_1_185' title='bbox 1026 2259 1312 2314; x_wconf 84' lang='lat' dir='ltr'>permittatur</span> <span class='ocrx_word' id='word_1_186' title='bbox 1335 2260 1396 2300; x_wconf 87' lang='lat' dir='ltr'>eis</span> <span class='ocrx_word' id='word_1_187' title='bbox 1417 2258 1637 2299; x_wconf 84' lang='lat' dir='ltr'>discedere</span> <span class='ocrx_word' id='word_1_188' title='bbox 1661 2274 1786 2314; x_wconf 85' lang='lat' dir='ltr'>posse</span> 
     </span>
     <span class='ocr_line' id='line_1_28' title="bbox 331 2331 1786 2388; baseline 0 -16"><span class='ocrx_word' id='word_1_189' title='bbox 331 2347 355 2372; x_wconf 88' lang='lat' dir='ltr'>a</span> <span class='ocrx_word' id='word_1_190' title='bbox 377 2331 589 2372; x_wconf 86' lang='lat' dir='ltr'>Parochia</span> <span class='ocrx_word' id='word_1_191' title='bbox 610 2333 740 2372; x_wconf 90' lang='lat' dir='ltr'>etiam</span> <span class='ocrx_word' id='word_1_192' title='bbox 763 2347 842 2387; x_wconf 88' lang='lat' dir='ltr'>per</span> <span class='ocrx_word' id='word_1_193' title='bbox 863 2332 977 2372; x_wconf 91' lang='lat' dir='ltr'>diem</span> <span class='ocrx_word' id='word_1_194' title='bbox 1000 2332 1091 2372; x_wconf 88' lang='lat' dir='ltr'>sine</span> <span class='ocrx_word' id='word_1_195' title='bbox 1114 2332 1289 2373; x_wconf 87' lang='lat' dir='ltr'>licentia</span> <span class='ocrx_word' id='word_1_196' title='bbox 1309 2333 1352 2372; x_wconf 92' lang='lat' dir='ltr'>in</span> <span class='ocrx_word' id='word_1_197' title='bbox 1374 2332 1545 2388; x_wconf 88' lang='lat' dir='ltr'>scriptis</span> <span class='ocrx_word' id='word_1_198' title='bbox 1558 2332 1786 2387; x_wconf 85' lang='lat' dir='ltr'>Episcopi,</span> 
     </span>
     <span class='ocr_line' id='line_1_29' title="bbox 331 2403 1788 2460; baseline 0 -16"><span class='ocrx_word' id='word_1_199' title='bbox 331 2405 437 2459; x_wconf 89' lang='lat' dir='ltr'>quin</span> <span class='ocrx_word' id='word_1_200' title='bbox 450 2406 673 2446; x_wconf 83' lang='lat' dir='ltr'>incurrant</span> <span class='ocrx_word' id='word_1_201' title='bbox 688 2412 916 2460; x_wconf 88' lang='lat' dir='ltr'>peccatum</span> <span class='ocrx_word' id='word_1_202' title='bbox 939 2404 1122 2445; x_wconf 87' lang='lat' dir='ltr'>mortale</span> <span class='ocrx_word' id='word_1_203' title='bbox 1138 2421 1148 2453; x_wconf 79' lang='lat'>3</span> <span class='ocrx_word' id='word_1_204' title='bbox 1183 2405 1252 2445; x_wconf 90' lang='lat' dir='ltr'>cui</span> <span class='ocrx_word' id='word_1_205' title='bbox 1270 2405 1498 2445; x_wconf 80' lang='lat' dir='ltr'>sententiae</span> <span class='ocrx_word' id='word_1_206' title='bbox 1520 2405 1643 2445; x_wconf 89' lang='lat' dir='ltr'>nullo</span> <span class='ocrx_word' id='word_1_207' title='bbox 1660 2403 1788 2444; x_wconf 91' lang='lat' dir='ltr'>modo</span> 
     </span>
     <span class='ocr_line' id='line_1_30' title="bbox 330 2475 1787 2526; baseline -0.001 -9"><span class='ocrx_word' id='word_1_208' title='bbox 330 2477 436 2518; x_wconf 90' lang='lat' dir='ltr'>mihi</span> <span class='ocrx_word' id='word_1_209' title='bbox 459 2477 635 2519; x_wconf 89' lang='lat' dir='ltr'>videtur</span> <span class='ocrx_word' id='word_1_210' title='bbox 657 2478 1034 2526; x_wconf 89' lang='lat' dir='ltr'>subscribendum,</span> <span class='ocrx_word' id='word_1_211' title='bbox 1058 2485 1152 2519; x_wconf 88' lang='lat' dir='ltr'>tum</span> <span class='ocrx_word' id='word_1_212' title='bbox 1175 2477 1431 2518; x_wconf 67' lang='lat' dir='ltr'>conscientia</span> <span class='ocrx_word' id='word_1_213' title='bbox 1465 2492 1561 2517; x_wconf 89' lang='lat' dir='ltr'>mea</span> <span class='ocrx_word' id='word_1_214' title='bbox 1592 2477 1655 2517; x_wconf 90' lang='lat' dir='ltr'>ita</span> <span class='ocrx_word' id='word_1_215' title='bbox 1680 2475 1787 2516; x_wconf 86' lang='lat' dir='ltr'>mihi</span> 
     </span>
     <span class='ocr_line' id='line_1_31' title="bbox 331 2549 1787 2605; baseline -0.002 -13"><span class='ocrx_word' id='word_1_216' title='bbox 331 2550 557 2600; x_wconf 88' lang='lat' dir='ltr'>suadente,</span> <span class='ocrx_word' id='word_1_217' title='bbox 580 2559 674 2592; x_wconf 89' lang='lat' dir='ltr'>tum</span> <span class='ocrx_word' id='word_1_218' title='bbox 697 2552 842 2599; x_wconf 85' lang='lat' dir='ltr'>etiam,</span> <span class='ocrx_word' id='word_1_219' title='bbox 865 2566 918 2592; x_wconf 84' lang='lat' dir='ltr'>ne</span> <span class='ocrx_word' id='word_1_220' title='bbox 940 2551 1167 2592; x_wconf 88' lang='lat' dir='ltr'>videamur</span> <span class='ocrx_word' id='word_1_221' title='bbox 1190 2551 1287 2591; x_wconf 88' lang='lat' dir='ltr'>aliis</span> <span class='ocrx_word' id='word_1_222' title='bbox 1308 2565 1464 2605; x_wconf 90' lang='lat' dir='ltr'>parum</span> <span class='ocrx_word' id='word_1_223' title='bbox 1488 2550 1604 2605; x_wconf 86' lang='lat' dir='ltr'>aequi</span> <span class='ocrx_word' id='word_1_224' title='bbox 1616 2549 1787 2605; x_wconf 83' lang='lat' dir='ltr'>judices</span> 
     </span>
     <span class='ocr_line' id='line_1_32' title="bbox 328 2622 1787 2680; baseline -0.002 -15"><span class='ocrx_word' id='word_1_225' title='bbox 328 2627 473 2672; x_wconf 86' lang='lat' dir='ltr'>fuisse,</span> <span class='ocrx_word' id='word_1_226' title='bbox 515 2640 689 2666; x_wconf 85' lang='lat' dir='ltr'>causam</span> <span class='ocrx_word' id='word_1_227' title='bbox 730 2625 814 2666; x_wconf 80' lang='lat' dir='ltr'>viz.</span> <span class='ocrx_word' id='word_1_228' title='bbox 853 2632 1045 2666; x_wconf 87' lang='lat' dir='ltr'>nostram</span> <span class='ocrx_word' id='word_1_229' title='bbox 1084 2624 1261 2680; x_wconf 85' lang='lat' dir='ltr'>largius,</span> <span class='ocrx_word' id='word_1_230' title='bbox 1304 2630 1347 2664; x_wconf 88' lang='lat' dir='ltr'>et</span> <span class='ocrx_word' id='word_1_231' title='bbox 1399 2623 1583 2663; x_wconf 88' lang='lat' dir='ltr'>alienam</span> <span class='ocrx_word' id='word_1_232' title='bbox 1634 2622 1787 2663; x_wconf 87' lang='lat' dir='ltr'>durius</span> 
     </span>
     <span class='ocr_line' id='line_1_33' title="bbox 331 2696 1783 2754; baseline -0.002 -15"><span class='ocrx_word' id='word_1_233' title='bbox 331 2705 533 2753; x_wconf 80' lang='lat' dir='ltr'>agentes3</span> <span class='ocrx_word' id='word_1_234' title='bbox 566 2706 608 2740; x_wconf 92' lang='lat' dir='ltr'>et</span> <span class='ocrx_word' id='word_1_235' title='bbox 629 2699 732 2753; x_wconf 88' lang='lat' dir='ltr'>quia</span> <span class='ocrx_word' id='word_1_236' title='bbox 743 2698 876 2738; x_wconf 90' lang='lat' dir='ltr'>nimio</span> <span class='ocrx_word' id='word_1_237' title='bbox 898 2698 976 2739; x_wconf 89' lang='lat' dir='ltr'>hoc</span> <span class='ocrx_word' id='word_1_238' title='bbox 997 2698 1140 2754; x_wconf 83' lang='lat' dir='ltr'>rigore</span> <span class='ocrx_word' id='word_1_239' title='bbox 1155 2697 1500 2738; x_wconf 89' lang='lat' dir='ltr'>deterrebuntur</span> <span class='ocrx_word' id='word_1_240' title='bbox 1518 2696 1783 2743; x_wconf 84' lang='lat' dir='ltr'>Sacerdotes,</span> 
     </span>
     <span class='ocr_line' id='line_1_34' title="bbox 329 2772 1784 2828; baseline -0.001 -16"><span class='ocrx_word' id='word_1_241' title='bbox 329 2772 486 2812; x_wconf 88' lang='lat' dir='ltr'>nedum</span> <span class='ocrx_word' id='word_1_242' title='bbox 508 2773 561 2813; x_wconf 89' lang='lat' dir='ltr'>ad</span> <span class='ocrx_word' id='word_1_243' title='bbox 584 2772 892 2828; x_wconf 87' lang='lat' dir='ltr'>acceptandam</span> <span class='ocrx_word' id='word_1_244' title='bbox 911 2787 1057 2813; x_wconf 87' lang='lat' dir='ltr'>curam</span> <span class='ocrx_word' id='word_1_245' title='bbox 1074 2772 1329 2817; x_wconf 86' lang='lat' dir='ltr'>animarum,</span> <span class='ocrx_word' id='word_1_246' title='bbox 1346 2786 1514 2820; x_wconf 87' lang='lat' dir='ltr'>verum,</span> <span class='ocrx_word' id='word_1_247' title='bbox 1529 2773 1650 2826; x_wconf 82' lang='lat' dir='ltr'>quas&#39;</span> <span class='ocrx_word' id='word_1_248' title='bbox 1671 2786 1784 2812; x_wconf 91' lang='lat' dir='ltr'>nunc</span> 
     </span>
    </p>
   </div>
   <div class='ocr_carea' id='block_1_3' title="bbox 371 2861 1779 2903">
    <p class='ocr_par' dir='ltr' id='par_1_9' title="bbox 371 2861 1779 2903">
     <span class='ocr_line' id='line_1_35' title="bbox 371 2861 1779 2903; baseline 0 -12"><span class='ocrx_word' id='word_1_249' title='bbox 371 2861 379 2878; x_wconf 84' lang='lat'>¹</span> <span class='ocrx_word' id='word_1_250' title='bbox 405 2862 470 2891; x_wconf 86' lang='lat' dir='ltr'>The</span> <span class='ocrx_word' id='word_1_251' title='bbox 486 2863 614 2901; x_wconf 71' lang='lat' dir='ltr'>turning</span> <span class='ocrx_word' id='word_1_252' title='bbox 629 2874 706 2903; x_wconf 83' lang='lat' dir='ltr'>quas</span> <span class='ocrx_word' id='word_1_253' title='bbox 722 2863 786 2894; x_wconf 87' lang='lat' dir='ltr'>into</span> <span class='ocrx_word' id='word_1_254' title='bbox 803 2874 880 2903; x_wconf 83' lang='lat' dir='ltr'>quos</span> <span class='ocrx_word' id='word_1_255' title='bbox 897 2862 962 2893; x_wconf 88' lang='lat' dir='ltr'>will</span> <span class='ocrx_word' id='word_1_256' title='bbox 989 2862 1063 2901; x_wconf 85' lang='lat' dir='ltr'>only</span> <span class='ocrx_word' id='word_1_257' title='bbox 1081 2862 1172 2893; x_wconf 83' lang='lat' dir='ltr'>make</span> <span class='ocrx_word' id='word_1_258' title='bbox 1188 2861 1238 2892; x_wconf 79' lang='lat' dir='ltr'>the</span> <span class='ocrx_word' id='word_1_259' title='bbox 1253 2866 1398 2892; x_wconf 77' lang='lat' dir='ltr'>sentence</span> <span class='ocrx_word' id='word_1_260' title='bbox 1415 2861 1564 2902; x_wconf 80' lang='lat' dir='ltr'>partially</span> <span class='ocrx_word' id='word_1_261' title='bbox 1580 2861 1779 2901; x_wconf 81' lang='lat' dir='ltr'>intelligible.</span> 
     </span>
    </p>
   </div>
   <div class='ocr_carea' id='block_1_4' title="bbox 1879 0 1905 3185">
    <p class='ocr_par' dir='ltr' id='par_1_10' title="bbox 1879 0 1905 3185">
     <span class='ocr_line' id='line_1_36' title="bbox 1879 0 1905 3185; baseline 0 0"><span class='ocrx_word' id='word_1_262' title='bbox 1879 0 1905 3185; x_wconf 95' lang='lat' dir='ltr'> </span> 
     </span>
    </p>
   </div>
  </div>
 </body>
</html>
