<?xml version="1.0" encoding="UTF-8"?>
<!DOCTYPE html PUBLIC "-//W3C//DTD XHTML 1.0 Transitional//EN"
    "http://www.w3.org/TR/xhtml1/DTD/xhtml1-transitional.dtd">
<html xmlns="http://www.w3.org/1999/xhtml" xml:lang="en" lang="en">
 <head>
  <title>
</title>
<meta http-equiv="Content-Type" content="text/html;charset=utf-8" />
  <meta name='ocr-system' content='tesseract 3.04.00' />
  <meta name='ocr-capabilities' content='ocr_page ocr_carea ocr_par ocr_line ocrx_word'/>
</head>
<body>
  <div class='ocr_page' id='page_1' title='image "actaconciliitrid00paleuoft_0443.png"; bbox 0 0 1905 3254; ppageno 0'>
   <div class='ocr_carea' id='block_1_1' title="bbox 691 308 1532 352">
    <p class='ocr_par' dir='ltr' id='par_1_1' title="bbox 691 308 1532 352">
     <span class='ocr_line' id='line_1_1' title="bbox 691 308 1532 352; baseline -0.006 0"><span class='ocrx_word' id='word_1_1' title='bbox 691 322 799 352; x_wconf 60' lang='lat' dir='ltr'>sess.</span> <span class='ocrx_word' id='word_1_2' title='bbox 827 322 903 352; x_wconf 79' lang='lat' dir='ltr'>vn.</span> <span class='ocrx_word' id='word_1_3' title='bbox 1450 308 1532 348; x_wconf 83' lang='lat'>309</span> 
     </span>
    </p>
   </div>
   <div class='ocr_carea' id='block_1_2' title="bbox 61 428 1528 2730">
    <p class='ocr_par' dir='ltr' id='par_1_2' title="bbox 61 428 1528 2730">
     <span class='ocr_line' id='line_1_2' title="bbox 70 428 1528 485; baseline 0.001 -16"><span class='ocrx_word' id='word_1_4' title='bbox 70 428 205 477; x_wconf 84' lang='lat' dir='ltr'>dedit,</span> <span class='ocrx_word' id='word_1_5' title='bbox 239 444 423 485; x_wconf 90' lang='lat' dir='ltr'>quarum</span> <span class='ocrx_word' id='word_1_6' title='bbox 455 428 680 484; x_wconf 77' lang='lat' dir='ltr'>praecipua</span> <span class='ocrx_word' id='word_1_7' title='bbox 709 444 760 470; x_wconf 89' lang='lat' dir='ltr'>ea</span> <span class='ocrx_word' id='word_1_8' title='bbox 781 429 938 485; x_wconf 88' lang='lat' dir='ltr'>capita,</span> <span class='ocrx_word' id='word_1_9' title='bbox 961 444 1060 485; x_wconf 87' lang='lat' dir='ltr'>quae</span> <span class='ocrx_word' id='word_1_10' title='bbox 1090 434 1299 485; x_wconf 86' lang='lat' dir='ltr'>maj0rem</span> <span class='ocrx_word' id='word_1_11' title='bbox 1320 444 1346 470; x_wconf 90' lang='lat' dir='ltr'>a</span> <span class='ocrx_word' id='word_1_12' title='bbox 1367 445 1435 471; x_wconf 92' lang='lat' dir='ltr'>me</span> <span class='ocrx_word' id='word_1_13' title='bbox 1456 444 1528 470; x_wconf 88' lang='lat' dir='ltr'>ex-</span> 
     </span>
     <span class='ocr_line' id='line_1_3' title="bbox 70 500 1527 556; baseline 0.001 -16"><span class='ocrx_word' id='word_1_14' title='bbox 70 501 345 555; x_wconf 86' lang='lat' dir='ltr'>plicationem</span> <span class='ocrx_word' id='word_1_15' title='bbox 378 500 641 548; x_wconf 78' lang='lat' dir='ltr'>desiderant,</span> <span class='ocrx_word' id='word_1_16' title='bbox 673 516 752 555; x_wconf 87' lang='lat' dir='ltr'>pro</span> <span class='ocrx_word' id='word_1_17' title='bbox 785 516 848 548; x_wconf 87' lang='lat' dir='ltr'>ea,</span> <span class='ocrx_word' id='word_1_18' title='bbox 883 516 984 556; x_wconf 83' lang='lat' dir='ltr'>quae</span> <span class='ocrx_word' id='word_1_19' title='bbox 1006 501 1112 542; x_wconf 89' lang='lat' dir='ltr'>mihi</span> <span class='ocrx_word' id='word_1_20' title='bbox 1145 501 1310 542; x_wconf 85' lang='lat' dir='ltr'>credita</span> <span class='ocrx_word' id='word_1_21' title='bbox 1330 507 1408 548; x_wconf 87' lang='lat' dir='ltr'>est,</span> <span class='ocrx_word' id='word_1_22' title='bbox 1429 500 1527 548; x_wconf 84' lang='lat' dir='ltr'>fide,</span> 
     </span>
     <span class='ocr_line' id='line_1_4' title="bbox 69 573 1520 629; baseline 0.001 -16"><span class='ocrx_word' id='word_1_23' title='bbox 69 574 294 629; x_wconf 85' lang='lat' dir='ltr'>explicabo</span> <span class='ocrx_word' id='word_1_24' title='bbox 323 588 454 628; x_wconf 88' lang='lat' dir='ltr'>quam</span> <span class='ocrx_word' id='word_1_25' title='bbox 475 573 729 613; x_wconf 84' lang='lat' dir='ltr'>brevissime</span> <span class='ocrx_word' id='word_1_26' title='bbox 763 580 927 627; x_wconf 89' lang='lat' dir='ltr'>potero.</span> <span class='ocrx_word' id='word_1_27' title='bbox 992 573 1094 623; x_wconf 85' lang='lat' dir='ltr'>Hae,</span> <span class='ocrx_word' id='word_1_28' title='bbox 1130 576 1201 626; x_wconf 83' lang='lat' dir='ltr'>(ut</span> <span class='ocrx_word' id='word_1_29' title='bbox 1232 573 1520 626; x_wconf 89' lang='lat' dir='ltr'>meministis,)</span> 
     </span>
     <span class='ocr_line' id='line_1_5' title="bbox 69 648 1526 703; baseline 0.001 -15"><span class='ocrx_word' id='word_1_30' title='bbox 69 648 213 688; x_wconf 89' lang='lat' dir='ltr'>statim</span> <span class='ocrx_word' id='word_1_31' title='bbox 248 649 291 688; x_wconf 93' lang='lat' dir='ltr'>in</span> <span class='ocrx_word' id='word_1_32' title='bbox 322 648 446 688; x_wconf 90' lang='lat' dir='ltr'>initio</span> <span class='ocrx_word' id='word_1_33' title='bbox 478 663 621 688; x_wconf 92' lang='lat' dir='ltr'>rerum</span> <span class='ocrx_word' id='word_1_34' title='bbox 657 649 801 703; x_wconf 85' lang='lat' dir='ltr'>Regni</span> <span class='ocrx_word' id='word_1_35' title='bbox 833 649 951 688; x_wconf 88' lang='lat' dir='ltr'>illius</span> <span class='ocrx_word' id='word_1_36' title='bbox 980 650 1116 689; x_wconf 86' lang='lat' dir='ltr'>nostri</span> <span class='ocrx_word' id='word_1_37' title='bbox 1146 649 1418 693; x_wconf 85' lang='lat' dir='ltr'>nobilissimi,</span> <span class='ocrx_word' id='word_1_38' title='bbox 1440 665 1526 690; x_wconf 89' lang='lat' dir='ltr'>am-</span> 
     </span>
     <span class='ocr_line' id='line_1_6' title="bbox 67 718 1526 776; baseline 0.002 -18"><span class='ocrx_word' id='word_1_39' title='bbox 67 718 251 774; x_wconf 87' lang='lat' dir='ltr'>plissimi</span> <span class='ocrx_word' id='word_1_40' title='bbox 280 734 328 759; x_wconf 88' lang='lat' dir='ltr'>ac</span> <span class='ocrx_word' id='word_1_41' title='bbox 359 720 650 760; x_wconf 89' lang='lat' dir='ltr'>florentissimi</span> <span class='ocrx_word' id='word_1_42' title='bbox 673 720 905 774; x_wconf 87' lang='lat' dir='ltr'>quondam,</span> <span class='ocrx_word' id='word_1_43' title='bbox 935 735 1206 775; x_wconf 80' lang='lat' dir='ltr'>summaeque</span> <span class='ocrx_word' id='word_1_44' title='bbox 1228 735 1335 776; x_wconf 86' lang='lat' dir='ltr'>erga</span> <span class='ocrx_word' id='word_1_45' title='bbox 1356 720 1526 776; x_wconf 86' lang='lat' dir='ltr'>Regem</span> 
     </span>
     <span class='ocr_line' id='line_1_7' title="bbox 65 791 1525 839; baseline 0.002 -8"><span class='ocrx_word' id='word_1_46' title='bbox 65 791 166 832; x_wconf 88' lang='lat' dir='ltr'>fidei</span> <span class='ocrx_word' id='word_1_47' title='bbox 182 798 225 832; x_wconf 91' lang='lat' dir='ltr'>et</span> <span class='ocrx_word' id='word_1_48' title='bbox 239 792 540 839; x_wconf 73' lang='lat' dir='ltr'>observantiae,</span> <span class='ocrx_word' id='word_1_49' title='bbox 558 799 721 833; x_wconf 84' lang='lat' dir='ltr'>statum</span> <span class='ocrx_word' id='word_1_50' title='bbox 740 800 782 833; x_wconf 90' lang='lat' dir='ltr'>et</span> <span class='ocrx_word' id='word_1_51' title='bbox 800 793 1086 833; x_wconf 88' lang='lat' dir='ltr'>conditionem</span> <span class='ocrx_word' id='word_1_52' title='bbox 1102 800 1331 834; x_wconf 80' lang='lat' dir='ltr'>testantur.</span> <span class='ocrx_word' id='word_1_53' title='bbox 1368 793 1525 834; x_wconf 87' lang='lat' dir='ltr'>Dicam</span> 
     </span>
     <span class='ocr_line' id='line_1_8' title="bbox 66 865 1526 913; baseline 0.001 -8"><span class='ocrx_word' id='word_1_54' title='bbox 66 879 152 905; x_wconf 94' lang='lat' dir='ltr'>uno</span> <span class='ocrx_word' id='word_1_55' title='bbox 174 865 322 913; x_wconf 84' lang='lat' dir='ltr'>verbo,</span> <span class='ocrx_word' id='word_1_56' title='bbox 355 880 438 905; x_wconf 91' lang='lat' dir='ltr'>non</span> <span class='ocrx_word' id='word_1_57' title='bbox 473 866 562 906; x_wconf 93' lang='lat' dir='ltr'>sine</span> <span class='ocrx_word' id='word_1_58' title='bbox 591 865 831 906; x_wconf 83' lang='lat' dir='ltr'>incredibili</span> <span class='ocrx_word' id='word_1_59' title='bbox 853 866 984 906; x_wconf 84' lang='lat' dir='ltr'>animi</span> <span class='ocrx_word' id='word_1_60' title='bbox 1005 865 1165 913; x_wconf 89' lang='lat' dir='ltr'>dolore,</span> <span class='ocrx_word' id='word_1_61' title='bbox 1188 866 1355 906; x_wconf 86' lang='lat' dir='ltr'>fuimus</span> <span class='ocrx_word' id='word_1_62' title='bbox 1378 867 1526 907; x_wconf 89' lang='lat' dir='ltr'>Galli:</span> 
     </span>
     <span class='ocr_line' id='line_1_9' title="bbox 65 935 1524 993; baseline 0.001 -17"><span class='ocrx_word' id='word_1_63' title='bbox 65 935 149 976; x_wconf 90' lang='lat' dir='ltr'>fuit</span> <span class='ocrx_word' id='word_1_64' title='bbox 168 936 323 992; x_wconf 85' lang='lat' dir='ltr'>ingens</span> <span class='ocrx_word' id='word_1_65' title='bbox 346 936 482 993; x_wconf 76' lang='lat' dir='ltr'>gloria</span> <span class='ocrx_word' id='word_1_66' title='bbox 507 937 788 978; x_wconf 86' lang='lat' dir='ltr'>Francorum.</span> <span class='ocrx_word' id='word_1_67' title='bbox 852 937 934 978; x_wconf 85' lang='lat' dir='ltr'>Hae</span> <span class='ocrx_word' id='word_1_68' title='bbox 969 952 1114 978; x_wconf 90' lang='lat' dir='ltr'>rerum</span> <span class='ocrx_word' id='word_1_69' title='bbox 1147 937 1354 983; x_wconf 88' lang='lat' dir='ltr'>omnium,</span> <span class='ocrx_word' id='word_1_70' title='bbox 1377 937 1524 978; x_wconf 89' lang='lat' dir='ltr'>claris-</span> 
     </span>
     <span class='ocr_line' id='line_1_10' title="bbox 65 1008 1527 1065; baseline 0.002 -17"><span class='ocrx_word' id='word_1_71' title='bbox 65 1008 161 1048; x_wconf 89' lang='lat' dir='ltr'>simi</span> <span class='ocrx_word' id='word_1_72' title='bbox 197 1008 416 1055; x_wconf 84' lang='lat' dir='ltr'>Oratores,</span> <span class='ocrx_word' id='word_1_73' title='bbox 451 1016 553 1049; x_wconf 92' lang='lat' dir='ltr'>sunt</span> <span class='ocrx_word' id='word_1_74' title='bbox 588 1009 929 1050; x_wconf 72' lang='lat' dir='ltr'>vicissitudines:</span> <span class='ocrx_word' id='word_1_75' title='bbox 978 1024 1131 1049; x_wconf 87' lang='lat' dir='ltr'>manus</span> <span class='ocrx_word' id='word_1_76' title='bbox 1166 1009 1341 1050; x_wconf 89' lang='lat' dir='ltr'>Domini</span> <span class='ocrx_word' id='word_1_77' title='bbox 1377 1010 1527 1065; x_wconf 88' lang='lat' dir='ltr'>tetigit</span> 
     </span>
     <span class='ocr_line' id='line_1_11' title="bbox 63 1080 1527 1136; baseline 0.002 -17"><span class='ocrx_word' id='word_1_78' title='bbox 63 1095 151 1129; x_wconf 91' lang='lat' dir='ltr'>nos,</span> <span class='ocrx_word' id='word_1_79' title='bbox 173 1080 269 1121; x_wconf 83' lang='lat' dir='ltr'>Viri</span> <span class='ocrx_word' id='word_1_80' title='bbox 291 1082 446 1122; x_wconf 90' lang='lat' dir='ltr'>Patres</span> <span class='ocrx_word' id='word_1_81' title='bbox 468 1089 511 1122; x_wconf 91' lang='lat' dir='ltr'>et</span> <span class='ocrx_word' id='word_1_82' title='bbox 533 1081 723 1122; x_wconf 85' lang='lat' dir='ltr'>Fratres.</span> <span class='ocrx_word' id='word_1_83' title='bbox 788 1080 908 1122; x_wconf 83' lang='lat' dir='ltr'>Hoc¹</span> <span class='ocrx_word' id='word_1_84' title='bbox 944 1081 1068 1121; x_wconf 92' lang='lat' dir='ltr'>nobis</span> <span class='ocrx_word' id='word_1_85' title='bbox 1095 1082 1265 1136; x_wconf 90' lang='lat' dir='ltr'>justum</span> <span class='ocrx_word' id='word_1_86' title='bbox 1288 1081 1374 1122; x_wconf 91' lang='lat' dir='ltr'>Dei</span> <span class='ocrx_word' id='word_1_87' title='bbox 1396 1082 1439 1122; x_wconf 90' lang='lat' dir='ltr'>in</span> <span class='ocrx_word' id='word_1_88' title='bbox 1461 1082 1527 1122; x_wconf 87' lang='lat' dir='ltr'>ira</span> 
     </span>
     <span class='ocr_line' id='line_1_12' title="bbox 64 1153 1524 1209; baseline 0.001 -15"><span class='ocrx_word' id='word_1_89' title='bbox 64 1168 143 1194; x_wconf 89' lang='lat' dir='ltr'>sua</span> <span class='ocrx_word' id='word_1_90' title='bbox 157 1153 372 1209; x_wconf 88' lang='lat' dir='ltr'>judicium</span> <span class='ocrx_word' id='word_1_91' title='bbox 390 1161 702 1208; x_wconf 88' lang='lat' dir='ltr'>provocarunt:</span> <span class='ocrx_word' id='word_1_92' title='bbox 725 1154 918 1208; x_wconf 87' lang='lat' dir='ltr'>corrupti</span> <span class='ocrx_word' id='word_1_93' title='bbox 942 1154 1133 1194; x_wconf 89' lang='lat' dir='ltr'>omnium</span> <span class='ocrx_word' id='word_1_94' title='bbox 1151 1153 1352 1194; x_wconf 88' lang='lat' dir='ltr'>ordinum</span> <span class='ocrx_word' id='word_1_95' title='bbox 1371 1170 1524 1202; x_wconf 87' lang='lat' dir='ltr'>mores,</span> 
     </span>
     <span class='ocr_line' id='line_1_13' title="bbox 64 1225 1523 1281; baseline 0.001 -15"><span class='ocrx_word' id='word_1_96' title='bbox 64 1240 111 1266; x_wconf 91' lang='lat' dir='ltr'>ac</span> <span class='ocrx_word' id='word_1_97' title='bbox 132 1226 435 1266; x_wconf 86' lang='lat' dir='ltr'>Ecclesiastica</span> <span class='ocrx_word' id='word_1_98' title='bbox 467 1227 605 1267; x_wconf 91' lang='lat' dir='ltr'>omnis</span> <span class='ocrx_word' id='word_1_99' title='bbox 636 1227 829 1281; x_wconf 87' lang='lat' dir='ltr'>collapsa</span> <span class='ocrx_word' id='word_1_100' title='bbox 854 1225 1094 1280; x_wconf 87' lang='lat' dir='ltr'>disciplina.</span> <span class='ocrx_word' id='word_1_101' title='bbox 1159 1225 1257 1265; x_wconf 85' lang='lat' dir='ltr'>Has</span> <span class='ocrx_word' id='word_1_102' title='bbox 1278 1226 1429 1266; x_wconf 84' lang='lat' dir='ltr'>turbas</span> <span class='ocrx_word' id='word_1_103' title='bbox 1452 1242 1523 1267; x_wconf 86' lang='lat' dir='ltr'>ex-</span> 
     </span>
     <span class='ocr_line' id='line_1_14' title="bbox 62 1298 1523 1354; baseline -0.001 -14"><span class='ocrx_word' id='word_1_104' title='bbox 62 1299 310 1340; x_wconf 75' lang='lat' dir='ltr'>citaverunt</span> <span class='ocrx_word' id='word_1_105' title='bbox 343 1299 523 1341; x_wconf 79' lang='lat' dir='ltr'>haereses</span> <span class='ocrx_word' id='word_1_106' title='bbox 554 1315 638 1339; x_wconf 91' lang='lat' dir='ltr'>non</span> <span class='ocrx_word' id='word_1_107' title='bbox 675 1314 937 1354; x_wconf 72' lang='lat' dir='ltr'>suppressae,</span> <span class='ocrx_word' id='word_1_108' title='bbox 975 1305 1019 1339; x_wconf 86' lang='lat' dir='ltr'>et</span> <span class='ocrx_word' id='word_1_109' title='bbox 1054 1314 1079 1338; x_wconf 88' lang='lat' dir='ltr'>a</span> <span class='ocrx_word' id='word_1_110' title='bbox 1111 1298 1211 1339; x_wconf 89' lang='lat' dir='ltr'>Dno</span> <span class='ocrx_word' id='word_1_111' title='bbox 1246 1299 1343 1339; x_wconf 80' lang='lat' dir='ltr'>Deo</span> <span class='ocrx_word' id='word_1_112' title='bbox 1379 1306 1523 1340; x_wconf 90' lang='lat' dir='ltr'>nostro</span> 
     </span>
     <span class='ocr_line' id='line_1_15' title="bbox 61 1370 1525 1426; baseline 0.001 -15"><span class='ocrx_word' id='word_1_113' title='bbox 61 1371 263 1412; x_wconf 87' lang='lat' dir='ltr'>instituta</span> <span class='ocrx_word' id='word_1_114' title='bbox 294 1372 488 1412; x_wconf 89' lang='lat' dir='ltr'>remedia</span> <span class='ocrx_word' id='word_1_115' title='bbox 520 1371 689 1412; x_wconf 88' lang='lat' dir='ltr'>tamdiu</span> <span class='ocrx_word' id='word_1_116' title='bbox 718 1371 931 1425; x_wconf 86' lang='lat' dir='ltr'>neglecta.</span> <span class='ocrx_word' id='word_1_117' title='bbox 995 1370 1113 1411; x_wconf 89' lang='lat' dir='ltr'>Hinc</span> <span class='ocrx_word' id='word_1_118' title='bbox 1135 1371 1219 1411; x_wconf 78' lang='lat' dir='ltr'>illae</span> <span class='ocrx_word' id='word_1_119' title='bbox 1242 1371 1457 1426; x_wconf 77' lang='lat' dir='ltr'>lacrymae,</span> <span class='ocrx_word' id='word_1_120' title='bbox 1482 1378 1525 1413; x_wconf 89' lang='lat' dir='ltr'>et</span> 
     </span>
     <span class='ocr_line' id='line_1_16' title="bbox 62 1443 1524 1500; baseline 0 -16"><span class='ocrx_word' id='word_1_121' title='bbox 62 1458 140 1499; x_wconf 91' lang='lat' dir='ltr'>per</span> <span class='ocrx_word' id='word_1_122' title='bbox 161 1450 300 1484; x_wconf 89' lang='lat' dir='ltr'>totum</span> <span class='ocrx_word' id='word_1_123' title='bbox 324 1444 530 1500; x_wconf 85' lang='lat' dir='ltr'>Regnum</span> <span class='ocrx_word' id='word_1_124' title='bbox 552 1443 743 1491; x_wconf 85' lang='lat' dir='ltr'>dissidia,</span> <span class='ocrx_word' id='word_1_125' title='bbox 765 1444 937 1498; x_wconf 80' lang='lat' dir='ltr'>rapinae,</span> <span class='ocrx_word' id='word_1_126' title='bbox 961 1444 1079 1484; x_wconf 89' lang='lat' dir='ltr'>bella</span> <span class='ocrx_word' id='word_1_127' title='bbox 1099 1444 1318 1491; x_wconf 87' lang='lat' dir='ltr'>intestina,</span> <span class='ocrx_word' id='word_1_128' title='bbox 1336 1459 1383 1485; x_wconf 85' lang='lat' dir='ltr'>ac</span> <span class='ocrx_word' id='word_1_129' title='bbox 1406 1444 1524 1500; x_wconf 88' lang='lat' dir='ltr'>plus-</span> 
     </span>
     <span class='ocr_line' id='line_1_17' title="bbox 63 1515 1526 1570; baseline 0 -15"><span class='ocrx_word' id='word_1_130' title='bbox 63 1530 194 1570; x_wconf 86' lang='lat' dir='ltr'>quam</span> <span class='ocrx_word' id='word_1_131' title='bbox 232 1516 389 1556; x_wconf 91' lang='lat' dir='ltr'>civilia.</span> <span class='ocrx_word' id='word_1_132' title='bbox 453 1516 622 1556; x_wconf 88' lang='lat' dir='ltr'>Luctus</span> <span class='ocrx_word' id='word_1_133' title='bbox 656 1517 847 1570; x_wconf 85' lang='lat' dir='ltr'>ubique3</span> <span class='ocrx_word' id='word_1_134' title='bbox 880 1515 1048 1569; x_wconf 86' lang='lat' dir='ltr'>ubique</span> <span class='ocrx_word' id='word_1_135' title='bbox 1081 1515 1215 1563; x_wconf 90' lang='lat' dir='ltr'>dolor,</span> <span class='ocrx_word' id='word_1_136' title='bbox 1253 1521 1297 1555; x_wconf 88' lang='lat' dir='ltr'>et</span> <span class='ocrx_word' id='word_1_137' title='bbox 1330 1515 1526 1570; x_wconf 85' lang='lat' dir='ltr'>plurima</span> 
     </span>
     <span class='ocr_line' id='line_1_18' title="bbox 65 1588 1524 1643; baseline 0.001 -16"><span class='ocrx_word' id='word_1_138' title='bbox 65 1588 217 1627; x_wconf 89' lang='lat' dir='ltr'>mortis</span> <span class='ocrx_word' id='word_1_139' title='bbox 258 1588 414 1643; x_wconf 87' lang='lat' dir='ltr'>imago.</span> <span class='ocrx_word' id='word_1_140' title='bbox 476 1588 596 1628; x_wconf 72' lang='lat' dir='ltr'>Nec¹¹</span> <span class='ocrx_word' id='word_1_141' title='bbox 633 1588 912 1628; x_wconf 84' lang='lat' dir='ltr'>sacrosanctis</span> <span class='ocrx_word' id='word_1_142' title='bbox 948 1588 1035 1628; x_wconf 85' lang='lat' dir='ltr'>Dei</span> <span class='ocrx_word' id='word_1_143' title='bbox 1075 1588 1275 1643; x_wconf 88' lang='lat' dir='ltr'>Templis</span> <span class='ocrx_word' id='word_1_144' title='bbox 1315 1589 1524 1643; x_wconf 87' lang='lat' dir='ltr'>parcitur.</span> 
     </span>
     <span class='ocr_line' id='line_1_19' title="bbox 63 1660 1524 1715; baseline 0 -15"><span class='ocrx_word' id='word_1_145' title='bbox 63 1660 317 1715; x_wconf 79' lang='lat' dir='ltr'>Presbyteri</span> <span class='ocrx_word' id='word_1_146' title='bbox 340 1668 383 1700; x_wconf 90' lang='lat' dir='ltr'>et</span> <span class='ocrx_word' id='word_1_147' title='bbox 404 1660 618 1715; x_wconf 87' lang='lat' dir='ltr'>Religiosi</span> <span class='ocrx_word' id='word_1_148' title='bbox 636 1660 731 1701; x_wconf 87' lang='lat' dir='ltr'>Viri</span> <span class='ocrx_word' id='word_1_149' title='bbox 753 1660 809 1700; x_wconf 88' lang='lat' dir='ltr'>ad</span> <span class='ocrx_word' id='word_1_150' title='bbox 830 1675 926 1700; x_wconf 85' lang='lat' dir='ltr'>aras</span> <span class='ocrx_word' id='word_1_151' title='bbox 949 1675 1104 1715; x_wconf 88' lang='lat' dir='ltr'>usque,</span> <span class='ocrx_word' id='word_1_152' title='bbox 1128 1675 1235 1715; x_wconf 87' lang='lat' dir='ltr'>quas</span> <span class='ocrx_word' id='word_1_153' title='bbox 1259 1661 1524 1715; x_wconf 84' lang='lat' dir='ltr'>amplectan-</span> 
     </span>
     <span class='ocr_line' id='line_1_20' title="bbox 61 1732 1525 1789; baseline -0.001 -14"><span class='ocrx_word' id='word_1_154' title='bbox 61 1741 147 1780; x_wconf 90' lang='lat' dir='ltr'>tur,</span> <span class='ocrx_word' id='word_1_155' title='bbox 170 1733 404 1774; x_wconf 75' lang='lat' dir='ltr'>morientes</span> <span class='ocrx_word' id='word_1_156' title='bbox 427 1732 714 1773; x_wconf 85' lang='lat' dir='ltr'>trucidantur.</span> <span class='ocrx_word' id='word_1_157' title='bbox 759 1732 963 1772; x_wconf 81' lang='lat' dir='ltr'>visibilia</span> <span class='ocrx_word' id='word_1_158' title='bbox 985 1733 1361 1773; x_wconf 85' lang='lat' dir='ltr'>Sacramentorum</span> <span class='ocrx_word' id='word_1_159' title='bbox 1387 1733 1525 1789; x_wconf 87' lang='lat' dir='ltr'>Signa</span> 
     </span>
     <span class='ocr_line' id='line_1_21' title="bbox 61 1804 1521 1861; baseline 0 -16"><span class='ocrx_word' id='word_1_160' title='bbox 61 1806 381 1853; x_wconf 87' lang='lat' dir='ltr'>conculcantur,</span> <span class='ocrx_word' id='word_1_161' title='bbox 400 1812 442 1845; x_wconf 89' lang='lat' dir='ltr'>et</span> <span class='ocrx_word' id='word_1_162' title='bbox 457 1806 789 1845; x_wconf 90' lang='lat' dir='ltr'>comburuntur.</span> <span class='ocrx_word' id='word_1_163' title='bbox 823 1804 989 1845; x_wconf 84' lang='lat' dir='ltr'>Passim</span> <span class='ocrx_word' id='word_1_164' title='bbox 1006 1805 1137 1845; x_wconf 88' lang='lat' dir='ltr'>erecti</span> <span class='ocrx_word' id='word_1_165' title='bbox 1152 1812 1366 1860; x_wconf 85' lang='lat' dir='ltr'>apparent</span> <span class='ocrx_word' id='word_1_166' title='bbox 1382 1805 1521 1861; x_wconf 82' lang='lat' dir='ltr'>Rogi³</span> 
     </span>
     <span class='ocr_line' id='line_1_22' title="bbox 63 1878 1523 1934; baseline -0.001 -14"><span class='ocrx_word' id='word_1_167' title='bbox 63 1895 114 1921; x_wconf 88' lang='lat' dir='ltr'>ex</span> <span class='ocrx_word' id='word_1_168' title='bbox 135 1879 250 1921; x_wconf 89' lang='lat' dir='ltr'>omni</span> <span class='ocrx_word' id='word_1_169' title='bbox 279 1894 438 1934; x_wconf 87' lang='lat' dir='ltr'>genere</span> <span class='ocrx_word' id='word_1_170' title='bbox 466 1878 871 1918; x_wconf 85' lang='lat' dir='ltr'>Ecclesiasticorum</span> <span class='ocrx_word' id='word_1_171' title='bbox 906 1884 1268 1918; x_wconf 85' lang='lat' dir='ltr'>ornamentorum.</span> <span class='ocrx_word' id='word_1_172' title='bbox 1330 1879 1523 1920; x_wconf 85' lang='lat' dir='ltr'>Accensa</span> 
     </span>
     <span class='ocr_line' id='line_1_23' title="bbox 62 1949 1521 2008; baseline -0.001 -15"><span class='ocrx_word' id='word_1_173' title='bbox 62 1967 115 1993; x_wconf 88' lang='lat' dir='ltr'>ex</span> <span class='ocrx_word' id='word_1_174' title='bbox 149 1952 425 2008; x_wconf 83' lang='lat' dir='ltr'>Imaginibus</span> <span class='ocrx_word' id='word_1_175' title='bbox 459 1951 638 2006; x_wconf 71' lang='lat' dir='ltr'>deJectis</span> <span class='ocrx_word' id='word_1_176' title='bbox 674 1965 796 2005; x_wconf 88' lang='lat' dir='ltr'>pyra,</span> <span class='ocrx_word' id='word_1_177' title='bbox 831 1949 991 1990; x_wconf 85' lang='lat' dir='ltr'>additis</span> <span class='ocrx_word' id='word_1_178' title='bbox 1024 1951 1230 1998; x_wconf 87' lang='lat' dir='ltr'>omnium,</span> <span class='ocrx_word' id='word_1_179' title='bbox 1266 1966 1350 1991; x_wconf 91' lang='lat' dir='ltr'>non</span> <span class='ocrx_word' id='word_1_180' title='bbox 1382 1952 1521 1992; x_wconf 89' lang='lat' dir='ltr'>solum</span> 
     </span>
     <span class='ocr_line' id='line_1_24' title="bbox 62 2020 1521 2077; baseline -0.001 -12"><span class='ocrx_word' id='word_1_181' title='bbox 62 2024 357 2065; x_wconf 89' lang='lat' dir='ltr'>Ecclesiarum</span> <span class='ocrx_word' id='word_1_182' title='bbox 380 2023 455 2064; x_wconf 90' lang='lat' dir='ltr'>sed</span> <span class='ocrx_word' id='word_1_183' title='bbox 478 2023 874 2077; x_wconf 84' lang='lat' dir='ltr'>antiquissimarum</span> <span class='ocrx_word' id='word_1_184' title='bbox 894 2020 1257 2061; x_wconf 83' lang='lat' dir='ltr'>bibliothecarum</span> <span class='ocrx_word' id='word_1_185' title='bbox 1275 2022 1421 2072; x_wconf 84' lang='lat' dir='ltr'>libris3</span> <span class='ocrx_word' id='word_1_186' title='bbox 1443 2037 1521 2063; x_wconf 88' lang='lat' dir='ltr'>nec</span> 
     </span>
     <span class='ocr_line' id='line_1_25' title="bbox 63 2094 1521 2152; baseline -0.001 -15"><span class='ocrx_word' id='word_1_187' title='bbox 63 2097 297 2152; x_wconf 88' lang='lat' dir='ltr'>quicquam</span> <span class='ocrx_word' id='word_1_188' title='bbox 329 2111 382 2136; x_wconf 88' lang='lat' dir='ltr'>ex</span> <span class='ocrx_word' id='word_1_189' title='bbox 415 2095 573 2135; x_wconf 88' lang='lat' dir='ltr'>chartis</span> <span class='ocrx_word' id='word_1_190' title='bbox 596 2094 783 2150; x_wconf 89' lang='lat' dir='ltr'>publicis</span> <span class='ocrx_word' id='word_1_191' title='bbox 805 2101 847 2134; x_wconf 88' lang='lat' dir='ltr'>et</span> <span class='ocrx_word' id='word_1_192' title='bbox 871 2094 1178 2134; x_wconf 79' lang='lat' dir='ltr'>Instrumentis</span> <span class='ocrx_word' id='word_1_193' title='bbox 1201 2108 1300 2148; x_wconf 81' lang='lat' dir='ltr'>quae</span> <span class='ocrx_word' id='word_1_194' title='bbox 1324 2094 1379 2135; x_wconf 88' lang='lat' dir='ltr'>ad</span> <span class='ocrx_word' id='word_1_195' title='bbox 1401 2094 1521 2136; x_wconf 86' lang='lat' dir='ltr'>dota-</span> 
     </span>
     <span class='ocr_line' id='line_1_26' title="bbox 62 2166 1520 2224; baseline -0.001 -15"><span class='ocrx_word' id='word_1_196' title='bbox 62 2169 219 2210; x_wconf 89' lang='lat' dir='ltr'>tionem</span> <span class='ocrx_word' id='word_1_197' title='bbox 252 2169 490 2224; x_wconf 86' lang='lat' dir='ltr'>pertinent,</span> <span class='ocrx_word' id='word_1_198' title='bbox 523 2174 787 2209; x_wconf 80' lang='lat' dir='ltr'>reservatur.</span> <span class='ocrx_word' id='word_1_199' title='bbox 850 2167 1106 2207; x_wconf 88' lang='lat' dir='ltr'>Sanctorum</span> <span class='ocrx_word' id='word_1_200' title='bbox 1133 2166 1350 2221; x_wconf 76' lang='lat' dir='ltr'>reliquiae,</span> <span class='ocrx_word' id='word_1_201' title='bbox 1382 2168 1520 2223; x_wconf 88' lang='lat' dir='ltr'>raptis</span> 
     </span>
     <span class='ocr_line' id='line_1_27' title="bbox 62 2237 1518 2295; baseline -0.001 -13"><span class='ocrx_word' id='word_1_202' title='bbox 62 2242 307 2289; x_wconf 83' lang='lat' dir='ltr'>Altaribus,</span> <span class='ocrx_word' id='word_1_203' title='bbox 331 2241 374 2280; x_wconf 89' lang='lat' dir='ltr'>in</span> <span class='ocrx_word' id='word_1_204' title='bbox 406 2241 568 2281; x_wconf 89' lang='lat' dir='ltr'>cineres</span> <span class='ocrx_word' id='word_1_205' title='bbox 600 2240 877 2295; x_wconf 86' lang='lat' dir='ltr'>rediguntur,</span> <span class='ocrx_word' id='word_1_206' title='bbox 907 2239 981 2293; x_wconf 91' lang='lat' dir='ltr'>qui</span> <span class='ocrx_word' id='word_1_207' title='bbox 1004 2244 1105 2278; x_wconf 87' lang='lat' dir='ltr'>sunt</span> <span class='ocrx_word' id='word_1_208' title='bbox 1127 2244 1225 2291; x_wconf 86' lang='lat' dir='ltr'>post</span> <span class='ocrx_word' id='word_1_209' title='bbox 1246 2237 1337 2278; x_wconf 88' lang='lat' dir='ltr'>haec</span> <span class='ocrx_word' id='word_1_210' title='bbox 1357 2238 1398 2278; x_wconf 90' lang='lat' dir='ltr'>in</span> <span class='ocrx_word' id='word_1_211' title='bbox 1420 2254 1518 2294; x_wconf 90' lang='lat' dir='ltr'>pro-</span> 
     </span>
     <span class='ocr_line' id='line_1_28' title="bbox 61 2311 1518 2370; baseline -0.001 -16"><span class='ocrx_word' id='word_1_212' title='bbox 61 2314 267 2355; x_wconf 89' lang='lat' dir='ltr'>fluentem</span> <span class='ocrx_word' id='word_1_213' title='bbox 302 2314 500 2370; x_wconf 83' lang='lat' dir='ltr'>projecti.</span> <span class='ocrx_word' id='word_1_214' title='bbox 565 2312 784 2353; x_wconf 86' lang='lat' dir='ltr'>Horresco</span> <span class='ocrx_word' id='word_1_215' title='bbox 818 2311 1020 2357; x_wconf 80' lang='lat' dir='ltr'>referens,</span> <span class='ocrx_word' id='word_1_216' title='bbox 1062 2325 1138 2350; x_wconf 86' lang='lat' dir='ltr'>nec</span> <span class='ocrx_word' id='word_1_217' title='bbox 1176 2325 1201 2350; x_wconf 86' lang='lat' dir='ltr'>a</span> <span class='ocrx_word' id='word_1_218' title='bbox 1239 2311 1518 2353; x_wconf 85' lang='lat' dir='ltr'>Summorum</span> 
     </span>
     <span class='ocr_line' id='line_1_29' title="bbox 65 2382 1519 2443; baseline -0.001 -16"><span class='ocrx_word' id='word_1_219' title='bbox 65 2386 338 2435; x_wconf 90' lang='lat' dir='ltr'>Pontificum,</span> <span class='ocrx_word' id='word_1_220' title='bbox 372 2387 709 2443; x_wconf 79' lang='lat' dir='ltr'>Imperatorum,</span> <span class='ocrx_word' id='word_1_221' title='bbox 746 2384 937 2440; x_wconf 86' lang='lat' dir='ltr'>Regum,</span> <span class='ocrx_word' id='word_1_222' title='bbox 977 2383 1243 2437; x_wconf 88' lang='lat' dir='ltr'>Principum,</span> <span class='ocrx_word' id='word_1_223' title='bbox 1279 2382 1519 2438; x_wconf 90' lang='lat' dir='ltr'>Episcopo-</span> 
     </span>
     <span class='ocr_line' id='line_1_30' title="bbox 63 2455 1521 2513; baseline -0.003 -14"><span class='ocrx_word' id='word_1_224' title='bbox 63 2473 174 2507; x_wconf 88' lang='lat' dir='ltr'>rum,</span> <span class='ocrx_word' id='word_1_225' title='bbox 204 2465 247 2499; x_wconf 91' lang='lat' dir='ltr'>et</span> <span class='ocrx_word' id='word_1_226' title='bbox 267 2459 357 2499; x_wconf 88' lang='lat' dir='ltr'>sine</span> <span class='ocrx_word' id='word_1_227' title='bbox 379 2458 625 2499; x_wconf 87' lang='lat' dir='ltr'>discrimine</span> <span class='ocrx_word' id='word_1_228' title='bbox 648 2457 806 2513; x_wconf 89' lang='lat' dir='ltr'>passim</span> <span class='ocrx_word' id='word_1_229' title='bbox 840 2456 1021 2496; x_wconf 87' lang='lat' dir='ltr'>aliorum</span> <span class='ocrx_word' id='word_1_230' title='bbox 1053 2455 1246 2495; x_wconf 90' lang='lat' dir='ltr'>omnium</span> <span class='ocrx_word' id='word_1_231' title='bbox 1278 2455 1521 2509; x_wconf 83' lang='lat' dir='ltr'>sepulchris</span> 
     </span>
     <span class='ocr_line' id='line_1_31' title="bbox 64 2526 1521 2583; baseline -0.001 -13"><span class='ocrx_word' id='word_1_232' title='bbox 64 2530 331 2579; x_wconf 88' lang='lat' dir='ltr'>abstinetur;</span> <span class='ocrx_word' id='word_1_233' title='bbox 364 2544 513 2570; x_wconf 90' lang='lat' dir='ltr'>eorum</span> <span class='ocrx_word' id='word_1_234' title='bbox 543 2529 733 2570; x_wconf 87' lang='lat' dir='ltr'>maxime</span> <span class='ocrx_word' id='word_1_235' title='bbox 762 2528 836 2583; x_wconf 93' lang='lat' dir='ltr'>qui</span> <span class='ocrx_word' id='word_1_236' title='bbox 859 2527 912 2567; x_wconf 88' lang='lat' dir='ltr'>de</span> <span class='ocrx_word' id='word_1_237' title='bbox 933 2527 1132 2567; x_wconf 86' lang='lat' dir='ltr'>Ecclesia</span> <span class='ocrx_word' id='word_1_238' title='bbox 1154 2526 1239 2567; x_wconf 90' lang='lat' dir='ltr'>Dei</span> <span class='ocrx_word' id='word_1_239' title='bbox 1262 2526 1521 2568; x_wconf 87' lang='lat' dir='ltr'>benemeriti</span> 
     </span>
     <span class='ocr_line' id='line_1_32' title="bbox 64 2598 1519 2658; baseline -0.003 -15"><span class='ocrx_word' id='word_1_240' title='bbox 64 2617 143 2658; x_wconf 86' lang='lat' dir='ltr'>per</span> <span class='ocrx_word' id='word_1_241' title='bbox 162 2608 442 2643; x_wconf 86' lang='lat' dir='ltr'>monumenta</span> <span class='ocrx_word' id='word_1_242' title='bbox 462 2602 755 2657; x_wconf 87' lang='lat' dir='ltr'>reperiuntur.</span> <span class='ocrx_word' id='word_1_243' title='bbox 819 2601 990 2641; x_wconf 86' lang='lat' dir='ltr'>Nomen</span> <span class='ocrx_word' id='word_1_244' title='bbox 1012 2599 1190 2639; x_wconf 87' lang='lat' dir='ltr'>Domini</span> <span class='ocrx_word' id='word_1_245' title='bbox 1216 2598 1379 2653; x_wconf 89' lang='lat' dir='ltr'>ubique</span> <span class='ocrx_word' id='word_1_246' title='bbox 1407 2599 1519 2640; x_wconf 85' lang='lat' dir='ltr'>blas-</span> 
     </span>
     <span class='ocr_line' id='line_1_33' title="bbox 65 2671 1519 2730; baseline -0.002 -14"><span class='ocrx_word' id='word_1_247' title='bbox 65 2674 320 2730; x_wconf 84' lang='lat' dir='ltr'>phematur:</span> <span class='ocrx_word' id='word_1_248' title='bbox 355 2675 546 2730; x_wconf 84' lang='lat' dir='ltr'>Spiritus</span> <span class='ocrx_word' id='word_1_249' title='bbox 576 2673 789 2714; x_wconf 86' lang='lat' dir='ltr'>mendacii</span> <span class='ocrx_word' id='word_1_250' title='bbox 818 2673 861 2712; x_wconf 91' lang='lat' dir='ltr'>in</span> <span class='ocrx_word' id='word_1_251' title='bbox 895 2686 966 2712; x_wconf 84' lang='lat' dir='ltr'>ore</span> <span class='ocrx_word' id='word_1_252' title='bbox 1000 2671 1193 2711; x_wconf 88' lang='lat' dir='ltr'>omnium</span> <span class='ocrx_word' id='word_1_253' title='bbox 1215 2678 1293 2718; x_wconf 87' lang='lat' dir='ltr'>est,</span> <span class='ocrx_word' id='word_1_254' title='bbox 1316 2672 1392 2726; x_wconf 87' lang='lat' dir='ltr'>qui</span> <span class='ocrx_word' id='word_1_255' title='bbox 1413 2672 1519 2714; x_wconf 84' lang='lat' dir='ltr'>falso</span> 
     </span>
    </p>
   </div>
   <div class='ocr_carea' id='block_1_3' title="bbox 215 2789 1365 2830">
    <p class='ocr_par' dir='ltr' id='par_1_3' title="bbox 215 2789 1365 2830">
     <span class='ocr_line' id='line_1_34' title="bbox 215 2789 1365 2830; baseline -0.003 -7"><span class='ocrx_word' id='word_1_256' title='bbox 215 2792 220 2809; x_wconf 94' lang='lat'>¹</span> <span class='ocrx_word' id='word_1_257' title='bbox 249 2793 332 2830; x_wconf 79' lang='lat' dir='ltr'>Haec,</span> <span class='ocrx_word' id='word_1_258' title='bbox 349 2793 420 2823; x_wconf 79' lang='lat' dir='ltr'>MS.</span> <span class='ocrx_word' id='word_1_259' title='bbox 679 2791 692 2808; x_wconf 79' lang='lat'><strong>²</strong></span> <span class='ocrx_word' id='word_1_260' title='bbox 716 2791 801 2830; x_wconf 76' lang='lat' dir='ltr'>Haec,</span> <span class='ocrx_word' id='word_1_261' title='bbox 821 2790 891 2821; x_wconf 83' lang='lat' dir='ltr'>MS.</span> <span class='ocrx_word' id='word_1_262' title='bbox 1151 2789 1164 2806; x_wconf 83' lang='lat'>⁸</span> <span class='ocrx_word' id='word_1_263' title='bbox 1190 2789 1278 2827; x_wconf 82' lang='lat' dir='ltr'>Regi,</span> <span class='ocrx_word' id='word_1_264' title='bbox 1298 2789 1365 2820; x_wconf 88' lang='lat' dir='ltr'>MS.</span> 
     </span>
    </p>
   </div>
  </div>
 </body>
</html>
