1905 3254
714 254 823 285 sess.
850 255 909 284 vr.
1465 242 1548 285 207

86 358 200 407 fidei,
236 374 334 400 cum
365 365 486 401 metu
523 366 568 401 et
599 362 856 409 reverentia,
893 362 1065 403 contriti
1107 377 1155 403 ac
1192 363 1460 418 poenitentes
1493 363 1549 404 ad

87 431 235 473 Deum
257 432 526 482 accedamus,
551 434 886 475 misericordiam
919 450 1249 491 consequamur,
1283 443 1328 477 et
1357 436 1546 493 gratiam

86 506 361 546 inveniamus
382 506 427 546 in
449 506 613 547 auxilio
635 514 895 562 opportuno.
958 507 1114 564 Hujus
1137 509 1302 564 quippe
1324 509 1547 550 oblatione

87 579 286 634 placatus
314 579 444 620 Dnus
464 579 642 620 crimina
676 586 720 620 et
753 588 932 636 peccata
964 581 1095 622 etiam
1128 582 1327 638 ingentia
1348 582 1546 631 dimittit,

87 650 275 706 gratiam
297 650 443 698 donat,
465 658 509 692 et
531 651 739 706 gloriam;
775 667 863 693 una
884 653 999 693 enim
1023 652 1264 708 cademque
1294 660 1359 694 est
1380 653 1546 703 hostia3

85 723 200 764 idem
235 739 349 764 nunc
384 723 581 773 offertur,
624 725 898 766 sacerdotum
941 725 1192 774 ministerio,
1237 727 1315 782 qui
1353 727 1546 782 seipsum

85 803 187 838 tune
208 797 251 837 in
275 812 401 838 eruce
423 797 600 845 obtulit,
625 798 712 838 sol-21
732 799 901 840 ratione
922 798 1133 840 offerendi
1154 799 1335 842 diversa.
1400 800 1546 856 Cujus

85 870 263 926 quidem
291 871 524 912 oblationis
558 878 765 919 cruentae,
799 873 992 928 inquam,
1029 873 1195 914 fructus
1229 889 1307 929 per
1342 873 1451 915 hanc
1483 875 1544 915 in-

84 950 308 985 cruentam
332 945 552 985 uberrime
575 946 906 1000 percipiuntur:
941 952 1115 986 tantum
1147 946 1284 995 abest,
1307 954 1356 987 ut
1378 947 1443 987 illi
1464 962 1545 1003 per

84 1015 193 1057 hane
227 1017 383 1072 quovis
415 1017 543 1058 modo
579 1018 828 1074 derogetur.
894 1019 1056 1069 Quare,
1094 1034 1173 1074 pro
1209 1020 1425 1067 fidelibus,
1460 1035 1545 1061 non

84 1089 223 1130 solum
248 1090 357 1130 vivis
388 1091 464 1131 sed
487 1098 529 1132 ct
550 1091 768 1132 defunctis
789 1092 832 1131 in
857 1091 1043 1135 Christo.
1066 1092 1260 1133 nonduin
1286 1093 1340 1134 ad
1362 1094 1543 1149 plenum

83 1163 300 1218 purgatiS,
341 1164 440 1211 rite,
479 1168 612 1219 juxta
655 1164 968 1219 Apostolorum
1013 1165 1306 1211 traditionem,
1350 1166 1545 1215 offertur,

82 1250 162 1291 pro
184 1235 383 1291 pcccatis,
413 1236 569 1291 poeniS,
594 1237 978 1283 satisfactionibus,
1003 1244 1045 1277 et
1068 1237 1164 1277 aliis
1197 1239 1544 1279 necessitatibus.

83 1309 145 1350 Et
167 1309 368 1364 quamvis
390 1309 432 1349 in
454 1308 659 1350 honorem
683 1317 726 1351 ct
749 1310 997 1350 memoriam
1029 1311 1283 1352 Sanctorum
1314 1312 1547 1353 nonnullas

82 1382 302 1424 interdum
344 1383 498 1423 missas
532 1383 639 1423 Ecc³
672 1382 894 1424 celebrare
936 1385 1233 1435 consueverit3
1279 1400 1363 1426 non
1401 1392 1546 1428 tamen

83 1456 170 1498 illis
203 1456 460 1497 sacrificium
494 1455 639 1497 offerri
672 1456 812 1505 docet,
847 1456 923 1498 sed
955 1456 1052 1498 Deo
1079 1458 1172 1506 soli,
1197 1460 1274 1515 qui
1305 1460 1402 1501 illos
1430 1476 1545 1502 coro-

81 1529 216 1570 navit.
278 1527 408 1569 Unde
444 1543 521 1569 nec
555 1528 754 1569 sacerdos
785 1528 927 1570 dicere
960 1530 1083 1577 solet,
1123 1529 1272 1571 Offcro
1304 1532 1385 1572 tibi
1419 1533 1545 1573 sacri-

82 1603 241 1649 ficium,
259 1602 388 1642 Petre
406 1601 475 1641 vel
494 1601 643 1648 Paule,
669 1601 745 1641 sed
763 1600 871 1649 De0,
895 1601 948 1642 de
972 1603 1146 1643 illorum
1165 1605 1357 1644 victoriis
1379 1606 1544 1660 gratias

83 1690 228 1731 agens,
253 1689 401 1715 eorum
424 1674 664 1728 patrocinia
687 1674 904 1729 implorat,
933 1690 1172 1730 omnesque
1201 1676 1255 1716 ad
1277 1687 1425 1717 eorum
1450 1677 1543 1718 imi-

83 1749 291 1789 tationem
314 1746 577 1788 cohortatur.

142 1821 276 1862 Porro
309 1836 405 1862 cum
438 1827 584 1860 sancta
617 1827 762 1860 sancte
799 1819 1092 1861 administrari
1124 1822 1366 1869 conveniat,
1399 1823 1544 1878 sitque

83 1893 162 1934 hoc
193 1894 386 1933 omnium
421 1893 742 1934 sanctissimum
778 1892 1058 1941 Sacrificium,
1082 1893 1280 1934 Ecclesia
1303 1893 1543 1943 Catholica,

83 1973 134 2007 ut
154 1965 287 2022 digne
309 1973 649 2021 reverenterque
682 1965 924 2013 offerretur,
960 1980 1007 2006 ac
1030 1966 1335 2021 percipiretur,
1361 1968 1540 2009 Sacrum

86 2039 307 2080 Canonem
331 2039 519 2080 instituit
540 2040 602 2079 ita
625 2039 680 2079 ab
704 2039 818 2079 omni
846 2053 990 2079 errore
1023 2053 1198 2094 purum,
1229 2046 1278 2081 ut
1298 2039 1405 2081 nihil
1427 2042 1470 2082 in
1493 2058 1544 2083 eo

84 2113 373 2161 contineatur,
417 2112 533 2168 quod
574 2127 658 2153 non
703 2112 891 2152 maxime
932 2112 1209 2152 sanctitatem
1251 2118 1295 2153 et
1330 2113 1542 2168 pietatem

85 2186 347 2243 quandoque
369 2185 579 2233 redoleat,
602 2192 879 2240 mentemque
903 2184 1175 2225 offerentium
1201 2185 1243 2225 in
1267 2184 1364 2226 Deo
1386 2187 1542 2243 erigat.

143 2259 349 2316 Cumque
371 2266 529 2300 natura
551 2259 775 2300 hominum
799 2272 851 2298 ca
873 2257 940 2303 sit,
965 2264 1013 2298 ut
1035 2272 1119 2297 non
1151 2256 1274 2298 facile
1298 2265 1433 2313 queat
1454 2260 1544 2301 sine

85 2330 356 2373 adminiculis
379 2331 673 2373 exterioribus
697 2330 750 2370 ad
768 2345 913 2371 rerum
938 2330 1188 2370 divinarum
1216 2329 1543 2372 meditationem

84 2405 276 2456 sustolli;
308 2413 543 2462 propterea
573 2406 646 2461 pia
679 2405 826 2446 Mater
860 2404 1055 2445 Ecclesia
1087 2404 1199 2445 ritus
1233 2403 1459 2458 quosdam,
1493 2412 1544 2446 ut

84 2477 185 2525 scil„
222 2477 426 2533 quaedam
459 2479 689 2519 summissa
724 2493 840 2525 voce,
870 2477 955 2518 alia
990 2491 1092 2517 vero
1126 2475 1298 2517 clariori
1329 2476 1372 2516 in
1408 2476 1545 2518 Missa

86 2551 490 2604 pronunciarentur,
526 2552 740 2593 instituit:
787 2552 1049 2592 ceremonias
1091 2550 1194 2591 item
1238 2549 1454 2599 adhibuit,
1495 2558 1544 2592 ut

85 2623 414 2672 benedictiones,
431 2625 611 2671 lumina,
631 2624 934 2671 thumiamata,
960 2631 1114 2671 vestes,
1139 2623 1314 2679 aliaque
1338 2623 1382 2664 id
1404 2639 1544 2680 genus

85 2695 239 2745 multa,
273 2712 326 2738 ex
359 2698 613 2753 Apostolica
647 2697 844 2738 doctrina
885 2704 928 2738 et
964 2697 1212 2746 traditione,
1255 2703 1304 2737 ut
1338 2699 1545 2754 majestas

86 2770 220 2810 sancti
244 2770 448 2812 Sacrificii
465 2770 861 2819 commendaretur,
885 2778 928 2811 et
944 2778 1112 2811 mentes
1133 2769 1326 2810 fidelium
1350 2786 1429 2826 per
1450 2771 1541 2813 haec
