1905 3254
727 286 834 316 sEss.
862 286 937 316 ru.
1479 270 1564 310 439

106 409 227 441 meae,
246 401 289 436 et
311 395 582 450 acquiescam
605 394 789 435 aliorum
812 394 1039 435 voluntati.
1103 395 1168 435 ΡΟ.
1193 396 1298 450 quia
1320 394 1448 441 aliter
1468 395 1561 436 fieri

104 483 189 509 non
209 474 380 522 potest3
413 468 468 508 2⁰.
500 482 554 508 ne
589 474 761 509 tantum
795 468 1000 522 temporis
1029 468 1073 508 in
1105 467 1183 508 hoc
1205 475 1498 516 consumatur,
1519 474 1562 509 et

107 541 191 582 alia
211 541 387 581 utiliora
408 541 676 581 omittantur.
741 540 847 581 Ideo
862 541 987 581 Deus
1010 541 1235 595 permittat
1250 541 1295 582 id
1314 542 1421 590 fieri,
1444 541 1562 597 quod

106 615 260 656 melius
300 615 366 655 sit.
429 615 701 655 Prooemium
735 621 880 654 autem
922 614 1100 655 Decreti
1140 629 1224 655 non
1258 616 1414 670 placet,
1457 617 1562 671 quia

105 688 304 729 videmur
334 688 535 743 ignorare
560 702 709 727 verum
742 693 1013 742 praeceptum
1037 687 1293 736 residentiae,
1317 695 1361 729 et
1381 689 1560 728 miscen-

103 768 177 802 tur
211 775 332 801 saera
364 761 567 817 profanis.
631 760 733 800 Non
769 760 944 815 placent
979 760 1110 800 etiam
1143 760 1301 800 Causae
1337 760 1559 805 absentiae,

104 835 209 891 quia
240 835 275 875 si
296 841 396 875 sunt
422 836 568 890 justae,
602 833 807 875 dicuntur
840 835 1044 875 Pastores
1074 833 1263 875 residere
1294 848 1380 875 non
1411 834 1561 875 abesse

104 910 223 950 Abb.
257 924 350 964 cap.
382 923 435 949 ex
469 915 593 964 parte
627 909 666 949 2.
691 924 723 949 e.
747 907 895 949 dilecti
927 908 980 949 de
1015 908 1171 949 Cleric.
1207 923 1290 949 non
1321 908 1448 949 resid.
1498 908 1560 948 Si-

104 983 282 1039 quidem
313 982 500 1024 residere
532 998 617 1023 non
640 989 706 1024 est
736 989 856 1023 actus
886 989 975 1023 tam
1006 983 1205 1038 corporis,
1229 998 1362 1038 quam
1383 984 1556 1031 mentis,

102 1057 352 1098 maluissem
385 1058 575 1112 exprimi
610 1072 762 1097 causas
784 1057 958 1112 injustae
1001 1056 1221 1098 absentiae.
1284 1056 1379 1098 Nee
1415 1057 1561 1112 placet

102 1146 237 1187 poena
268 1130 321 1172 de
353 1131 583 1172 collatione
605 1131 936 1178 Beneficiorum,
968 1130 1175 1186 quoniam
1207 1145 1292 1171 non
1325 1137 1391 1172 est
1427 1145 1561 1186 poena

103 1202 374 1249 conferentis,
398 1202 474 1244 sed
494 1202 702 1243 damnum
725 1202 949 1243 Ecclesiae.

159 1277 349 1318 Aesinus
359 1278 517 1318 —Peto
538 1292 562 1317 a
583 1283 731 1317 sancta
751 1275 936 1332 Synodo,
954 1282 1002 1316 ut
1014 1275 1262 1317 declaretur
1279 1276 1560 1317 residentiam

102 1364 192 1390 esse
215 1349 245 1390 J
249 1349 338 1390 uris
359 1348 520 1399 divini;
554 1349 672 1405 quod
693 1350 727 1389 si
750 1349 795 1390 id
817 1365 898 1390 non
922 1356 1082 1405 potest,
1106 1350 1454 1391 accommodetur
1486 1349 1558 1390 de-

101 1429 266 1464 cretum
290 1422 345 1464 ad
367 1423 668 1465 annotationes
691 1423 891 1464 Patrum.

160 1494 772 1536 Casertanus—Enumeratio
805 1495 1053 1536 Causarum
1090 1497 1329 1544 omittatur,
1358 1503 1401 1537 et
1434 1497 1559 1538 relin-

102 1574 265 1623 quatur
299 1569 478 1609 arbitrio
512 1570 686 1618 Sancmi3
719 1584 794 1609 nec
824 1569 970 1624 placet
996 1569 1251 1624 publicatio,
1276 1569 1351 1610 sed
1371 1569 1559 1625 legatur,

101 1640 144 1679 in
169 1640 375 1681 Conciliis
398 1642 758 1682 provincialibus.
803 1641 916 1682 Haec
938 1642 1184 1697 explicetur
1204 1642 1374 1697 dejure
1397 1641 1558 1683 divino.

161 1715 709 1763 Adriensis——Placuisset,
734 1724 782 1757 ut
804 1717 1065 1764 declaretur,
1089 1733 1142 1758 an
1164 1717 1244 1758 hoe
1266 1718 1336 1758 vel
1358 1718 1433 1758 illo
1461 1721 1560 1773 jure

103 1795 343 1836 teneamur,
376 1791 580 1845 quoniam
616 1797 741 1831 extra
781 1790 1020 1831 Decretum
1060 1791 1331 1846 propositum
1372 1806 1457 1831 non
1495 1798 1562 1832 est

102 1862 226 1902 nobis
249 1863 514 1918 vagandum.
578 1864 728 1905 Placet
750 1863 974 1904 decretum
997 1865 1147 1919 paucis
1170 1866 1362 1914 mutatis,
1386 1880 1462 1906 nec
1483 1866 1560 1907 fiat

101 1935 262 1976 mentio
279 1935 332 1976 de
355 1936 562 1983 Decimis,
583 1944 659 1977 aut
680 1936 899 1977 subsidiis.

161 2009 753 2065 Asaphensis-Declarctur
776 2026 867 2051 esse
890 2011 1014 2051 Juris
1040 2010 1192 2057 divini,
1216 2010 1333 2066 quod
1355 2011 1389 2051 si
1412 2010 1456 2051 id
1475 2025 1560 2052 non

105 2090 264 2138 potest,
287 2090 516 2125 mutentur
538 2084 691 2125 saltem
715 2085 757 2124 in
784 2084 972 2125 Decreto
999 2084 1222 2131 nonnulla,
1249 2091 1294 2125 et
1315 2085 1559 2139 praesertim

102 2155 155 2196 de
179 2156 367 2198 Casibus
388 2157 430 2197 in
453 2157 588 2198 Bulla
604 2157 647 2198 in
669 2157 811 2197 Coena
832 2156 921 2206 Dm,
942 2157 1147 2212 quoniam
1170 2157 1338 2212 primus
1358 2157 1401 2197 in
1423 2172 1474 2198 ea
1495 2163 1561 2198 est

103 2231 154 2272 de
178 2232 424 2280 Haereticis,
460 2240 503 2274 et
534 2239 680 2273 tamen
702 2232 756 2273 de
786 2236 887 2287 jure
924 2232 1136 2287 competit
1159 2231 1406 2279 Ordinario,
1433 2238 1484 2272 ut
1515 2232 1560 2272 in

105 2303 242 2345 Clem.
265 2312 311 2361 pa
330 2305 383 2346 de
406 2305 556 2347 haeret.

163 2378 576 2435 Senogalliensis—
593 2380 694 2420 Non
735 2379 880 2435 placet
921 2393 1071 2419 eorum
1114 2378 1275 2433 opinio,
1318 2378 1393 2433 qui
1434 2378 1559 2419 aiunt

103 2452 307 2493 standum
340 2452 513 2494 decreto
535 2453 665 2494 Pauli
700 2453 814 2498 ΙΙΙ.·,
849 2467 948 2493 nam
981 2467 1076 2493 eum
1100 2452 1187 2492 xvi.
1222 2467 1354 2492 annos
1383 2452 1557 2493 nullum

101 2525 295 2568 fructum
327 2527 540 2575 attulerit,
573 2543 657 2568 non
691 2542 867 2583 possum
902 2527 941 2567 ei
971 2525 1256 2566 subscribere.
1321 2526 1557 2581 Optassem

105 2599 281 2654 quidem
317 2600 410 2655 ipse
437 2615 551 2640 nune
584 2599 794 2641 declarari
817 2599 870 2640 de
900 2600 1000 2654 jure
1021 2598 1179 2645 divino,
1213 2598 1247 2638 si
1275 2598 1319 2638 id
1342 2599 1438 2639 aliis
1463 2598 1558 2654 pla-

104 2671 284 2712 cuisset:
317 2672 393 2713 sed
409 2679 639 2727 postquam
663 2673 837 2727 integra
857 2686 979 2725 pace,
1003 2677 1046 2711 et
1063 2670 1285 2711 concordia
1306 2671 1491 2713 aliorum
1514 2672 1558 2713 id

103 2745 271 2799 nequit,
295 2745 503 2799 accipiam
527 2751 570 2785 et
593 2761 676 2801 ego
707 2745 823 2800 quod
855 2759 1046 2800 possum,
1071 2744 1250 2784 mutatis
1271 2744 1495 2800 aliquibus
1515 2745 1557 2786 in

105 2818 308 2872 praesenti
329 2817 527 2867 Det-reto,
560 2826 604 2860 et
635 2818 752 2874 quod
787 2819 828 2859 in
851 2818 880 2859 J
888 2825 1115 2859 uramento
1138 2817 1385 2873 pra-stando
1407 2834 1432 2859 a
1457 2818 1556 2860 Pas-
