1905 3254
384 334 469 376 478
1007 352 1116 383 sas-s.
1144 352 1219 381 vn:

386 458 544 496 tiarum
581 457 768 513 gradum
802 460 994 513 provecti
1026 459 1364 515 quibuscunque
1394 459 1503 506 aliis,
1540 465 1846 514 praeterquam

387 529 664 578 Bononiensi,
689 537 740 571 ut
762 530 951 577 aiebant,
976 531 1281 586 praeferantur.
1346 531 1416 571 Ad
1440 531 1533 572 haec
1555 531 1764 586 Hispani,
1787 531 1840 572 de

386 600 561 657 Regum
603 618 779 644 suorum
822 619 951 644 causa
996 603 1137 644 adhuc
1176 603 1286 644 nihil
1338 604 1535 660 liquere3
1588 604 1844 645 Parisiensis

388 681 529 715 autem
569 675 737 716 8011013ὶ
774 676 1071 731 privilegium,
1110 677 1144 716 si
1169 677 1279 717 illud
1311 684 1446 725 extat,
1481 677 1536 717 ad
1569 692 1640 717 eos
1671 684 1842 718 tantum

387 749 619 801 pertinere,
663 764 849 804 quorum
890 765 969 805 par
1010 750 1174 790 ratione
1216 751 1425 805 temporis
1466 755 1531 790 est
1573 765 1730 800 causa,
1764 749 1844 791 1100

388 821 501 861 0111111
543 836 754 862 concursu
795 821 895 862 dato
936 822 1225 862 Parisiensem
1267 822 1607 878 praeferendum,
1647 837 1769 863 secus
1809 822 1845 863 si

388 893 608 947 antiquior
631 893 743 933 alius
766 893 908 949 gradu
930 894 1217 935 Parisiensem
1241 893 1478 934 antecedat.

447 965 560 1005 Cum
590 965 684 1006 haec
718 966 936 1007 contentio
969 965 1295 1021 Theologorum
1330 965 1649 1021 disputationes
1685 967 1845 1022 magna

387 1039 579 1079 omnium
601 1039 802 1080 molestia
823 1039 1097 1095 produceret,
1120 1032 1371 1095 Legatique
1393 1040 1558 1080 frustra
1581 1039 1722 1079 varias
1743 1053 1842 1079 cau-

387 1111 526 1152 tiones
547 1110 599 1152 iis
622 1111 929 1167 com‘ponendis
963 1112 1296 1167 excogitassent,
1320 1112 1494 1153 tandem
1517 1111 1738 1152 decretum
1763 1117 1842 1160 est,

389 1191 452 1233 ut,
490 1185 693 1241 exemplo
725 1185 1034 1232 Praelatorum,
1069 1185 1255 1240 quisque
1282 1200 1383 1225 eum
1417 1185 1460 1225 in
1494 1184 1674 1225 dicendo
1702 1185 1844 1225 locum

388 1264 569 1304 teneret,
593 1272 722 1312 quem
758 1257 921 1313 gradus
942 1258 1010 1298 sui
1042 1259 1256 1313 promotio
1288 1258 1328 1298 ei
1348 1257 1565 1306 deferret3
1599 1256 1716 1312 quod
1747 1271 1842 1296 cum

388 1336 431 1370 et
464 1330 701 1386 Theologis
734 1331 984 1378 Pontificiis,
1023 1346 1120 1371 cum
1158 1331 1321 1386 quibus
1355 1330 1483 1371 nulla
1518 1336 1612 1370 erat
1644 1329 1844 1385 quaestio,

387 1403 642 1444 mandatum
684 1403 836 1444 fuisset
877 1404 1115 1452 observari,
1154 1404 1257 1444 satis
1297 1419 1444 1445 omnes
1484 1403 1587 1444 111110
1628 1404 1845 1445 delibera-

387 1477 505 1524 tioni,
530 1491 630 1531 quae
651 1477 867 1517 neminem
891 1476 1088 1524 laederet,
1112 1484 1397 1517 accesserunt.
1450 1476 1676 1532 Exceptus
1697 1484 1844 1518 tamen

388 1549 472 1590 fuit
496 1549 704 1596 Salmero,
720 1548 975 1604 Theologus
997 1548 1145 1603 Papae,
1162 1549 1230 1589 cui
1247 1549 1397 1603 primae
1418 1549 1462 1588 in
1479 1549 1661 1590 dicendo
1684 1557 1843 1604 partes,

388 1629 482 1662 tum
516 1622 560 1662 in
595 1621 802 1662 honorem
837 1621 996 1661 summi
1019 1621 1268 1668 Pontificis,
1305 1628 1400 1661 tum
1423 1622 1529 1676 quia
1555 1626 1645 1677 jam
1669 1637 1845 1677 praeme-

387 1694 554 1735 ditatus
574 1694 618 1734 in
640 1694 802 1750 primos
826 1693 1034 1734 articulos
1055 1693 1095 1733 01
1117 1693 1370 1749 adsignatos
1399 1694 1541 1735 multa
1564 1694 1725 1743 fuerat,
1747 1702 1848 1736 sunt

387 1782 605 1808 concessae.
667 1767 832 1807 Verum
865 1766 983 1821 quod
1009 1767 1064 1807 ab
1088 1781 1150 1815 e0,
1186 1782 1233 1807 ac
1264 1767 1445 1822 reliquis
1475 1766 1555 1808 hoc
1589 1775 1847 1823 argumento

386 1840 663 1895 disputatum
697 1840 1001 1881 conclusumve
1042 1840 1187 1887 fuerit,
1224 1840 1426 1895 quoniam
1459 1846 1556 1895 post
1597 1855 1746 1882 eorum
1781 1857 1846 1883 re-

387 1928 558 1969 sponsa,
599 1913 761 1953 obortis
803 1912 900 1953 aliis
940 1913 1276 1968 impedimentis,
1321 1920 1414 1954 tota
1454 1912 1546 1954 haec
1583 1914 1770 1955 materia
1803 1915 1848 1955 in

387 1993 639 2041 sequentem
662 1986 893 2026 sessionem
917 1985 1162 2026 definienda
1191 1987 1351 2042 rejecta
1386 1986 1484 2034 fuit,
1506 2001 1583 2026 nos
1605 2001 1780 2042 quoque
1802 1988 1846 2028 in

387 2074 488 2099 eum
523 2058 682 2106 locum,
718 2073 816 2114 quae
850 2058 937 2099 huc
969 2059 1191 2114 pertinent
1230 2058 1374 2099 omnia
1408 2058 1678 2114 congerenda
1712 2075 1845 2102 reser-

388 2140 568 2174 vamus.¹

444 2206 680 2261 Urgebant
712 2206 881 2246 interea
905 2205 1113 2246 Oratores
1149 2205 1323 2251 Gallici,
1362 2211 1411 2245 ut
1443 2220 1590 2245 eorum
1626 2206 1847 2261 postulata

388 2279 443 2320 ad
484 2279 707 2335 Synodum
760 2280 1042 2326 referrentur,
1085 2279 1138 2319 de
1179 2278 1336 2333 hisque
1377 2278 1706 2327 deliberaretur,
1748 2294 1844 2320 cum

387 2353 524 2394 literae
546 2353 702 2414 Regiae
725 2352 781 2393 ad
801 2358 993 2393 sanctam
1009 2351 1231 2407 Synodum
1248 2359 1348 2392 sunt
1361 2352 1557 2407 prolatae,
1580 2367 1681 2408 quae
1704 2368 1843 2394 coram

391 2425 610 2473 Patribus,
643 2425 688 2465 in
726 2440 940 2472 consessu,
964 2424 1165 2464 omnibus
1202 2431 1368 2465 attente
1403 2424 1695 2473 audientibus,
1726 2425 1847 2467 lectae

387 2499 579 2545 fuerunt,
604 2513 790 2554 quarum
813 2498 1063 2553 exemplum
1088 2512 1280 2537 seorsum
1303 2504 1438 2537 extat.

517 2606 687 2652 Literae
715 2603 877 2651 Caroli
906 2603 1078 2651 Galliae
1105 2605 1163 2650 ad
1191 2603 1420 2650 Sanctam
1448 2603 1717 2667 Synodum.

443 2703 562 2742 Tum
588 2702 748 2743 Orator
779 2702 1011 2742 Ferrerius
1038 2702 1281 2757 subjunxit,
1307 2700 1422 2741 Cum
1445 2717 1520 2742 vos
1547 2717 1600 2743 ex
1622 2702 1759 2744 literis
1779 2702 1843 2743 his

386 2777 490 2816 satis
511 2776 757 2831 intelligere
781 2775 1024 2830 potueritis,
1048 2790 1147 2830 quae
1168 2789 1311 2830 nuper
1334 2775 1378 2815 in
1401 2774 1548 2816 Gallia
1580 2790 1739 2833 magno
1759 2775 1843 2817 Dei

431 2861 438 2879 ¹
466 2860 571 2889 Before
587 2860 638 2889 the
653 2865 725 2889 next
752 2859 922 2899 paragraph
947 2859 998 2889 the
1015 2860 1089 2888 MS.
1106 2858 1160 2888 has
1177 2858 1217 2898 by
1235 2857 1368 2888 mistake
1383 2858 1433 2888 the
1449 2858 1619 2899 beginning
1643 2861 1678 2890 of
1701 2860 1750 2891 the
1775 2862 1847 2891 next

384 2911 439 2940 but
457 2913 641 2942 one—Tum
651 2934 747 2944 .....
756 2912 1013 2952 potueritis—the
1028 2911 1087 2942 last
1103 2917 1163 2941 two
1178 2911 1255 2941 lines
1271 2912 1303 2941 in
1319 2911 1379 2941 tbis
1394 2921 1483 2950 page.
