1905 3254
336 276 419 315 394
958 290 1069 320 sEss.
1096 290 1172 319 vn.

338 396 420 437 viz.
444 396 496 439 de
518 394 714 437 Romano
735 396 957 444 Pontifice,
988 402 1200 451 tanquam
1222 409 1389 436 summo
1411 394 1682 446 Hierarcha3
1715 403 1791 438 aut

338 468 645 523 explicaretur,
679 483 825 509 omncs
862 467 940 508 hos
971 466 1132 522 gradus
1163 470 1258 522 ejus
1289 466 1542 508 obedientiae
1574 467 1791 522 subjectos

339 554 443 587 esse,
467 547 542 580 aut
564 540 673 596 quid
693 539 960 596 hujusmodi,
983 545 1034 579 ut
1056 538 1177 595 apud
1204 545 1399 580 sanctum
1429 538 1703 579 Bernardum
1736 538 1789 579 de

338 611 695 654 consideratione.

398 683 483 724 Sed
522 684 781 739 replicatum
816 684 912 731 fuit,
947 699 1043 725 cum
1079 682 1149 724 hic
1185 682 1404 739 agendum
1443 683 1499 723 sit
1531 689 1705 723 tantum
1737 682 1791 723 de

338 765 608 798 sacramento
649 757 839 806 Ordinis,
881 773 964 798 non
1008 773 1099 798 esse
1137 772 1309 799 necesse
1351 765 1485 812 caput
1519 756 1790 798 Hierarchiae

337 831 591 871 nominatim
612 832 805 887 proferre
825 847 835 880 3
868 831 954 871 imo
977 830 1023 871 id
1043 845 1129 871 non
1149 830 1314 877 decere,
1338 846 1437 871 cum
1459 831 1502 871 in
1525 845 1574 871 eo
1591 846 1674 871 non
1690 830 1792 886 plus

338 904 473 958 possit
495 905 619 959 Papa
650 919 781 958 quam
810 904 1062 958 Episcopus
1084 903 1286 958 quilibet,
1317 903 1532 958 siquidem
1554 918 1792 944 sacramen-

339 977 445 1017 talia
467 978 610 1017 omnia
633 992 759 1032 aeque
780 976 991 1031 Episcopi
1014 976 1258 1032 perficiunt,
1291 991 1337 1016 ac
1360 977 1482 1031 Papa
1501 992 1508 1016 :
1540 975 1656 1017 unde
1677 977 1721 1016 in
1744 991 1794 1017 eo

339 1063 421 1088 non
462 1055 643 1103 possunt
675 1047 758 1087 dici
795 1062 885 1088 esse
926 1048 1009 1088 sub
1051 1049 1174 1103 Papa
1248 1047 1431 1103 Duplex
1463 1048 1578 1088 enim
1611 1063 1708 1088 cum
1740 1048 1796 1089 sit

339 1119 617 1168 Hierarchia,
642 1120 729 1160 alia
750 1134 967 1160 sacrarum
986 1119 1276 1167 functionum,
1297 1120 1380 1160 alia
1409 1120 1793 1175 gubernationum,

338 1192 480 1246 prima
519 1192 574 1233 ad
614 1199 931 1232 sacramentum
975 1192 1153 1232 Ordinis
1194 1191 1400 1246 pertinet,
1452 1190 1504 1231 de
1547 1206 1633 1246 quo
1682 1206 1796 1233 nunc

341 1266 504 1320 agitur,
528 1270 570 1305 et
591 1264 634 1304 in
657 1279 708 1304 ea
730 1279 925 1304 summus
945 1264 1107 1319 gradus
1128 1270 1192 1304 est
1216 1264 1559 1319 Episcoporum:
1596 1264 1797 1305 Secunda

340 1337 395 1377 ad
427 1336 782 1378 Jurisdictionem
816 1344 997 1392 spectat,
1029 1336 1083 1377 de
1107 1351 1194 1392 qua
1225 1351 1310 1376 non
1343 1337 1528 1392 agimus,
1568 1344 1611 1377 et
1641 1338 1685 1377 in
1717 1337 1798 1378 hac

341 1417 474 1466 caput
501 1416 565 1450 est
602 1410 736 1465 Papa,
773 1425 869 1450 cum
902 1416 945 1450 et
976 1424 1131 1450 nomen
1163 1409 1243 1449 hoc
1275 1410 1412 1464 Papae
1444 1410 1499 1450 sit
1528 1424 1681 1451 nomen
1712 1411 1796 1452 Ju-

339 1482 613 1523 risdictionis.
677 1482 826 1537 Igitur
856 1482 966 1521 nihil
995 1482 1047 1522 de
1080 1482 1224 1536 capite
1262 1481 1534 1523 Hierarchiae
1557 1482 1795 1539 agendum,

341 1557 446 1611 quia
467 1556 573 1595 fines
595 1555 841 1609 propositos
862 1554 1184 1609 egrederemur.

397 1628 467 1668 De
493 1627 671 1666 Canonc
695 1626 841 1672 Sexto,
865 1641 962 1666 cum
985 1627 1028 1666 in
1050 1641 1100 1666 eo
1122 1626 1350 1672 diceretur,
1374 1626 1678 1668 Hierarchiam
1707 1643 1798 1669 esse

340 1702 384 1741 in
406 1700 619 1747 Ecclesia,
641 1699 825 1755 petebat
846 1698 1177 1754 Lotharingius,
1201 1705 1244 1739 et
1266 1698 1472 1755 Hispani,
1495 1707 1545 1742 ut
1567 1700 1796 1750 diceretur,

340 1789 431 1816 esse
464 1774 710 1814 institutam
743 1787 768 1812 a
799 1772 999 1813 Christo:
1030 1773 1189 1813 nostris
1224 1775 1590 1829 repugnantibus,
1621 1775 1796 1817 tandem

341 1855 604 1890 conventum
621 1847 706 1887 fuit
724 1853 773 1887 ut
794 1846 1024 1893 diceretur,
1041 1845 1188 1886 divina
1202 1846 1475 1888 ordinatione
1493 1849 1771 1890 constitutam
1787 1865 1797 1899 ;

339 1920 471 1975 idque
509 1920 639 1960 etiam
675 1918 953 1973 Segobiensis
991 1918 1267 1973 approbavit,
1303 1918 1504 1973 quamvis
1531 1926 1684 1975 postea
1706 1935 1798 1961 sen-

340 1993 521 2034 tentiam
545 1992 748 2039 mutavit,
782 1998 833 2032 ut
855 1994 1010 2046 supra¹
1035 1991 1239 2031 dicemus.
1302 1991 1550 2033 Difficultas
1570 1992 1671 2034 inde
1692 1994 1797 2034 orie-

342 2066 486 2113 batur,
509 2065 638 2120 quod,
657 2065 691 2104 si
714 2064 946 2111 diceretur,
966 2079 991 2104 a
1014 2063 1188 2104 Christo
1212 2063 1515 2105 Hierarchiam
1536 2065 1796 2113 institutam,

342 2137 609 2177 verebantur
644 2137 779 2177 nostri
814 2136 880 2176 his
917 2135 1061 2176 verbis
1097 2136 1304 2176 contineri
1345 2142 1388 2176 et
1423 2136 1797 2186 Jurisdictionem,

341 2208 531 2264 hincque
559 2208 698 2263 sequi,
720 2207 966 2262 Episcopos
986 2207 1235 2248 immediate
1258 2209 1478 2249 institutos
1501 2224 1526 2249 a
1549 2208 1734 2257 Christo,
1756 2215 1800 2250 et

343 2282 398 2322 ab
420 2283 571 2323 eodem
593 2282 677 2322 illis
697 2281 901 2322 collatam
919 2280 949 2321 J
954 2280 1304 2330 urisdictione1n3
1327 2282 1442 2336 quod
1463 2283 1556 2337 pati
1575 2283 1796 2323 nolebant.

401 2353 487 2394 His
507 2355 659 2409 itaque
680 2354 725 2394 in
746 2354 917 2409 privata
941 2353 1278 2408 congregatione
1296 2355 1558 2410 compositis,
1582 2355 1636 2396 ad
1656 2356 1799 2411 Lega-

344 2432 485 2465 torum
508 2426 658 2466 literas
680 2440 733 2465 ex
754 2425 878 2466 Urbe
911 2424 1212 2480 respondetur,
1245 2424 1501 2466 Doctrinam
1531 2441 1675 2481 nuper
1705 2440 1800 2467 con-

344 2498 553 2537 sentiente
585 2496 874 2551 Lotharingio
909 2511 959 2536 eo
995 2496 1169 2536 missam
1198 2496 1341 2536 minus
1368 2497 1430 2536 ibi
1457 2497 1686 2552 probatam
1708 2512 1799 2538 esse

344 2568 658 2623 Lotharingio3
700 2568 820 2624 quod
856 2568 1033 2623 quidem
1068 2568 1150 2625 etsi
1184 2568 1303 2608 nulla
1343 2569 1538 2624 Legatos
1577 2576 1655 2611 aut
1696 2570 1801 2610 alios

344 2640 463 2681 illius
499 2641 687 2682 conscios
721 2641 918 2681 molestia
955 2640 1108 2687 affecit,
1148 2640 1502 2696 quandoquidem
1530 2656 1678 2683 recens
1707 2641 1799 2682 haec

344 2712 431 2752 alia
462 2713 573 2754 ratio
603 2713 824 2754 Doctrinae
858 2720 953 2754 erat
984 2713 1198 2761 instituta,
1234 2728 1317 2753 non
1354 2714 1502 2769 potuit
1534 2721 1679 2756 tamen
1713 2729 1797 2756 non

1007 2802 1015 2819 ¹
1041 2801 1150 2832 Infra?
