1905 3254
719 309 828 341 sess.
858 312 912 343 η.
1465 312 1548 352 259

91 413 176 453 que
198 403 368 456 piorum
398 408 589 451 locorum
620 414 806 470 singulis
836 419 958 459 annis
990 426 1225 466 teneantur
1258 426 1442 471 reddere
1472 445 1539 472 ra-

88 470 248 514 tionem
282 477 666 525 administrationis
701 487 931 537 ordinario,
974 498 1016 532 et
1051 495 1236 548 primam
1278 498 1539 555 dignitatem

87 542 299 587 obtinenti
335 549 378 590 in
414 552 530 601 Ecca,
566 557 641 610 qui
670 572 719 597 eo
753 565 947 616 tempore
980 579 1172 618 praesens
1202 569 1334 612 fuerit
1366 573 1409 613 in
1430 574 1535 615 loco.

87 613 214 664 Quod
235 619 269 658 si
291 634 343 660 ex
365 626 678 668 consuetudine
699 629 1047 683 immemorabili,
1077 645 1154 678 aut
1185 641 1433 699 privilegio,
1459 654 1535 688 aut

83 701 137 727 ex
159 692 463 737 constitutione
485 698 636 754 aliqua
658 701 752 750 loci,
775 704 830 744 ad
860 705 905 746 id
935 707 1157 764 deputatis
1179 715 1289 755 ratio
1313 716 1536 761 reddenda

81 768 206 810 esset,
241 770 344 806 tunc
374 783 470 809 cum
504 771 555 811 iis
583 773 845 818 adhibeatur
869 780 998 821 etiam
1021 783 1278 834 ordinarius,
1302 791 1385 831 nisi
1405 793 1532 834 aliter

78 832 186 875 forte
217 836 262 876 in
302 839 558 885 fundatione
600 853 676 888 aut
717 848 936 894 dotatione
978 857 1076 897 talis
1116 859 1290 903 fabricae
1327 879 1530 920 expresse

77 914 254 949 cautum
277 920 398 961 esset,
432 919 599 960 caeteris
621 921 719 962 aliis
741 928 1129 972 consuetudinibus
1151 935 1283 976 etiam
1306 937 1528 981 immemo-

77 979 302 1030 rabilibus,
336 991 699 1044 exemptionibus,
732 1003 776 1037 et
807 999 1054 1057 privilegiis
1076 1005 1118 1044 in
1140 1009 1402 1050 contrarium
1425 1012 1526 1053 sub-

73 1051 197 1103 latis3
229 1062 272 1097 et
299 1058 425 1101 aliter
455 1062 580 1105 factae
613 1068 909 1114 absolutiones
930 1074 1056 1117 dictis
1077 1078 1522 1126 administrationibus

73 1125 249 1169 minime
269 1131 578 1189 suffragentur.

133 1200 238 1255 [13]
275 1202 390 1246 Cum
425 1223 478 1249 ex
514 1210 794 1255 Notariorum
828 1217 1049 1273 imperitia
1080 1224 1272 1278 plurima
1301 1228 1460 1272 damna
1482 1239 1526 1274 et

71 1273 309 1317 multarum
333 1282 495 1322 occasio
517 1283 660 1326 litium
683 1288 863 1338 oriatur,
878 1294 1015 1346 possit
1028 1295 1291 1354 Episcopus,
1307 1302 1340 1342 si
1363 1304 1524 1359 Aplica

69 1345 336 1391 authoritate
353 1354 486 1395 creati
508 1356 681 1406 fuerint,
701 1366 912 1417 tanquam
935 1366 1165 1424 delegatus
1187 1372 1313 1414 Sedis
1335 1376 1521 1431 Aphoee,

68 1417 195 1459 alias1
231 1422 498 1468 authoritate
530 1429 759 1482 ordinaria,
793 1438 1109 1483 examinatione
1138 1443 1349 1496 adhibita,
1373 1464 1523 1492 eorum

65 1492 367 1537 sufficientiam
403 1503 601 1551 scrutari,
640 1505 816 1562 illisque
848 1524 931 1551 non
967 1511 1132 1556 idoneis
1174 1520 1356 1573 repertis
1397 1523 1523 1565 officii

64 1566 160 1617 ejus
191 1569 418 1610 exercendi
451 1587 578 1614 usum
607 1586 835 1632 perpetuo,
863 1590 940 1624 aut
965 1583 1020 1625 ad
1042 1592 1232 1643 tempuS,
1256 1591 1519 1645 prohibere3

63 1650 140 1677 nec
161 1653 311 1682 eorum
335 1645 574 1699 appellatio
597 1649 943 1696 interdictionem
965 1658 1172 1700 ordinarii
1192 1665 1443 1718 suspendat.

123 1711 228 1765 [14]
265 1713 310 1754 Si
343 1730 473 1771 quem
509 1719 777 1765 Clericorum
811 1728 879 1767 vel
913 1729 1159 1779 Laicoruln,
1197 1749 1459 1793 quacunque
1480 1742 1516 1782 is

60 1781 277 1837 dignitate
315 1790 594 1847 praefulgeat,
632 1795 674 1836 in
712 1804 880 1839 tantum
922 1803 1133 1845 malorum
1165 1809 1356 1850 omnium
1388 1813 1513 1856 radix

59 1856 242 1898 avaritia
256 1865 545 1916 occupaverit,
563 1873 612 1907 ut
631 1868 814 1925 alicujus
835 1872 948 1913 Ecca·
971 1890 1047 1916 seu
1070 1881 1264 1933 cujusvis
1281 1882 1512 1928 Saecularis

59 1929 130 1969 vel
172 1929 407 1986 Regularis
450 1936 645 1979 beneficii
687 1941 811 1990 bona,
857 1945 1038 1995 fructus,
1081 1951 1384 2005 emolumenta,
1431 1974 1509 2000 seu

56 2015 339 2060 quascunque
360 2008 642 2052 obventiones
665 2029 765 2068 quae
788 2017 830 2056 in
860 2019 1155 2063 ministrorum
1186 2032 1228 2066 et
1257 2041 1507 2084 pauperum

53 2078 330 2120 necessitates
366 2086 559 2125 converti
592 2086 796 2139 debeant,
830 2091 886 2139 vi,
923 2093 991 2133 vel
1025 2095 1178 2137 timore
1213 2099 1395 2150 incusso,
1429 2119 1508 2146 seu

52 2148 184 2190 etiam
218 2166 297 2206 per
327 2157 579 2210 suppositas
608 2175 815 2215 personas
839 2164 1118 2216 Clerieorum,
1143 2185 1219 2211 seu
1243 2188 1505 2233 quacunque

54 2228 161 2271 arte,
195 2232 274 2266 aut
308 2228 392 2268 sub
426 2244 689 2288 quocunque
723 2238 910 2290 ‹luzesito
944 2240 1082 2281 colore
1112 2242 1155 2282 in
1178 2247 1377 2301 proprios
1400 2265 1505 2293 usus

49 2304 313 2347 convertere,
355 2301 540 2358 illosque
578 2321 792 2362 usurpare
833 2325 966 2352 ausus
1005 2314 1150 2366 fuerit,
1190 2317 1225 2357 is
1259 2324 1503 2366 execrando

48 2368 324 2412 anathemate
357 2376 525 2417 tamdiu
558 2379 797 2435 subjaceat,
832 2386 1043 2439 quamdiu
1082 2388 1204 2437 bona,
1243 2391 1421 2443 fructus,
1456 2405 1500 2440 et

47 2441 224 2492 reditus,
258 2460 442 2500 quorum
480 2451 830 2511 [possessionem]
866 2462 1157 2516 occupaverit,
1181 2464 1294 2506 Eeeoe
1317 2472 1499 2526 ejusque

46 2514 403 2560 Administratori
442 2522 613 2578 integre
652 2529 909 2578 restituerit,
948 2547 995 2572 ac
1035 2533 1191 2576 deinde
1233 2552 1258 2578 a
1298 2538 1497 2585 Romano

43 2587 249 2630 Pontifiee
272 2591 585 2637 absolutionem
608 2599 858 2643 obtinuerit.
923 2605 1052 2654 Quod
1083 2607 1118 2647 si
1153 2610 1349 2664 ejusdem
1381 2614 1497 2657 Eccae

43 2659 257 2702 Patronus
297 2663 444 2715 fuerit,
495 2669 627 2710 etiam
668 2672 698 2713 J
704 2682 1058 2729 urelmtronatus,
1110 2681 1225 2722 ultra
1267 2685 1498 2739 praedictas

42 2747 197 2787 poenas
218 2750 268 2775 eo
289 2736 384 2791 ipso
407 2740 607 2794 privatus
628 2745 798 2787 existat.
863 2748 1059 2791 Clericus
1083 2768 1195 2802 vero,
1229 2757 1305 2811 qui
1328 2757 1493 2804 fraudis

235 2825 240 2842 ¹
273 2827 300 2855 lt
317 2839 389 2867 may
410 2829 445 2860 be
461 2831 684 2865 aliterve—the
701 2838 891 2867 contrait-tion
908 2844 960 2869 not
978 2840 1069 2879 being
1086 2853 1103 2871 n
1120 2843 1210 2873 usual
1230 2856 1298 2875 one.

1195 2903 1264 2943 s2
