1905 3254
698 245 810 276 SEss.
836 245 910 274 vn.
1457 234 1539 274 535

83 347 221 404 primo
260 348 371 388 ratio
404 348 447 388 in
479 350 707 403 prooemio,
739 351 795 390 2⁰.
839 350 915 390 illa
947 352 1190 406 exceptiva.
1261 351 1331 392 De
1367 353 1535 408 quinto,

81 420 158 461 illa
178 420 419 462 authoritas
439 422 571 462 Pauli
592 437 677 463 non
699 424 889 478 pertinet
906 430 1077 464 tantum
1101 424 1156 465 ad
1176 425 1430 481 Episcopos.
1484 425 1537 466 In

82 494 279 550 septim0‚
311 495 554 550 explicetur
582 497 786 551 proprius
807 497 1054 553 Episcopus
1087 499 1185 553 quis
1216 499 1282 546 sit,
1318 513 1420 539 nam
1453 499 1538 541 fuit

81 567 182 608 olim
216 569 508 609 controversia
535 569 649 610 inter
679 569 983 625 Epiphaniam
1013 578 1056 611 et
1085 570 1115 611 J
1119 586 1298 611 oannem
1324 571 1536 613 Constan-

81 639 428 695 tinopolitanum.
511 641 564 682 In
604 656 715 682 nono
756 641 810 682 de
862 650 994 684 aetate
1038 643 1113 683 Sto.
1158 643 1305 698 placet
1346 651 1451 685 aetas
1492 660 1535 686 X.

84 728 309 762 annorum,
334 715 439 770 quia
461 715 494 755 si
517 713 793 770 expectanda
822 722 887 756 est
910 722 1015 756 aetas
1036 716 1140 757 xiiii.
1165 731 1389 765 annorum,
1412 733 1538 759 nemo

82 787 176 835 erit,
200 788 275 843 qui
292 788 399 829 velit
416 788 578 830 servire
603 788 792 844 amplius
814 789 967 837 missis,
987 796 1031 830 et
1052 790 1271 845 oportebit
1294 797 1396 832 tune
1420 806 1538 832 assu-

81 875 197 901 mere
224 860 368 901 laicos.
433 861 485 902 In
518 877 556 902 x.
580 862 843 903 restituatur
865 863 1036 903 omnino
1070 863 1223 904 Canon
1256 863 1462 906 Chalced.
1496 865 1540 905 in

81 940 232 983 totum,
259 942 303 975 et
333 938 429 990 ejus
450 935 694 976 emendatio
723 935 985 991 publicetur,
1020 942 1069 976 ut
1098 935 1406 978 declarandum
1429 945 1493 979 est
1515 953 1540 978 a

83 1007 215 1047 Gent.
244 1008 439 1049 llerveto
461 1009 502 1048 in
526 1008 677 1048 libello
705 1008 758 1049 de
780 1007 1026 1063 reparanda
1052 1008 1261 1049 Ecclesia.
1326 1009 1379 1050 In
1402 1010 1537 1051 unde-

82 1080 205 1129 cimo,
227 1081 425 1122 Lectoris
450 1082 638 1123 officium
670 1082 772 1123 olim
805 1089 897 1123 erat
920 1082 1138 1123 instruere
1161 1098 1322 1138 pueros
1344 1083 1387 1123 in
1410 1084 1539 1126 Cate-

82 1152 256 1203 ehismo,
292 1162 336 1195 et
369 1155 517 1211 legere
550 1162 665 1204 ante,
695 1170 794 1211 quae
828 1161 938 1210 post,
969 1155 1223 1210 Episcopus
1256 1163 1368 1197 esset
1402 1157 1538 1212 expli-

82 1233 282 1276 caturus3
332 1227 446 1269 unde
484 1235 651 1269 constat
691 1228 814 1284 apud
845 1229 1162 1284 Augustinum,
1197 1243 1295 1269 eum
1330 1230 1540 1285 cogitasse

83 1300 300 1356 explicare
337 1302 561 1343 Psalmum
597 1302 854 1349 breviorem,
898 1309 941 1343 et
983 1309 1128 1342 tamen
1171 1309 1366 1343 coactum
1407 1303 1540 1345 fuisse

83 1371 364 1428 interpretari
379 1374 673 1429 prolixiorem,
689 1374 793 1429 quia
813 1374 972 1414 Lector
993 1389 1093 1414 eum
1117 1373 1295 1430 legerat.
1359 1374 1429 1415 De
1451 1375 1540 1416 Ex-

83 1447 263 1494 orcistis,
293 1445 371 1488 hoc
402 1454 514 1488 essct
546 1447 841 1488 mandandum
869 1462 1029 1488 munus
1057 1447 1181 1488 certis
1209 1454 1383 1488 tantum
1405 1463 1541 1489 sacer-

84 1519 274 1567 dotibus,
308 1526 352 1560 et
382 1535 465 1561 non
499 1520 838 1577 permittendum
872 1520 978 1560 aliis.
1044 1520 1096 1561 In
1117 1521 1372 1562 duodecimo
1395 1523 1542 1563 varius

83 1606 174 1632 mos
206 1592 290 1632 suit
326 1593 533 1648 antiquis,
568 1592 832 1649 quandoque
869 1594 912 1632 in
947 1593 1173 1649 trigesimo
1203 1608 1312 1634 anno
1346 1594 1543 1635 sacerdos

85 1664 285 1721 exemplo
309 1666 546 1707 Salvatoris
567 1667 716 1714 nostri,
740 1673 783 1706 et
804 1665 1073 1715 Ezechielis,
1107 1672 1150 1706 et
1171 1666 1213 1706 in
1236 1667 1442 1720 presenti,
1463 1666 1543 1708 hoe

84 1738 226 1794 magis
260 1739 422 1794 placet,
460 1747 510 1780 ut
548 1738 814 1779 Subdiaeoni
840 1739 883 1779 in
907 1739 1117 1795 vigesimo
1149 1745 1326 1789 octavo3
1360 1739 1544 1781 Diaconi

83 1812 128 1853 in
151 1813 360 1869 vigesimo
383 1828 518 1863 nono,
555 1813 809 1854 Sacerdotes
842 1814 884 1852 in
907 1813 1152 1868 trigesimo:
1187 1813 1245 1854 sie
1268 1814 1380 1854 enim
1403 1814 1543 1870 magis

86 1886 332 1928 consuletur
374 1887 566 1928 castitati
598 1887 764 1927 ratione
799 1886 954 1927 aetatis.
1019 1885 1070 1926 In
1103 1885 1267 1927 decimo
1303 1887 1456 1935 tertio;
1492 1894 1543 1928 ut

88 1960 391 2001 Subdiaconus
406 1960 692 2002 communicet
710 1975 808 2000 cum
830 1959 1074 2000 Sacerdote.
1110 1959 1161 1999 In
1179 1959 1341 2001 decimo
1358 1968 1542 2016 quarto,

86 2048 169 2075 non
191 2034 334 2090 placet
358 2041 407 2075 ut
437 2033 688 2075 Sacerdotes
721 2048 765 2072 se
797 2033 979 2073 invicem
1012 2032 1250 2081 absolvant,
1283 2033 1360 2073 sed
1391 2034 1543 2074 consti-

87 2113 267 2148 tuantur
300 2107 356 2148 ab
388 2107 611 2162 Episcopo
647 2105 816 2160 aliquot
845 2105 1166 2153 Penitentiarii,
1195 2105 1272 2161 qui
1304 2105 1546 2161 fungantur

47 2229 53 2236 .
87 2177 166 2221 hoe
202 2195 394 2220 munere.
459 2180 511 2220 In
548 2179 713 2220 decimo
746 2184 894 2226 sexto,
927 2192 1011 2219 non
1046 2177 1191 2233 placet
1226 2184 1276 2218 ut
1307 2178 1545 2233 exequutio

88 2251 321 2292 mandetur
344 2251 540 2293 Concilio
563 2251 827 2292 Provinciali
842 2266 852 2300 3
886 2252 1040 2306 primo,
1065 2251 1171 2306 quia
1202 2250 1310 2291 forte
1338 2265 1422 2290 non
1446 2251 1518 2292 fiet
1532 2268 1543 2302 3

70 2325 288 2373 secundo,
312 2326 418 2381 quia
439 2326 482 2366 in
506 2325 656 2366 multis
678 2325 781 2366 locis
810 2324 917 2366 adeo
939 2324 1102 2365 distant
1125 2323 1472 2379 Metropolitani,
1496 2330 1546 2365 ut

88 2397 133 2439 id
153 2399 353 2454 praestari
375 2414 457 2439 non
480 2399 636 2454 possit:
670 2398 814 2446 tertio,
831 2397 935 2452 quia
958 2396 1095 2452 aliqui
1110 2395 1443 2451 Metropolitani
1464 2410 1546 2436 non

89 2470 251 2513 habent
287 2471 598 2528 suffraganeos.
674 2470 917 2526 Eligantur
951 2469 1093 2524 pueri,
1132 2468 1208 2523 qui
1242 2467 1430 2522 aptiores
1462 2467 1547 2508 sint

88 2544 315 2593 Ecclesiae,
339 2553 384 2587 et
406 2544 473 2586 hic
495 2559 666 2601 semper
687 2558 841 2599 scopus
864 2543 906 2583 in
928 2542 1059 2582 rebus
1079 2539 1344 2596 hujusmodi.

151 2617 670 2668 Calamonensis—-Quod
692 2616 905 2673 Religiosi
938 2630 1021 2656 non
1055 2614 1215 2654 saciant
1238 2612 1546 2668 professionem

95 2699 196 2734 ante
219 2693 273 2732 30
297 2707 472 2733 annum.

151 2765 610 2807 Cauriensis—Vellet
633 2764 798 2819 aliquid
831 2762 932 2803 addi
955 2762 1008 2802 de
1031 2761 1244 2802 creatione
1266 2766 1310 2802 et
1330 2760 1547 2816 qualitate

97 2836 411 2886 Cardinalium,
435 2839 511 2894 qui
533 2852 702 2893 semper
724 2836 851 2877 lateri
874 2835 1141 2876 Sanc-tissimi
1166 2833 1398 2875 adsistunt.
