1905 3254
702 276 811 307 ssss.
834 276 877 305 11.
1469 261 1525 301 65

62 385 146 426 “in
167 385 366 432 Patres,''
390 389 568 440 sumpta
591 397 682 423 esse
704 397 758 423 ex
787 383 922 430 Luca,
957 388 1034 422 aut
1056 397 1109 423 ex
1147 382 1380 431 Malachia‚
1402 381 1518 423 ideo-

61 473 148 514 que
172 458 228 499 ad
249 458 505 499 alterutram
543 471 694 498 eorum
738 456 917 496 formam
962 455 1338 497 accommodanda.
1403 455 1521 496 Civi-

61 532 162 572 tatis
205 531 472 573 Castellanae
515 545 658 586 nuper
701 530 948 570 nunciatam
992 530 1124 570 fuisse
1162 530 1319 586 Magni
1361 529 1520 570 Tureae

61 610 243 644 mortem
261 620 271 654 3
310 618 447 658 quare
469 608 768 657 opportunum
793 616 907 641 nunc
939 615 1030 641 esse
1053 601 1295 642 deliberare
1317 600 1371 641 de
1404 601 1522 641 bello

61 680 209 714 contra
230 674 399 714 Tureas
427 672 712 728 suscipiendo.
778 672 1521 728 Caprulanus—invitandoshaerc-

61 745 165 785 ticos
179 745 314 800 juxta
335 744 587 800 exemplum
614 744 962 786 Constantiensis
985 745 1145 801 Synodi
1171 746 1370 786 Sessione
1393 746 1461 785 22.

120 819 276 859 Abbas
306 817 617 859 Benedictinus
651 818 1007 874 Stephanus—in
1042 818 1225 866 decreto,
1258 820 1334 860 ubi
1362 819 1523 860 dieitur

63 893 263 934 Sanctam
290 892 509 948 Synodum
544 907 799 949 cognoscere
832 893 1008 934 nullum
1042 893 1180 934 malos
1210 894 1343 934 libros
1365 894 1521 935 edendi

61 967 189 1007 finem
220 981 324 1015 esse,
366 966 538 1022 placere
575 966 658 1006 sibi
693 967 731 1006 ci
768 966 1037 1007 incommodo
1071 967 1311 1008 remedium
1345 968 1523 1023 aliquod

61 1039 283 1096 subjungi,
308 1040 378 1081 vel
402 1039 556 1081 saltem
575 1040 785 1095 promitti,
802 1039 871 1080 vel
894 1040 1059 1081 nullam
1075 1042 1168 1097 ejus
1182 1042 1242 1082 rei
1258 1042 1521 1082 mentionem

61 1114 166 1154 fieri.

119 1186 299 1227 Auditis
341 1188 531 1228 omnium
567 1188 801 1236 sententiis,
838 1203 934 1228 cum
973 1188 1256 1229 Rossanensis
1289 1190 1435 1244 opinio
1470 1190 1524 1231 de

61 1257 207 1300 ordine
230 1258 392 1299 decreti
414 1259 703 1300 convertendo
739 1260 869 1300 altius
892 1261 1095 1315 coepisset
1119 1260 1366 1315 legatorum
1391 1262 1522 1302 etiam

62 1332 283 1373 mentibus
307 1331 506 1379 insidere,
529 1332 605 1380 illi,
630 1332 805 1373 dimisso
838 1334 928 1388 jam
964 1333 1147 1374 Patrum
1183 1341 1314 1382 coetu,
1340 1350 1523 1376 accesse—

61 1412 164 1447 runt
186 1406 331 1447 statim
355 1406 469 1447 intra
493 1406 759 1454 cubiculum,
785 1421 882 1446 cum
908 1406 1004 1447 aliis
1032 1408 1253 1453 Patribus,
1289 1409 1366 1463 qui
1399 1409 1523 1449 illum

61 1487 406 1537 composuerunt,
447 1480 590 1536 ipsum
634 1479 964 1523 Rossanensem.
1011 1480 1210 1537 illosque,
1255 1482 1386 1521 simul
1428 1497 1522 1523 cum

62 1553 278 1595 Auditore
300 1552 427 1594 Rotae
463 1552 712 1609 adjungunt
740 1553 962 1608 prioribus
989 1561 1182 1609 quatuor
1218 1555 1441 1603 Patribus,
1477 1563 1526 1597 ut

71 1642 158 1668 una
179 1641 339 1675 omnes,
375 1632 450 1666 aut
471 1625 524 1667 de
547 1641 658 1666 novo
680 1625 851 1666 decreto
874 1627 1186 1682 componendo,
1212 1635 1290 1668 aut
1312 1628 1365 1669 de
1391 1632 1527 1670 veteri

62 1700 330 1747 emendando
371 1700 679 1747 deliberarent,
715 1715 761 1740 ac
797 1699 851 1740 ad
888 1715 959 1740 cos
1001 1701 1202 1741 referant.
1286 1701 1527 1743 Conficitur

61 1775 206 1815 statim
226 1789 250 1815 a
264 1773 525 1814 Rossanensi
543 1780 585 1814 et
605 1773 818 1814 Auditore
840 1788 1000 1813 novum
1017 1773 1239 1815 decretum
1257 1774 1341 1815 alio
1363 1775 1524 1824 ordine,

62 1848 145 1887 viz.

396 1923 536 1968 Nova
562 1921 714 1967 forma
743 1920 947 1967 Decreti.
987 1920 1065 1968 fol.
1100 1922 1172 1969 16.

121 2018 252 2070 Quod
274 2019 378 2060 dum
402 2034 499 2060 cum
524 2019 618 2059 aliis
641 2025 830 2074 quatuor
861 2019 1063 2074 patribus
1086 2022 1402 2063 communicare
1425 2023 1524 2063 inci-

64 2092 207 2148 piunt,
242 2098 422 2147 repente
454 2092 714 2133 occasionem
752 2098 946 2133 exortam
973 2107 1065 2132 esse
1089 2092 1441 2149 intelligendum,
1476 2102 1526 2136 ut

0 2179 2 2188 ’
62 2179 176 2206 nova
197 2166 253 2207 sit
275 2165 530 2208 deliberatio
562 2165 848 2221 suscipienda.
914 2165 1092 2206 Przelati
1118 2165 1323 2222 Hispani,
1348 2183 1445 2208 cum
1471 2168 1524 2209 de

64 2237 325 2295 impunitate
348 2239 561 2281 haereticis
585 2237 873 2294 promittenda
897 2238 939 2278 in
964 2238 1162 2279 concione
1187 2247 1405 2294 ageretur,
1426 2241 1525 2283 licet

66 2311 212 2366 palam
248 2328 341 2354 eam
376 2313 544 2368 prolixe
578 2311 891 2353 concedendam
932 2311 1270 2367 respondissent,
1307 2328 1352 2354 re
1378 2321 1523 2355 tamen

65 2382 318 2440 diligentius
332 2400 560 2441 perpensa,
576 2385 781 2426 acerrime
797 2384 1005 2439 privatim
1024 2384 1264 2426 detrectare
1279 2395 1522 2441 coeperunt,

64 2469 118 2497 ne
133 2455 226 2498 haec
248 2457 354 2499 fides
378 2458 559 2514 publiea
582 2473 653 2498 eos
677 2457 1054 2513 complecteretur,
1079 2458 1153 2513 qui
1186 2459 1227 2499 in
1251 2474 1401 2500 eorum
1427 2476 1523 2516 reg-

64 2530 129 2571 nis
151 2531 270 2587 apud
294 2531 581 2587 Inquisitores
619 2537 761 2572 essent
789 2531 993 2572 arcessiti.
1057 2531 1251 2572 Narrant
1286 2532 1456 2588 legatis,
1490 2535 1522 2574 si

66 2616 186 2644 secus
215 2604 305 2653 fiat,
334 2604 444 2645 nihil
468 2603 679 2659 Philippo
701 2603 814 2659 Regi
838 2604 1037 2644 acerbius
1062 2604 1252 2645 accidere
1275 2620 1413 2659 posse,
1447 2608 1523 2662 qui

67 2673 289 2725 hactenus,
317 2677 397 2718 hoc
420 2678 514 2733 ipso
537 2692 656 2718 sacro
676 2677 979 2732 Inquisitionis
1009 2677 1176 2732 judicio
1199 2683 1336 2717 totum
1362 2677 1406 2718 id
1427 2694 1522 2735 reg-

69 2761 173 2790 num
195 2750 238 2790 in
261 2750 398 2791 officio
420 2758 464 2791 et
484 2750 568 2792 fide
594 2750 824 2792 Catholica
846 2750 1069 2792 continuit.

128 2822 292 2864 Adesse
315 2822 382 2865 hic
418 2839 531 2865 nunc
564 2840 618 2866 ex
652 2839 800 2865 eorum
839 2823 989 2865 ordine
1013 2829 1213 2877 quatuor,
1243 2822 1319 2877 qui
1352 2822 1431 2865 hoe
1464 2824 1523 2865 in-

1274 2910 1295 2934 1„
