1905 3254
693 245 804 275 ssss.
832 245 909 274 νη,
1447 230 1532 270 529

71 347 293 397 afferente,
336 350 568 405 perspicue
619 349 1047 406 deprehendebatur,
1082 352 1290 393 Oratores
1332 359 1376 392 et
1416 351 1522 392 alios

68 422 240 470 multos,
259 437 463 478 magnam
487 423 681 478 augendi
698 432 880 473 veteres,
898 440 997 481 quae
1020 425 1159 467 adhue
1183 427 1407 481 vigebant,
1424 440 1521 466 con-

69 495 300 536 troversias
323 511 483 545 ansam,
508 504 773 552 arrepturos.

126 566 458 609 Panormitanus
480 569 801 610 commendavit
823 570 1206 624 p1·ofluviu1n‚im0
1227 569 1456 617 diluvium,
1471 576 1522 609 ut

69 639 160 694 ipse
183 639 344 688 aiebat,
369 641 603 682 verborum
627 648 670 682 et
691 642 937 697 figurarum
962 642 1209 682 Cardinalis
1231 641 1520 696 Lotharingii,

68 718 112 753 et
132 711 289 753 deinde
312 712 567 762 Madruccii,
590 721 633 755 et
659 714 1011 755 Patriarcharum
1033 732 1041 763 ;
1075 721 1117 755 et
1145 714 1348 763 subinde,
1372 729 1521 754 omnes

67 785 169 833 fere,
189 785 266 841 qui
285 785 495 827 hactenus
511 787 729 836 dixerunt,
749 789 881 829 variis
902 789 1108 829 laudibus
1124 795 1190 829 est
1208 794 1518 843 prosequutus.

67 857 136 899 De
158 860 300 914 primo
321 860 509 901 Decreto
531 861 682 902 retulit
702 876 857 901 novam
882 862 1077 902 formam.

126 931 489 974 Caiacensis-In
507 935 650 989 primo
671 934 878 981 clausula,
898 948 1086 989 quorum
1103 947 1249 974 recens
1272 933 1351 973 &a
1380 933 1520 987 [omit-

67 1011 188 1047 tatur
199 1006 228 1060 3]
268 1022 366 1047 nam
402 1013 466 1048 est
495 1015 650 1063 patens
688 1009 877 1049 fenestra
896 1023 905 1046 :
944 1007 998 1047 ad
1032 1006 1324 1048 claudendum
1363 1007 1517 1049 omnia,

66 1085 299 1126 statuatur,
324 1095 409 1127 eos,
434 1086 483 1121 ut
504 1080 719 1137 indignos,
742 1080 1008 1136 reficiendos,
1034 1081 1111 1135 qui
1142 1080 1379 1136 dignitates
1406 1081 1517 1135 peti-

64 1151 180 1192 tione
211 1160 538 1208 praevenerunt,
572 1169 669 1194 cum
703 1160 945 1193 monstrum
979 1152 1023 1192 id
1053 1153 1122 1203 sit,
1152 1159 1201 1193 ut
1223 1153 1346 1193 bonis
1367 1154 1520 1208 praefe-

65 1231 217 1265 rantur
243 1224 303 1273 hi,
340 1226 412 1281 qui
439 1226 670 1267 velociores
698 1225 832 1282 pedes
862 1224 1040 1266 habent.
1104 1225 1341 1265 Tollantur
1373 1226 1520 1266 cessio-

65 1312 141 1339 nes
164 1299 208 1339 in
230 1298 422 1340 favorem
445 1307 574 1340 certae
597 1314 814 1355 personae:
839 1314 985 1339 omnes
1008 1298 1266 1339 Cardinales
1287 1300 1521 1354 subjician-

65 1377 138 1413 tur
152 1373 506 1428 metropolitano,
523 1373 710 1414 sublatis
728 1373 953 1428 expensis3
978 1379 1033 1417 et,
1053 1378 1232 1412 vacante
1251 1371 1520 1416 Cathedrali,

64 1445 217 1486 electio
231 1446 289 1486 sit
302 1445 627 1502 Episcoporum
648 1445 1095 1502 Comprovincialium
1113 1451 1156 1485 et
1178 1445 1521 1500 Metropolitani.

63 1519 258 1560 Vacante
281 1535 384 1561 vero
405 1519 504 1561 sede
528 1519 885 1575 Metropolitana,
918 1519 1088 1574 eligant
1121 1518 1191 1558 alii
1222 1518 1447 1573 Episcopi,
1480 1525 1522 1559 et

64 1592 300 1648 qualitates
321 1592 464 1633 adsint
484 1593 753 1648 praescriptae
776 1608 801 1632 a
824 1593 883 1632 Sta
905 1591 1090 1647 Synodo,
1116 1591 1191 1645 qui
1224 1591 1520 1632 transmittant

64 1667 210 1707 omnia
233 1666 289 1706 ad
312 1667 421 1706 Sm¹¹¹¹¹
449 1667 570 1707 Nfflm.
635 1667 728 1707 Nec
761 1666 922 1713 obstat,
956 1664 1075 1720 quod
1099 1679 1308 1720 magnum
1332 1665 1415 1706 erit
1436 1665 1521 1705 (lis—

63 1739 270 1794 pendium
288 1739 735 1795 Comprovincialium
755 1746 799 1779 et
816 1739 1139 1794 Episcoporum
1155 1754 1165 1786 3
1192 1752 1292 1777 nam
1315 1741 1400 1778 sat¹
1424 1738 1519 1786 cito,

63 1814 99 1854 si
120 1814 246 1862 bene,
270 1820 314 1854 et
335 1814 479 1869 potius
499 1812 803 1854 sustinendum
825 1819 890 1853 est
912 1810 1190 1866 dispendium
1221 1812 1519 1865 pecuniarum,

65 1902 198 1943 quam
220 1902 366 1928 rerum
390 1888 588 1928 aliarum.
652 1887 721 1927 De
746 1885 1074 1927 Archidiaconis
1105 1884 1439 1940 providendum,
1472 1893 1522 1928 ut

63 1967 263 2001 creentur
276 1961 399 2001 boni:
417 1976 461 2002 se
475 1975 587 2001 nunc
608 1960 768 2001 habere
782 1959 895 2000 dixit
908 1957 1287 2006 Archidiaconum,
1303 1959 1378 2014 qui
1400 1960 1520 2000 annis

63 2035 364 2090 superioribus
408 2034 589 2075 tenebat
628 2049 791 2089 equum
833 2034 876 2073 in
917 2032 1091 2073 stabulo
1124 2046 1225 2073 suo:
1270 2032 1520 2088 Presbyteri

63 2121 145 2149 non
168 2108 276 2149 fiant
297 2115 396 2150 ante
419 2108 474 2148 30
494 2122 668 2148 annum.

123 2182 658 2232 Senonensis—Quoniam
682 2181 892 2237 professio
915 2180 939 2219 ,ἶ
948 2180 1039 2220 uris
1061 2180 1269 2221 Canonici
1291 2187 1357 2221 est
1377 2196 1518 2222 neccs-

64 2256 190 2303 saria,
214 2263 259 2298 et
286 2271 337 2297 ea
368 2255 610 2297 continetur
631 2254 759 2295 hodie
787 2255 830 2294 in
858 2253 980 2293 libris
1002 2252 1314 2303 Decrctalium,
1338 2262 1381 2295 et
1401 2255 1443 2294 in
1463 2255 1520 2296 6.²

65 2328 139 2369 ubi
161 2330 313 2370 multae
337 2328 685 2370 Constitutiones
707 2341 787 2382 per
809 2341 934 2366 usum
968 2326 1229 2366 contrarium
1263 2334 1363 2366 sunt
1394 2327 1518 2368 abro-

65 2403 194 2452 gatae,
218 2397 316 2438 aliae
337 2411 421 2437 non
443 2397 549 2437 satis
570 2396 767 2452 digestae,
792 2394 889 2434 aliae
912 2408 994 2433 non
1017 2393 1120 2433 satis
1142 2394 1274 2433 firma>
1297 2400 1340 2434 et
1362 2394 1517 2443 utiles;

63 2467 160 2509 ideo
195 2469 330 2510 vellet
370 2484 424 2510 ex
458 2468 660 2509 omnibus
702 2466 941 2521 expurgari
984 2465 1193 2513 utiliores,
1235 2472 1279 2506 et
1312 2467 1515 2508 constitui

65 2555 217 2582 verum
254 2543 329 2598 jus
361 2542 651 2589 Pontificium,
702 2539 820 2595 quod
867 2537 1133 2579 servandum
1185 2539 1253 2585 sit,
1304 2545 1346 2579 et
1394 2541 1519 2582 fieret

63 2613 218 2656 titulus
258 2615 310 2656 de
353 2616 488 2656 veteri
518 2619 618 2670 Jure
656 2613 881 2654 Pontificio
933 2610 1211 2659 enucleando,
1263 2612 1375 2652 sicut
1415 2613 1518 2654 olim

66 2686 227 2729 factum
250 2695 314 2729 est
346 2688 388 2728 in
419 2689 519 2744 jure
553 2687 710 2735 Civili;
741 2684 859 2741 quod
882 2699 981 2725 sane
1006 2698 1117 2738 opus
1139 2691 1251 2724 esset
1275 2684 1400 2726 valde
1422 2685 1516 2742 dig-

367 2788 372 2805 ¹
401 2792 445 2822 Si.
467 2793 535 2822 MS.
1084 2787 1095 2802 ²
1117 2787 1220 2819 Sexto.

1205 2848 1230 2885 2
1257 2861 1287 2887 M
