1905 3254
681 330 795 360 sess.
822 329 863 359 v.
1424 314 1504 357 173

44 455 112 481 me
133 449 290 489 manet,
314 447 357 483 et
377 441 479 497 Ego
501 442 545 481 in
568 440 659 487 illo,
693 439 805 480 dixit
829 439 1123 488 nihilominus,
1156 440 1234 496 qui
1269 437 1503 480 manducat

44 512 160 554 hunc
181 529 341 569 panem
364 515 483 556 vivet
504 515 549 554 in
572 521 796 555 aeternum.

101 588 324 630 Praeterea
344 588 535 629 declarat
566 587 676 628 hanc
708 593 971 642 potestatem
999 592 1217 641 perpetuo
1244 586 1287 625 in
1308 584 1505 625 Ecclesia

44 660 192 708 fuisse,
223 667 273 701 ut
294 661 338 700 in
361 660 740 701 Sacramentorum
763 658 1088 713 dispensatione
1111 672 1161 698 ea
1179 663 1406 704 statueret,
1432 657 1502 698 vel

43 740 250 782 mutaret,
265 748 363 789 quae
379 732 709 788 suscipientium
727 731 922 779 utilitati,
941 746 1017 772 seu
1033 731 1226 787 ipsorum
1253 731 1502 772 Sacramen-

43 811 189 846 torum
212 805 480 847 venerationi
512 820 592 861 pro
622 818 769 846 rerum
797 810 1046 859 temporum
1068 810 1113 845 et
1140 803 1335 845 locorum
1359 803 1501 844 varie-

43 884 134 920 tate
167 880 309 935 magis
349 878 556 935 expedire
587 877 819 934 judicaret.
884 876 938 917 Id
975 883 1122 918 autem
1144 877 1386 933 Apostolus
1419 891 1503 917 non

43 951 223 992 obscure
245 958 434 993 testatus
451 958 530 1000 est,
569 966 666 992 cum
697 950 855 1005 inquit,
885 950 942 990 sic
962 964 1040 990 nos
1061 950 1281 991 existimet
1301 949 1430 990 homo
1453 956 1503 990 ut

44 1024 262 1067 ministros
283 1025 449 1066 Christi
470 1032 513 1066 et
535 1024 858 1080 dispensatores
888 1022 1194 1077 mysteriorum
1228 1022 1337 1071 Dei3
1369 1029 1503 1078 atque

42 1098 188 1153 ipsum
236 1097 414 1154 quidem
456 1103 675 1153 potestate
716 1110 842 1136 usum
891 1109 982 1136 esse
1032 1095 1136 1135 satis
1181 1101 1360 1142 constat,
1405 1109 1501 1135 cum

43 1170 88 1210 in
122 1171 271 1211 multis
306 1171 413 1218 aliis,
457 1177 552 1210 tum
591 1170 634 1209 in
668 1168 747 1209 hoc
782 1168 876 1223 ipso
918 1168 1209 1215 Sacramento,
1253 1182 1348 1207 cum
1392 1166 1503 1206 ordi-

44 1243 158 1283 natis
178 1243 394 1283 nonnullis
414 1243 524 1284 cirea
545 1243 638 1298 ejus
660 1256 802 1288 usum,
827 1246 996 1288 caetera,
1028 1240 1187 1294 inquit,
1211 1254 1307 1279 cum
1331 1253 1501 1285 venero,

44 1313 282 1370 disponam.
346 1314 494 1364 Quare
533 1327 767 1369 agnoscens
810 1318 957 1352 sancta
991 1310 1140 1352 Mater
1166 1310 1363 1350 Ecclesia
1394 1309 1503 1350 hanc

45 1401 168 1427 suam
191 1387 234 1427 in
257 1386 630 1428 administratione
655 1386 1034 1427 sacramentorum
1057 1382 1383 1430 authoritatem,
1405 1382 1506 1424 licet

46 1459 102 1500 ab
136 1460 258 1502 initio
291 1460 552 1502 Christianae
591 1459 816 1515 religionis
856 1473 941 1499 non
975 1457 1225 1513 infrequens
1271 1457 1503 1511 utriusque

47 1534 205 1589 speciei
242 1550 346 1576 usus
380 1535 549 1582 fuisset,
586 1540 733 1575 tamen
768 1547 1006 1589 progressu
1046 1531 1256 1587 temporis
1291 1531 1503 1572 latissime

43 1610 134 1662 jam
156 1610 325 1649 mutata
344 1608 419 1648 illa
435 1606 759 1657 consuetudine,
787 1605 938 1646 eadem
961 1611 1113 1660 postea
1135 1604 1332 1645 Ecclesia
1359 1605 1503 1659 gravi-

47 1679 131 1720 bus
153 1687 196 1721 et
224 1680 357 1736 justis
378 1681 517 1721 causis
545 1679 733 1721 adducta
769 1678 823 1718 ad
855 1676 1214 1718 consuetudinem
1248 1677 1331 1717 sub
1367 1677 1504 1717 altera

47 1754 190 1809 specie
223 1753 567 1795 communicandi
603 1751 878 1808 approbavit,
914 1758 959 1791 et
999 1765 1078 1805 pro
1118 1751 1217 1806 lege
1257 1750 1503 1791 habendam

47 1828 254 1875 decrevit,
273 1843 405 1884 quam
423 1842 509 1868 non
529 1827 628 1868 licet
644 1826 894 1882 reprobare,
918 1830 995 1865 aut
1008 1824 1098 1865 sine
1114 1823 1325 1865 Ecclesiae
1348 1824 1500 1866 autho-

48 1901 178 1942 ritate
200 1916 280 1957 pro
302 1900 429 1941 libito
450 1906 635 1941 mutare.

108 1973 299 2029 Insuper
331 1973 540 2021 declarat,
574 1971 775 2028 quamvis
804 1968 1075 2024 Redemptor
1105 1974 1263 2015 noster,
1297 1974 1347 2009 ut
1377 1974 1506 2009 antea

51 2046 216 2088 dietum
237 2053 314 2093 est,
346 2047 390 2087 in
411 2060 618 2102 suprema
639 2044 716 2085 illa
738 2058 863 2085 coena
883 2041 962 2082 hoc
986 2040 1314 2081 Sacramentum
1334 2040 1378 2080 in
1398 2039 1504 2081 dua-

51 2120 135 2162 bus
166 2121 396 2176 speciebus
427 2119 681 2166 instituerit,
715 2124 860 2159 tamen
891 2113 1117 2156 fatendum
1149 2128 1240 2154 esse
1267 2114 1400 2154 etiam
1421 2114 1505 2155 sub

51 2193 261 2235 alterutra
293 2201 478 2235 tantum¹
507 2192 649 2249 specie
681 2197 822 2232 totum
851 2195 983 2243 atque
1016 2187 1238 2242 integrum
1263 2185 1503 2235 Christum,

52 2281 293 2324 verumque
321 2268 649 2309 Sacramentum
680 2264 820 2312 sumi3
854 2277 900 2302 ac
923 2266 1157 2316 propterea
1178 2259 1296 2314 quod
1317 2259 1373 2301 ad
1394 2260 1504 2301 fruc-

51 2347 145 2381 tum
178 2341 349 2389 attinet,
379 2341 503 2381 nulla
525 2340 671 2395 gratia
693 2335 934 2379 necessaria
957 2334 1011 2375 ad
1033 2334 1218 2374 salutem
1242 2348 1314 2374 eos
1333 2333 1505 2375 defrau-

51 2410 159 2460 dari,
182 2413 260 2468 qui
281 2427 414 2454 unam
435 2412 622 2468 speciem
644 2410 779 2451 solam
802 2407 1031 2462 accipiunt.

108 2485 312 2542 Denique
352 2485 504 2528 eadem
545 2491 692 2526 sancta
738 2481 938 2539 Synodus
989 2479 1123 2527 docet,
1174 2477 1383 2533 parvulos
1422 2492 1506 2518 usu

53 2560 230 2602 rationis
267 2568 478 2607 carentes,
512 2558 636 2599 nulla
670 2556 860 2613 obligari
897 2553 1152 2596 necessitate
1185 2550 1242 2592 ad
1268 2565 1507 2592 sacramen-

54 2632 183 2674 talem
204 2632 497 2674 Eucharistiae
530 2630 873 2673 communionem
891 2644 901 2677 3
935 2624 1150 2681 siquidem
1182 2638 1260 2679 per
1292 2623 1507 2678 Baptismi

54 2705 277 2748 lavacrum
311 2705 586 2763 regenerati,²
618 2710 663 2745 et
685 2702 860 2743 Christo
893 2697 1153 2754 incorporati
1185 2697 1387 2753 adeptam
1414 2701 1506 2753 jam

656 2792 662 2809 ¹
688 2792 821 2829 Tamen,
840 2790 910 2819 MS.

311 2848 323 2864 ²
350 2847 543 2887 Rege11erari‚
561 2847 652 2883 MS.;
678 2845 735 2875 but
749 2844 799 2874 the
816 2842 915 2874 whole
930 2844 1070 2872 sentence
1087 2841 1111 2869 is
1126 2843 1259 2878 corrupt.
