1905 3254
375 299 456 339 304
996 310 1103 340 snss.
1131 311 1205 340 vn.

374 420 451 461 sed
485 427 630 461 tamen
671 418 938 460 moderanda
958 435 969 468 3
1016 433 1060 459 se
1101 417 1198 459 ideo
1239 417 1462 459 consilium
1504 417 1694 474 aliquod,
1736 417 1832 459 Deo

369 497 568 548 juvante,
611 492 885 547 quaesituros,
920 506 1006 547 quo
1047 492 1239 531 omnium
1274 491 1399 538 votis,
1437 490 1582 546 quoad
1617 492 1710 546 ejus
1741 490 1835 531 fieri

374 565 547 620 poterit,
578 565 771 606 satisfiat.
835 563 943 604 Inde
977 563 1082 604 dant
1109 564 1333 619 negotium
1356 563 1618 604 Rossanensi
1640 570 1685 604 et
1703 562 1836 603 Gfiali

374 638 553 686 Lainez,
585 644 636 678 ut
656 637 888 678 formulam
911 636 1037 677 modo
1059 637 1296 678 confectam
1318 636 1523 678 Praelatis
1555 637 1723 691 aliquot
1745 635 1832 676 Ita-

374 711 425 752 lis
458 710 786 757 communicent,
818 723 866 750 ac
897 716 1111 764 quantum
1142 709 1245 749 licet
1272 723 1343 749 eos
1367 708 1423 749 ad
1444 708 1625 750 eandem
1649 707 1833 763 amplec-

376 782 553 824 tandam
593 781 841 823 inducant:
890 788 1041 837 postea
1083 782 1196 822 enim
1232 797 1275 823 se
1317 780 1617 836 Hispanorum
1659 794 1834 836 quoque

376 855 541 896 animos
562 859 805 896 tentaturos
828 853 1074 894 ostendunt.

433 927 521 968 Hic
545 927 712 978 Canon,
743 927 820 967 ubi
855 926 1081 982 divulgari
1103 933 1277 981 coeptus
1299 933 1377 975 est,
1400 927 1571 967 diversa
1603 926 1838 967 admodum

375 1007 530 1041 nactus
551 1006 615 1041 est
630 999 796 1057 judicia
819 999 1045 1040 Italorum.
1109 998 1385 1048 Quibusdam
1404 1000 1518 1040 enim
1542 998 1837 1040 admittendus

376 1073 613 1114 videbatur
632 1089 641 1113 :
674 1072 772 1113 aliis
794 1078 951 1121 contra,
986 1071 1104 1127 quod
1123 1073 1168 1112 in
1190 1073 1332 1127 priore
1354 1079 1480 1128 parte
1500 1072 1683 1113 nimium
1700 1072 1837 1113 tribu-

377 1154 470 1188 eret
503 1146 696 1202 opinioni
728 1145 1058 1201 Hispanorum:
1090 1145 1133 1185 in
1166 1146 1229 1185 2⁶1³
1256 1145 1400 1185 minus
1440 1160 1573 1200 quam
1611 1159 1692 1200 par
1727 1151 1840 1185 esset

378 1219 692 1260 authoritatem
727 1219 864 1273 Papae
900 1223 1111 1259 tueretur.
1174 1216 1383 1272 Hincque
1413 1232 1499 1258 non
1520 1217 1703 1258 obscure
1724 1217 1838 1258 colli-

379 1291 580 1346 gebatur,
614 1290 842 1330 nonnullos
870 1290 925 1330 ab
946 1289 1026 1330 hoc
1048 1290 1222 1330 Canone
1249 1289 1346 1331 ideo
1377 1289 1616 1338 dissentire,
1651 1304 1705 1330 ne
1733 1289 1838 1330 His-

380 1378 594 1422 panorum
631 1363 804 1419 placitis
836 1363 1056 1404 adhaerere
1087 1363 1347 1404 viderentur.
1411 1363 1536 1404 Alios
1559 1363 1686 1404 avide
1711 1363 1838 1404 nimis

378 1444 529 1493 optare
551 1451 643 1478 rem
661 1434 857 1492 pertrahi
886 1436 931 1475 in
954 1435 1311 1490 disputationem,
1336 1436 1554 1491 quoniam,
1579 1450 1676 1476 cum
1698 1435 1839 1476 multa

379 1509 654 1565 collegissent
675 1524 728 1550 ex
751 1508 880 1549 variis
901 1508 1026 1549 libris
1048 1508 1101 1549 de
1125 1507 1393 1549 authoritate
1414 1509 1566 1564 Papae,
1599 1509 1835 1563 sperabant

377 1582 457 1622 hac
478 1581 693 1622 occasione
715 1595 759 1621 se
781 1580 968 1636 gratiam
984 1580 1236 1621 Sanctitatis
1253 1595 1344 1620 suae
1366 1582 1694 1636 promerituros,
1712 1583 1835 1637 cujus

377 1660 638 1709 potestatem
678 1653 722 1692 in
767 1651 939 1707 Synodo
979 1652 1136 1692 acriter
1182 1651 1489 1700 defendissent,
1545 1652 1718 1707 sibique
1756 1652 1836 1693 hac

376 1726 542 1767 ratione
565 1725 620 1765 ad
641 1724 918 1765 sublimiores
933 1724 1096 1781 gradus
1124 1723 1291 1764 aditum
1307 1723 1605 1766 muniendum.
1666 1724 1835 1781 Verum

378 1800 510 1840 multi
541 1799 673 1840 etiam
708 1813 794 1839 non
830 1797 1025 1845 deerant,
1061 1797 1202 1838 animo
1240 1797 1414 1852 quidem
1447 1797 1759 1853 promptissimi
1790 1787 1834 1837 in

378 1872 542 1914 tuenda
574 1872 697 1913 Sedis
719 1871 984 1927 Apostolicae
1018 1870 1296 1918 authoritate,
1332 1870 1552 1926 iidemque
1588 1870 1834 1918 doctissimi,

379 1946 454 1987 sed
486 1947 646 2002 quibus
677 1943 789 1985 nihil
825 1944 1035 2000 expedire
1068 1944 1303 1985 videbatur
1343 1943 1685 2000 disputationem
1729 1943 1837 1984 hanc

380 2019 606 2060 inchoare:
640 2019 727 2059 imo
760 2017 1016 2065 suadebant,
1065 2024 1115 2058 ut
1148 2031 1410 2072 quacunque
1442 2017 1608 2058 ratione
1630 2017 1723 2058 haec
1744 2032 1838 2058 con-

380 2093 515 2134 tentio
546 2092 802 2133 evitaretur.
869 2090 982 2132 Cum
1004 2091 1116 2131 enim
1142 2090 1276 2131 Sedes
1298 2090 1556 2145 Apostolica
1587 2091 1642 2131 sit
1673 2090 1718 2131 in
1749 2105 1836 2131 am-

379 2166 575 2221 plissima
609 2172 653 2206 et
683 2165 862 2220 pacifica
892 2164 1160 2220 possessione
1183 2163 1213 2204 J
1218 2163 1507 2205 urisdictionis
1527 2179 1618 2205 suae
1647 2165 1691 2204 in
1713 2179 1836 2220 quos-

380 2253 555 2294 cunque
567 2238 825 2293 Episcopos,
849 2236 1151 2292 imprudenter
1173 2237 1246 2292 agi
1268 2238 1515 2286 censebant,
1537 2238 1573 2278 si
1595 2237 1648 2278 de
1670 2252 1720 2278 eo
1742 2252 1836 2278 con-

381 2312 560 2353 certatio
590 2311 787 2356 iniretur,
819 2309 936 2365 quod
969 2310 1133 2365 absque
1168 2309 1480 2365 disceptatione
1513 2310 1750 2360 retinetur3
1795 2317 1839 2352 et

384 2385 472 2426 alia
492 2384 632 2425 multa
664 2383 935 2429 omittantur,
969 2397 1069 2437 quae
1091 2397 1145 2422 ex
1168 2381 1391 2422 doctorum
1414 2383 1733 2425 subtilitatibus
1753 2383 1839 2426 huc

383 2457 508 2498 facile
529 2462 717 2513 possent,
740 2456 899 2510 magna
920 2468 1016 2494 cum
1036 2453 1200 2509 Synodi
1220 2454 1430 2503 molestia,
1452 2454 1654 2496 derivari.

441 2530 646 2572 Redeunt
680 2528 833 2570 deinde
864 2528 1147 2569 Rossanensis
1178 2534 1220 2569 et
1251 2528 1440 2569 Lainez:
1474 2529 1598 2570 aiunt
1631 2529 1766 2572 Italos
1796 2531 1841 2572 in

385 2617 593 2660 suspenso
615 2617 730 2651 esse3
767 2616 927 2656 cupere
959 2615 1031 2641 eos
1063 2601 1186 2655 prius
1214 2601 1460 2656 intelligere
1495 2601 1613 2656 quod
1647 2601 1839 2658 Hispani

385 2681 592 2717 statuant.
653 2674 770 2714 Nam
792 2674 828 2714 si
851 2673 1002 2714 Canon
1022 2672 1246 2727 recipitur,
1271 2679 1385 2720 tunc,
1416 2673 1471 2713 ad
1492 2674 1725 2729 fugiendas
1745 2690 1840 2716 con-

386 2747 632 2793 troversias,
665 2760 708 2785 se
732 2759 908 2801 quoque
928 2745 971 2785 in
993 2745 1179 2786 eundem
1200 2745 1505 2786 descensuros:
1539 2747 1657 2801 quod
1691 2748 1726 2788 si
1757 2748 1840 2789 dis-

388 2819 562 2874 putatio
583 2819 638 2859 sit
658 2818 900 2866 excitanda,
921 2833 999 2860 nec
1017 2819 1099 2859 sibi
1120 2825 1222 2860 tunc
1243 2819 1471 2860 formulam
1494 2819 1615 2861 illam
1638 2821 1826 2875 probari.
