1905 3254
356 302 438 344 576
977 316 1085 347 snss.
1114 317 1187 346 vn.

366 431 415 464 ut
438 423 494 465 ad
515 424 682 466 cultum
704 423 791 464 Dei
814 423 961 464 fideles
995 429 1347 470 convocarentur,
1371 436 1458 477 quo
1486 428 1680 476 tempore
1701 420 1812 475 psal⁴

364 496 511 536 modia
543 497 611 536 vel
651 511 820 537 sacrum
855 494 1158 535 celebrandum
1193 501 1304 535 esset
1322 511 1331 543 3
1378 493 1532 534 deinde
1573 494 1733 533 librum
1776 492 1816 533 ei

367 569 550 624 aperire,
570 569 645 624 qui
665 568 949 624 praedicabat.
1012 567 1086 608 Ad
1107 568 1206 612 haec,
1229 582 1404 622 operam
1435 566 1552 612 dare,
1574 581 1628 606 110
1651 565 1815 620 aliquid

365 654 527 687 eorum,
550 655 649 695 quae
670 640 787 680 intra
815 640 1053 680 Ecclesiam
1085 645 1239 687 essent,
1263 638 1426 693 periret
1501 639 1728 678 Postremo
1762 636 1817 676 ad

369 728 440 753 eos
461 713 712 767 pertinebat
733 728 898 761 curare,
923 720 971 754 ut
992 714 1035 753 in
1056 713 1201 753 Domo
1224 712 1310 753 Dei
1337 713 1480 753 omnia
1502 712 1653 752 decore
1676 718 1720 752 et
1751 725 1814 751 re-

365 785 517 841 ligiose
539 787 713 827 fierent:
747 794 796 827 ut
817 802 870 827 ne
893 787 992 842 quis
1024 786 1339 833 deambularet,
1370 792 1627 841 nugaretur,
1652 784 1723 825 vel
1755 785 1816 824 in-

367 858 570 900 decenter
598 860 770 900 sederet
801 866 877 899 aut
910 865 1053 899 staret.
1118 859 1226 898 Haec
1257 859 1394 913 igitur
1427 858 1582 904 omnia,
1606 864 1818 912 quantum

368 931 461 970 fieri
483 938 642 985 potest,
666 937 714 970 ut
734 931 777 970 in
799 931 996 971 Ecclesia
1016 930 1336 984 Episcoporum
1359 929 1571 970 industria
1591 929 1819 969 restituan-

369 1010 452 1049 tur,
473 1003 632 1043 Sancta
650 1003 848 1058 Synodus
868 1003 1148 1043 veliementer
1161 1003 1298 1057 eupit,
1314 1002 1529 1048 hortatur,
1544 1017 1591 1041 ac
1605 1001 1816 1056 praecipit.

370 1076 565 1116 Maxime
601 1083 749 1116 autem
773 1076 969 1131 proderit
990 1076 1394 1116 Ecclesiasticorum
1416 1074 1709 1114 ministrorum
1738 1073 1821 1114 dis-

370 1149 556 1204 ciplinae,
581 1156 713 1205 atque
747 1150 1023 1198 institutioni,
1049 1156 1096 1189 ut
1118 1156 1161 1189 et
1192 1155 1342 1204 portas
1365 1148 1543 1203 Templi
1566 1162 1756 1195 servare,
1779 1153 1821 1188 et

369 1222 617 1278 hujusmodi
643 1223 730 1263 alia
751 1223 889 1264 officia
909 1238 1060 1278 gerere
1082 1238 1165 1262 11011
1186 1222 1493 1278 dedignentur.
1556 1221 1610 1262 In
1631 1220 1697 1261 his
1711 1221 1822 1261 enim

372 1292 676 1332 humilioribus
698 1301 958 1341 exercentes,
982 1294 1017 1334 si
1050 1293 1158 1349 quid
1192 1302 1338 1335 tamen
1370 1294 1536 1335 humile
1559 1292 1820 1335 censendum

373 1372 439 1406 est
471 1365 589 1420 quod
627 1365 682 1406 ad
710 1366 798 1406 Dei
830 1367 995 1407 cultum
1020 1368 1177 1422 quovis
1207 1367 1335 1408 modo
1356 1367 1587 1415 referatur,
1610 1367 1822 1407 firmiores

373 1444 525 1493 postea
546 1445 672 1479 erunt
694 1445 736 1479 et
759 1440 989 1480 sanctiores
1012 1440 1065 1480 ad
1087 1440 1297 1481 sanctiora
1327 1440 1564 1481 ministeria
1596 1439 1820 1480 obeunda:

373 1511 561 1550 multum
591 1512 722 1551 etiam
744 1513 986 1552 ornamenti
1018 1520 1060 1553 ct
1080 1512 1324 1568 splendoris
1345 1513 1510 1553 Domui
1533 1512 1621 1553 Dei
1642 1511 1826 1559 accedet,

375 1583 410 1622 si
431 1582 509 1623 1100
532 1598 691 1623 munus
713 1584 784 1638 pie
807 1590 851 1624 et
878 1584 1030 1625 sedulo
1053 1592 1229 1625 curetur
1247 1602 1256 1634 3
1288 1599 1389 1625 nam
1410 1600 1507 1625 cum
1528 1584 1704 1639 Templi
1725 1583 1824 1624 osti-

376 1669 449 1695 um
485 1657 603 1694 tant-21
639 1655 868 1710 diligentia
900 1656 1107 1697 custodiri
1143 1657 1336 1712 populus
1369 1657 1503 1706 videt,
1536 1657 1714 1698 docetur
1748 1657 1828 1698 hae

376 1727 628 1774 ceremonia,
652 1742 781 1782 quam
804 1736 952 1769 sancta
979 1730 1033 1769 sit
1066 1730 1237 1770 Domus
1259 1731 1358 1777 Dei,
1383 1737 1515 1785 atque
1538 1731 1745 1772 terribilis
1775 1731 1829 1771 sit

375 1800 495 1840 locus
516 1800 601 1847 ille,
625 1807 669 1841 et
704 1805 867 1855 quanta
887 1817 984 1842 cum
1019 1802 1265 1843 reverentia
1290 1804 1449 1843 versari
1470 1804 1513 1843 in
1547 1819 1597 1845 eo
1618 1808 1827 1860 oporteat.

378 1873 538 1927 Neque
562 1888 664 1913 vero
683 1888 1057 1928 supervacaneum
1078 1873 1157 1915 hoc
1183 1881 1380 1930 tempore
1401 1876 1577 1917 illorum
1598 1875 1826 1918 ministeri-

380 1958 453 1983 um
472 1943 608 1984 videri
626 1950 780 1999 potest,
805 1960 902 1985 cum
917 1946 948 1986 J
952 1945 1081 1993 udaei,
1098 1954 1140 1987 et
1156 1949 1516 1990 excommunicati
1530 1950 1574 1990 in
1587 1949 1830 1990 Ecclesiam

377 2017 636 2071 irrumpant,
660 2023 703 2057 et
720 2032 835 2072 saepe
858 2018 1092 2059 immundis
1116 2020 1379 2062 animalibus
1401 2022 1617 2077 templum
1639 2022 1725 2062 Dei
1753 2022 1830 2063 foe-
1886 2054 1894 2068 η.

379 2089 520 2130 detur.
583 2089 748 2130 Verum
773 2090 808 2130 si
830 2091 937 2131 forte
959 2091 1047 2132 haec
1077 2108 1259 2133 munera
1286 2095 1441 2142 omnia,
1466 2109 1559 2150 quae
1580 2110 1830 2136 commemo·
1903 2084 1905 2094 Ι

379 2167 477 2201 rata
508 2167 622 2209 sunt,
644 2162 787 2202 minus
812 2163 1033 2204 commode
1066 2165 1109 2204 in
1138 2165 1475 2220 quibuscunque
1511 2166 1612 2206 locis
1642 2167 1832 2208 exerceri
1886 2159 1905 2228 l}

382 2232 562 2287 possint,
585 2238 636 2272 ut
673 2232 855 2273 Ostiarii
890 2249 997 2281 eam,
1032 2243 1225 2276 cessante
1254 2237 1404 2292 aliqua
1432 2237 1531 2277 utili
1553 2253 1697 2293 opera,
1720 2254 1828 2279 com·
1904 2291 1905 2295 Ἰ

382 2309 579 2357 pensent,
602 2303 767 2342 librum
802 2305 1037 2353 conficient,
1064 2307 1104 2345 in
1127 2321 1213 2360 quo
1234 2307 1442 2363 descripti
1462 2309 1547 2349 sint
1569 2311 1831 2367 quicunque¹
1886 2328 1905 2348 v2

383 2381 580 2430 tempore
614 2375 669 2415 ab
691 2376 891 2416 Ecclesia
917 2384 1083 2418 statuto
1110 2393 1193 2418 non
1228 2382 1652 2432 communicaverint,
1688 2390 1732 2424 et
1759 2383 1833 2439 qui
1886 2410 1887 2413 =

382 2447 665 2502 peccatricem
679 2448 815 2488 vitam
834 2449 1011 2503 publice
1026 2450 1204 2499 ducunt,
1221 2453 1353 2507 quive
1370 2454 1666 2510 negligentius
1678 2456 1834 2497 diebus
1886 2444 1887 2448 Ἰ

384 2519 506 2559 festis
527 2518 581 2559 ad
615 2533 737 2559 sacra
760 2521 1047 2562 conveniunt:
1079 2522 1157 2563 hoc
1193 2525 1305 2564 enim
1344 2525 1556 2582 Catalogo
1578 2535 1728 2583 pastor
1760 2528 1831 2569 ad-

379 2596 504 2646 jutus
540 2591 708 2632 facilius
745 2606 848 2633 oves
879 2594 962 2634 sibi
995 2596 1241 2637 commissas
1266 2613 1415 2639 curare
1445 2601 1631 2655 poterit3
1665 2601 1832 2642 dabunt

384 2665 511 2705 etiam
547 2679 738 2719 operam,
773 2671 824 2705 ut
860 2667 1101 2708 coemiteria
1142 2670 1304 2724 saepius
1345 2679 1587 2722 vel-rantur,
1630 2680 1685 2721 et,
1720 2673 1832 2714 omni

386 2735 590 2776 foeditate
612 2743 819 2793 purgata,
844 2736 1074 2792 diligenter
1096 2740 1404 2783 custodiantur.

945 2826 951 2843 ¹
980 2828 1188 2868 Quocunque,
1207 2831 1275 2860 MS,
