1905 3254
683 315 792 346 SESS.
819 315 896 345 vn.
1437 300 1519 342 317

63 417 358 473 gratulantur,
395 419 628 475 faustaque
662 420 806 461 omnia
837 435 885 461 ac
920 419 1064 461 felicia
1093 435 1119 461 a
1145 419 1246 460 Dno
1266 427 1515 476 precantur.

64 490 300 539 Caeterum,
324 507 424 546 quae
447 492 514 532 vel
536 492 589 532 de
620 493 922 533 communibus
958 492 1196 533 Catholicae
1229 493 1343 534 Eccae
1375 494 1519 540 rebus,

61 562 132 603 vel
164 562 217 603 de
250 563 434 618 privatis
466 564 736 604 Gallicarum
773 565 1067 605 Ecclesiarum
1100 565 1335 605 commodis
1363 581 1519 621 propo-

60 635 204 676 nenda
253 644 393 685 erunt,
437 652 489 677 ea
532 638 690 677 Sancta
742 636 938 692 Synodus
979 637 1324 692 quotiescunque
1363 638 1519 694 Regiis

64 708 336 754 Oratoribus,
367 708 484 750 Viris
505 709 888 764 praestantissimis,
922 710 993 750 vel
1018 710 1100 750 Illae
1122 710 1403 765 amplitudini
1426 727 1518 752 ves-

63 786 142 821 trae
164 779 217 820 de
249 779 315 820 his
347 779 518 821 dicendi
548 781 667 821 locus
698 788 742 821 et
777 787 972 835 potestas
1005 779 1198 827 dabitur,
1231 781 1517 823 libentissime

62 852 225 893 audiet.
288 854 447 909 Neque
483 854 597 894 enim
631 854 821 897 dubitat,
854 854 960 909 quin
982 855 1075 909 ejus
1097 854 1211 909 regis
1231 855 1416 903 nomine,
1441 856 1518 911 qui

60 925 265 980 pueritiae
298 926 711 967 commendationem
751 942 775 966 a
809 927 987 981 pietatis
1027 927 1235 967 acerrima
1269 927 1517 969 defensione

61 996 252 1046 duxerit,
287 1000 499 1053 cujusque
531 999 574 1038 in
602 999 717 1038 omni
750 999 838 1038 vita
859 999 1133 1053 praecipuum
1156 998 1362 1039 ornandae
1385 1007 1518 1055 atque

63 1070 382 1125 amplificandae
412 1071 655 1126 Religionis
691 1071 885 1111 studium
918 1086 1009 1111 esse
1043 1071 1215 1118 debeat,
1251 1072 1327 1113 illa
1362 1089 1517 1129 propo-

63 1151 235 1191 nantur,
274 1159 373 1199 quae
408 1144 449 1184 in
483 1144 635 1199 primis
667 1160 764 1184 cum
798 1147 900 1185 vera
928 1144 1013 1184 Dei
1036 1144 1188 1199 gloria,
1212 1153 1517 1202 perpetuaque

65 1216 236 1256 Sancta}
259 1220 354 1270 ejus
375 1216 586 1255 Ecclesia}
610 1216 816 1262 utilitate,
849 1222 892 1256 et
913 1231 1082 1256 summa
1105 1217 1369 1271 Apostolieae
1394 1218 1519 1259 Sedis

64 1286 281 1343 dignitate
303 1294 346 1328 ot
370 1287 659 1343 amplitudine
681 1289 910 1342 conjuncta
931 1302 1021 1327 esse
1044 1287 1286 1329 videantur.

118 1359 186 1400 Ea
208 1359 418 1407 absoluta,
443 1360 604 1400 Orator
630 1359 855 1400 Ferrerius
878 1359 1039 1399 Gallus
1066 1359 1238 1415 incepit.
1303 1360 1518 1401 Orationi-

63 1432 160 1479 bus,
192 1446 301 1487 quas
332 1445 445 1472 nunc
479 1431 675 1480 audistis,
711 1432 811 1472 Illmi
840 1432 943 1479 Dni,
988 1432 1058 1472 Smi
1099 1432 1264 1480 Patres,
1306 1433 1416 1474 nihil
1452 1441 1517 1474 est

63 1506 181 1561 quod
201 1521 226 1546 a
247 1506 371 1546 nobis
393 1505 628 1561 quicquam
652 1505 765 1554 addi,
800 1512 876 1546 aut
897 1505 1068 1546 detrahi
1089 1505 1259 1547 debeat.
1322 1507 1517 1548 Tantum

62 1569 199 1618 unum
234 1577 441 1626 dicemus,
475 1579 587 1619 bona
622 1579 752 1619 venia
785 1580 1108 1620 Paternitatum
1147 1586 1411 1627 vestrarum,
1436 1594 1516 1634 pro

62 1650 256 1691 muneris
296 1651 433 1691 nostri
464 1651 661 1691 ratione:
700 1650 1056 1692 Christianissimi
1093 1651 1231 1707 Regis
1272 1653 1386 1707 pius,
1420 1653 1517 1693 reli-

62 1724 225 1779 giosus,
249 1731 294 1764 et
315 1724 358 1763 in
381 1723 651 1764 Catholicam
673 1723 914 1764 Ecclesiam
943 1725 1311 1779 propensissimus
1332 1725 1515 1774 animus,

61 1803 189 1837 antea
220 1796 398 1852 quidem
432 1803 526 1837 erat
557 1797 758 1836 omnibus
791 1797 894 1836 satis
924 1803 1180 1852 perspectus
1212 1804 1255 1837 et
1289 1797 1516 1853 cognitus:

59 1884 173 1910 nunc
215 1876 360 1910 autem
402 1870 596 1910 adventu
636 1876 679 1910 ct
719 1870 911 1910 oratione
954 1869 1053 1909 Ill¹¹li
1090 1869 1312 1925 Principis,
1355 1877 1399 1911 et
1432 1870 1514 1911 Rmi

63 1941 217 1982 Card¹is
238 1942 345 1983 adeo
367 1949 432 1983 est
453 1942 714 1990 illustratus,
748 1949 797 1983 ut
822 1957 876 1982 ne
900 1942 1032 1982 ullius
1054 1942 1229 1996 quidem
1252 1942 1516 1984 dubitationi

61 2015 200 2056 locum
224 2015 461 2071 relinquat.
522 2016 654 2063 Nam,
678 2015 908 2070 quominus
934 2022 1062 2057 antea
1092 2015 1202 2055 tanti
1236 2015 1318 2056 viri
1352 2015 1513 2057 adven-

60 2094 131 2129 tus
152 2089 208 2129 ab
230 2088 478 2129 hominibus
499 2088 793 2144 prudentibus
815 2095 858 2129 et
880 2088 1033 2143 peritis
1055 2103 1201 2129 rerum
1224 2087 1514 2130 humanarum

61 2162 333 2219 sperabatur,
365 2177 414 2202 eo
446 2162 599 2218 magis,
634 2176 730 2202 curn
760 2163 940 2210 venerit,
973 2177 1100 2203 nemo
1121 2167 1197 2209 est,
1222 2161 1292 2202 vel
1313 2161 1516 2203 mediocri

59 2234 234 2290 ingenio
274 2234 500 2290 praeditus,
542 2235 618 2290 qui
657 2249 741 2275 non
776 2235 905 2291 plane
944 2235 1103 2283 videat,
1141 2239 1355 2289 quantum
1394 2235 1516 2275 Galli

62 2307 174 2349 Eccae
207 2307 448 2349 Catholicae
482 2308 729 2349 consultum
764 2308 961 2356 velimus,
986 2307 1150 2363 quique
1170 2321 1255 2347 non
1277 2307 1512 2363 intelligat,

61 2379 222 2434 plures,
253 2395 417 2436 easque
451 2381 731 2437 gravissimas
766 2396 858 2421 esse
895 2395 1059 2428 causas,
1101 2379 1264 2435 quibus
1301 2378 1515 2420 adductus

59 2451 158 2493 Rex
182 2452 397 2494 Christmu⁵
418 2454 544 2494 illum
571 2453 627 2494 ad
655 2468 731 2494 nos
753 2453 945 2502 miserit3
969 2454 1092 2508 cujus
1114 2451 1324 2507 singulari
1340 2452 1515 2493 consilio

61 2525 105 2565 in
140 2525 271 2566 rebus
302 2526 474 2582 magnis
506 2526 701 2582 agendis,
725 2542 821 2567 cum
845 2533 974 2567 antea
1001 2539 1172 2580 semper
1194 2539 1298 2564 usus
1320 2530 1396 2571 est,
1419 2531 1513 2565 tum

61 2598 247 2640 maxime
268 2597 336 2639 his
357 2599 612 2640 miserrimis
633 2606 676 2641 et
702 2598 1082 2640 calamitosissimis
1115 2597 1276 2638 Galliae
1311 2597 1514 2652 tempori-

62 2670 158 2713 bus.
203 2671 291 2722 Qui
313 2678 459 2712 autem
481 2672 740 2720 existimant,
763 2672 936 2727 privato
958 2671 1098 2726 magis
1118 2670 1355 2719 commodo,
1378 2685 1512 2726 quam

62 2739 335 2798 Reipublicae
368 2742 562 2785 Christnae
593 2758 723 2785 causa
754 2742 846 2784 haec
866 2732 904 2784 ¹a
934 2743 1059 2783 nobis
1098 2741 1205 2792 fieri,
1237 2741 1514 2784 vehementer

62 2814 289 2859 falluntur.
351 2817 504 2860 Potest
527 2818 581 2871 (si
601 2817 728 2859 modo
751 2818 873 2870 velit)
899 2816 994 2858 Rex
1018 2814 1427 2864 Christianissimus,
1445 2816 1512 2858 vel
