1905 3254
676 284 788 312 SEss.
817 283 909 312 vm.
1433 272 1515 312 599

56 391 153 426 sent
169 401 180 434 3
212 384 299 440 ipsi
321 391 467 425 tamen
486 385 674 432 aiebant,
698 385 806 426 nihil
826 387 910 427 sibi
925 386 979 427 de
995 386 1249 442 hujusmodi
1264 402 1310 429 re
1331 389 1377 428 in
1390 390 1513 438 actis,

60 464 137 499 aut
169 458 416 499 testimonio
448 459 536 499 ullo
568 458 744 512 publico
781 465 991 506 constare,
1019 474 1096 500 nec
1124 459 1180 500 ad
1212 475 1257 502 se
1284 462 1511 517 negotium

56 530 137 571 hoc
153 531 373 585 pertinere
390 548 400 581 3
422 531 630 586 privatim
647 537 794 571 tamen
815 546 913 571 cum
939 531 1139 573 Oratore¹
1163 534 1510 589 expostularunt,

58 603 134 659 qui
155 604 393 651 excusavit,
416 619 460 644 se
481 604 544 644 ita
563 604 607 643 in
638 603 854 644 mandatis
883 603 1102 654 habuisse,
1134 612 1179 646 et
1206 621 1299 647 rem
1321 608 1512 662 amplius

55 676 273 732 integram
294 691 379 716 non
400 691 503 717 esse.

113 749 370 804 Sequuntur
398 749 491 790 aliae
523 748 898 805 Congregationes
918 755 963 789 et
983 748 1099 790 Vota
1120 749 1173 790 de
1195 751 1510 793 reformatione.

111 822 198 863 Die
240 824 295 863 :24
336 822 609 877 Septembris
649 821 754 862 data
793 821 879 862 fuit
920 822 1131 862 Patribus
1171 824 1295 878 copia
1330 823 1511 864 aliorum

53 894 338 935 articulorum
390 894 739 943 Reformationis,
793 895 870 949 qui
922 902 1194 949 supererant,
1243 896 1511 952 fueruntque

53 982 236 1008 numero
262 967 338 1017 143
371 967 412 1007 in
437 968 598 1022 quibus
619 967 819 1008 ultimus²
841 974 934 1008 erat
955 967 1008 1007 de
1030 967 1350 1023 impedimentis
1376 984 1510 1010 saecu-

54 1041 211 1082 larium
234 1042 291 1082 ab
312 1041 514 1081 omnibus
533 1041 756 1096 expetitus
777 1048 824 1095 p⁰
846 1044 923 1081 re.³
946 1041 1201 1095 inceperunt
1221 1056 1336 1083 nune
1356 1043 1510 1084 Patres

52 1112 215 1154 habere
254 1127 387 1167 penes
427 1127 472 1152 se
515 1112 722 1152 articulos
757 1112 812 1152 35
848 1111 1206 1161 Reformationis3
1238 1128 1323 1154 non
1364 1121 1509 1154 tamen

52 1185 255 1227 dicebant
274 1185 510 1226 sententias
530 1185 574 1225 in
595 1185 946 1241 congregatione,
969 1186 1051 1225 nisi
1074 1200 1205 1240 super
1229 1187 1297 1235 21,
1316 1188 1422 1242 quia
1448 1188 1511 1228 ita

50 1258 197 1300 fuerat
217 1258 478 1299 inchoatum.

111 1331 296 1372 Interim
319 1330 464 1378 etiam,
498 1330 602 1384 quia
634 1329 821 1384 quaestio
854 1329 908 1370 de
941 1329 1209 1371 clandestino
1236 1331 1510 1372 matrimonio

51 1419 77 1445 a
116 1403 326 1444 Patribus
366 1402 592 1458 disputata
634 1401 807 1442 assiduo
847 1417 927 1458 per
967 1418 1042 1444 ora
1073 1410 1117 1444 et
1149 1418 1277 1444 aures
1316 1405 1509 1445 omnium

52 1475 314 1531 vagabatur,
337 1475 504 1530 placuit
524 1474 707 1529 Legatis
729 1474 880 1515 eodem
902 1474 987 1523 die,
1013 1476 1088 1531 qui
1110 1475 1197 1516 fuit
1225 1476 1275 1515 14
1309 1476 1510 1531 Septem-

50 1549 153 1596 bris,
178 1563 203 1589 a
222 1547 408 1604 prandio
432 1547 833 1602 Congregationem
864 1546 1135 1587 diversorum
1158 1547 1442 1587 Praelatorum
1466 1555 1511 1588 et

51 1621 377 1678 Theologorum
411 1620 587 1667 habere,
610 1626 660 1660 ut
682 1619 947 1659 commodius
969 1626 1013 1660 et
1042 1618 1300 1674 diligentius
1321 1626 1415 1660 tota
1442 1635 1510 1660 res

51 1694 386 1751 expenderetur.
450 1693 750 1749 Congregatio
784 1699 932 1733 coacta
963 1692 1047 1733 fuit
1079 1692 1122 1732 in
1157 1692 1326 1732 aedibus
1355 1692 1510 1734 Cardlis

51 1767 236 1809 Moroni.
271 1767 471 1808 Aderant
504 1766 666 1822 Legati
698 1772 916 1820 quatuor,
949 1765 1022 1805 alii
1044 1763 1202 1805 Cardles
1223 1764 1324 1812 duo,
1346 1765 1508 1808 Lotha-

50 1841 223 1896 ringius
264 1848 308 1882 et
351 1840 658 1889 Madruccius3
691 1839 796 1879 item
819 1844 1008 1879 oratores
1035 1853 1182 1879 omnes
1202 1839 1508 1889 Ecclesiastici,

49 1913 338 1969 quamplures
359 1913 433 1954 alii
455 1912 635 1953 Praelati
649 1927 701 1953 ex
724 1912 839 1952 omni
860 1911 1010 1952 ordine
1028 1918 1071 1952 et
1086 1913 1274 1960 natione,
1289 1912 1508 1968 Theologi

49 1988 236 2028 minores
255 1987 450 2043 plurimi,
473 1993 516 2027 et
539 1986 625 2031 alii,
657 1985 789 2025 etiam
818 1984 966 2025 Laici:
998 1999 1098 2025 nam
1132 1986 1390 2039 permissum
1422 1986 1508 2027 fuit

50 2061 251 2102 omnibus
283 2075 334 2101 eo
375 2059 446 2100 die
488 2058 837 2114 Congregationi
877 2058 1115 2099 interesse.4
1177 2059 1298 2099 Inter
1334 2065 1507 2100 caeteros

49 2134 244 2175 accersiti
265 2134 440 2174 fuerant
472 2132 687 2188 Theologi
718 2132 904 2171 minores
932 2146 986 2172 ex
1012 2131 1143 2172 variis
1169 2132 1433 2180 nationibus,
1457 2140 1507 2173 ut

49 2207 103 2249 de
124 2207 309 2248 materia
340 2205 600 2247 clandestini
621 2203 887 2244 matrimonii
908 2202 1196 2258 disputarent,
1220 2205 1298 2259 qui
1324 2205 1505 2245 tueban-

50 2287 138 2328 tur,
160 2279 298 2320 Ecclm
318 2293 401 2319 non
423 2293 547 2333 posse
568 2277 741 2318 irritare
763 2276 856 2317 haec
879 2276 1168 2317 matrimonia.
1237 2277 1302 2318 Hi
1318 2285 1441 2318 erant
1452 2279 1503 2319 fr.

50 2352 158 2393 Adr.
182 2352 508 2399 Dominicanus,
531 2350 662 2391 Fraus
693 2349 931 2396 Torrensis,
963 2348 1240 2389 Salmeronus
1270 2350 1301 2391 J
1305 2350 1455 2399 esuita‚
1477 2351 1504 2390 4

51 2426 221 2473 Gallus,
259 2426 300 2465 v³
322 2423 515 2472 Flandr.‚
545 2423 601 2464 vis
633 2423 823 2479 Anglus.
884 2422 958 2462 Ex
995 2421 1132 2462 altera
1162 2429 1287 2477 parte
1322 2423 1372 2463 fr.
1395 2423 1433 2464 F
1436 2438 1502 2464 er-

93 2529 101 2548 ¹
128 2531 188 2561 For
202 2540 276 2560 cum
295 2531 422 2560 Oratore
436 2529 487 2559 the
505 2529 575 2559 MS.
590 2529 643 2558 has
660 2532 838 2558 crematore.

91 2586 104 2604 ²
128 2587 301 2626 Ultimum,
318 2588 389 2617 MS.

93 2647 106 2665 ³
127 2647 272 2677 Ioannot
296 2646 352 2676 tell
381 2645 463 2675 what
490 2645 573 2675 these
599 2650 659 2674 two
683 2643 889 2673 contractions
911 2651 1017 2671 mean.
1064 2642 1126 2671 But
1151 2651 1198 2672 see
1222 2642 1388 2673 Sess.xxv.
1405 2654 1433 2674 c.
1450 2645 1504 2682 20,

50 2698 94 2729 Le
108 2698 190 2734 plat,
205 2699 260 2737 vi.‚
276 2709 306 2739 p.
324 2700 396 2737 225,
411 2698 475 2728 and
492 2697 648 2736 Raynald.
665 2695 782 2726 Annal.
811 2696 856 2725 sor
878 2694 938 2724 this
960 2705 1031 2733 year
1059 2695 1149 2734 1563,
1167 2695 1225 2727 No.
1244 2695 1313 2726 153.
1360 2697 1437 2736 May
1453 2697 1502 2727 the

0 2744 2 2753 ἱ
47 2751 144 2783 above
160 2751 259 2782 words
273 2751 311 2782 be
326 2752 427 2792 primo
445 2750 694 2781 reformationis?

93 2809 106 2826 ⁴
128 2809 194 2839 The
208 2809 377 2841 admissiou
394 2809 428 2840 os
440 2809 517 2840 laios
533 2814 564 2840 to
581 2820 599 2840 a
615 2807 830 2847 congregation
847 2806 871 2837 is
884 2804 1087 2836 remarkable.
