1905 3254
340 230 395 268 64
988 243 1096 274 sEss.
1123 244 1166 272 11.

343 348 522 390 tendum
544 349 682 405 igitur
703 347 895 389 ordinem
919 349 1091 389 omnino
1112 356 1234 404 puto,
1251 348 1369 404 quod
1385 349 1458 396 ita,
1477 354 1521 388 et
1540 348 1708 388 Sanctae
1725 347 1799 402 Sy-

342 423 443 463 nodi
465 422 678 468 instituto,
694 428 738 462 et
761 422 852 477 ejus
874 420 1089 475 dignitati,
1114 422 1275 462 rectius
1298 421 1559 462 consuletur.

402 495 560 546 Quoad
583 496 775 543 tertium,
797 495 851 535 de
874 495 1032 542 verbis,
1056 494 1207 535 audivi
1225 495 1350 535 modo
1372 495 1513 535 multa
1531 509 1554 534 a
1570 492 1803 534 Cardinale

344 569 597 611 Madruccio
633 568 875 623 prudenter
922 567 1237 615 animadversa,
1276 583 1375 623 quae
1413 566 1643 608 brevitatis
1676 579 1805 606 causa

343 658 429 683 non
452 649 663 698 repetam,
679 657 777 682 cum
799 640 906 681 mihi
931 641 1035 681 satis
1056 641 1131 681 illa
1154 641 1413 696 probentur.

403 715 582 771 Reliqui
597 716 749 756 Patres
770 715 814 755 in
828 716 1081 755 universum
1106 715 1235 755 alicui
1259 730 1311 755 ex
1329 714 1396 754 his
1414 713 1558 753 tribus
1580 711 1805 752 sententiis

347 791 638 834 adhaeserunt,
679 798 721 831 et
756 806 853 831 cum
877 790 1130 831 Madruccio
1163 789 1354 846 quidem,
1390 787 1536 844 quoad
1570 787 1704 827 verba
1735 785 1805 827 de-

347 865 463 911 creti,
482 879 629 905 omnes
644 864 731 904 fere
749 872 1066 905 consenserunt.
1132 865 1229 914 Quo
1243 864 1336 904 loco
1352 878 1435 902 non
1453 862 1805 917 praetermittam,

347 938 616 993 displicuisse
640 944 742 977 tunc
761 938 984 992 aliquibus
1008 938 1220 993 gravibus
1242 936 1456 982 Prael-atis,
1480 935 1542 975 ita
1563 941 1739 975 caeteros
1762 934 1805 973 in

347 1015 443 1066 ejus
470 1011 730 1052 sententiam
754 1011 842 1051 fere
865 1010 1054 1066 pedibus
1083 1010 1337 1056 cucurrisse,
1372 1023 1456 1049 non
1481 1008 1586 1063 quia
1607 1022 1701 1048 eam
1724 1006 1808 1061 ipsi

347 1100 522 1140 quoque
544 1100 630 1125 non
653 1084 903 1139 probarent,
928 1082 1002 1123 sed
1025 1083 1242 1138 quoniam,
1273 1097 1368 1122 cum
1396 1081 1474 1129 illi,
1509 1081 1585 1136 qui
1619 1095 1714 1121 eam
1747 1094 1810 1120 se-

347 1159 436 1199 cuti
459 1165 570 1205 sunt,
594 1156 848 1197 nominatim
874 1155 981 1195 Illum
1005 1162 1048 1196 ct
1070 1154 1159 1195 R¹¹¹¹¹
1184 1154 1463 1194 Cardinalem
1491 1152 1808 1199 Madruccium,

348 1246 447 1272 cum
471 1230 567 1270 aliis
603 1229 881 1284 amplissimis
917 1228 1098 1268 laudum
1134 1227 1469 1282 praefationibus
1492 1226 1810 1282 appellassent,

348 1302 613 1343 videbantur
637 1300 884 1356 aliquando,
906 1315 990 1340 non
1013 1307 1103 1340 tam
1126 1299 1400 1348 assentiendi,
1418 1313 1549 1354 quam
1566 1296 1813 1339 assentandi

349 1390 492 1418 causa,
515 1374 608 1414 haec
630 1374 876 1430 protulisse.

408 1447 479 1488 De
508 1446 674 1491 Titulo,
710 1447 903 1487 nonnulli
938 1447 1131 1502 Hispani
1164 1447 1333 1493 Patres,
1369 1450 1559 1499 quatuor
1591 1443 1634 1483 ni
1673 1443 1812 1491 fallor,

354 1521 671 1561 Granatensem
695 1528 794 1561 sunt
817 1522 953 1562 secuti
972 1538 981 1570 3
1008 1522 1122 1561 inter
1140 1536 1248 1575 quos
1265 1519 1548 1560 Dertusensis
1568 1518 1692 1566 (lixit,
1718 1518 1814 1559 ideo
1856 1544 1859 1547 -
1883 1501 1887 1512 ¹

352 1593 639 1634 necessarium
664 1608 755 1634 esse
793 1594 1036 1648 exprimere
1069 1593 1639 1634 universalem‘Ecclesiam
1673 1607 1814 1648 repre-

353 1672 543 1712 sentans,
568 1666 660 1713 &c.,
694 1681 744 1706 eo
768 1665 887 1721 quod
908 1665 1103 1706 haeretici
1136 1667 1260 1707 aiunt
1290 1666 1532 1706 Ecclesiam
1556 1680 1646 1706 esse
1669 1665 1814 1705 invisi-

352 1738 499 1778 bilem.
561 1738 726 1778 Verum
764 1737 1098 1793 Senogalliensis
1131 1746 1279 1780 contra
1312 1753 1428 1787 eum,
1465 1738 1562 1778 hinc
1606 1737 1817 1793 prodierit

355 1812 550 1853 Schisma
571 1813 615 1852 in
640 1813 885 1861 Basiliensi,
903 1828 1002 1853 nam
1025 1828 1079 1853 ex
1102 1813 1168 1854 his
1197 1814 1340 1854 verbis
1368 1813 1566 1854 haeretici
1599 1814 1814 1862 dixerunt,

355 1886 600 1926 Concilium
625 1893 792 1926 rectum
815 1900 840 1926 a
864 1886 1042 1926 Christo
1066 1894 1327 1941 potestatem
1351 1886 1525 1928 habere.

414 1959 571 2009 Quoad
601 1959 806 2007 ordinem,
846 1960 1129 2016 quamplures
1151 1960 1281 2000 etiam
1306 1975 1359 2000 ex
1383 1961 1585 2015 patribus
1609 1960 1816 2016 graxiori—

354 2033 438 2073 bus
460 2032 721 2072 Rossanensi
742 2032 1035 2088 subscripsere
1056 2049 1064 2072 :
1096 2040 1260 2088 praeter
1286 2033 1376 2079 hos,
1400 2033 1656 2074 Patriarcha
1678 2035 1816 2076 Vene-

356 2113 429 2147 tus
462 2104 644 2153 addidit,
669 2105 842 2147 decreto
865 2112 1065 2161 oportere
1090 2105 1253 2160 apponi
1286 2104 1379 2146 haec
1409 2107 1558 2154 verba,
1587 2122 1683 2147 cum
1707 2106 1818 2148 sacri

357 2178 492 2234 sigilli
524 2179 808 2233 appositione.

416 2251 965 2292 Naxiensis—servandam
1003 2267 1095 2292 esse
1143 2251 1505 2293 consuetudinem
1548 2252 1817 2307 temporibus
1877 2305 1881 2309 “

358 2324 489 2364 Pauli
524 2323 599 2365 III
634 2324 894 2369 institutam,
927 2332 976 2365 ut
1009 2326 1163 2365 Patres
1198 2326 1274 2380 qui
1310 2325 1533 2366 decretum
1566 2340 1817 2380 composue-
1876 2378 1880 2392 ⁸

353 2404 457 2439 runt
494 2397 620 2453 prius
655 2405 876 2453 exponent
909 2398 1096 2438 rationes
1126 2413 1254 2447 suas;
1299 2406 1449 2454 postea
1487 2398 1562 2439 alii
1596 2398 1818 2439 decretum
1876 2401 1880 2425 ἲ

351 2471 562 2527 judicent.
626 2471 880 2526 Ragusinus
902 2470 957 2511 ad
970 2486 1020 2511 ea
1035 2471 1172 2511 verba
1188 2473 1357 2520 statuit,
1373 2479 1416 2513 et
1438 2472 1642 2521 decrevit,
1658 2472 1816 2513 adden-
1876 2511 1880 2523 ,

353 2528 458 2569 dum
481 2543 584 2575 esse,
600 2527 653 2569 de
676 2527 879 2570 mandato
898 2528 1118 2568 Sanctism.

413 2601 1003 2642 Bracarensis—nominatim
1022 2602 1271 2644 invitandos
1293 2619 1384 2645 esse
1408 2604 1818 2660 Calvinumjdssren-
1874 2589 1879 2633 i

360 2673 483 2720 tium,
509 2672 787 2715 Theodorum
810 2674 974 2714 Bezam
994 2691 1004 2723 3
1036 2681 1079 2715 et
1101 2675 1298 2716 similiter
1315 2677 1562 2732 Pragensis,
1596 2691 1649 2717 ea
1671 2677 1817 2718 verba,
1874 2686 1878 2730 ξ
