1905 3254
344 307 428 349 232
991 324 1101 355 sEss.
1124 325 1183 354 vl.

348 438 392 471 et
427 429 674 486 HungariS,
714 429 831 485 quod
864 434 1026 485 petunt
1064 429 1320 470 nullatenus
1356 426 1675 484 prohibendum
1709 442 1801 469 esse

344 503 504 559 judico.

405 576 783 632 Philadelphensis
801 575 917 616 SuffS
939 575 1403 631 Eystatensis1—Eg0
1426 589 1527 616 vero
1546 574 1625 615 hoc
1647 574 1708 615 eis
1730 574 1803 615 ab·

348 664 511 706 negare
533 651 825 706 periculosum
842 649 1034 705 quidem,
1051 649 1126 691 sed
1142 649 1427 706 perniciosius
1446 649 1587 689 multo
1603 648 1639 689 si
1659 662 1803 688 conce-

349 722 481 764 datur
502 723 701 764 futurum
723 738 815 764 esse
842 723 993 764 sentio.
1057 723 1270 763 Nostrum
1303 728 1368 762 est
1396 721 1657 762 universalis
1690 721 1806 761 Ε6638

350 795 706 837 consuetudinem
729 796 930 846 retinere,
952 796 1029 836 has
1048 796 1264 836 novitates
1285 794 1531 835 abhorrere.

410 867 792 909 Clodiensis—sex
813 868 920 908 mihi
951 869 995 908 in
1025 875 1213 909 mentem
1246 868 1452 908 veniunt:
1484 874 1563 922 p¹¹¹⁰
1594 865 1702 922 quid
1734 881 1808 922 pe-

352 946 486 989 tatur,
509 947 552 981 et
571 956 661 982 rem
686 941 813 982 video
835 957 926 983 esse
955 957 1009 983 ex
1037 957 1195 998 genere
1229 956 1306 982 suo
1339 941 1563 996 optimam,
1596 946 1640 981 et
1673 955 1806 995 quam

352 1013 424 1054 lex
446 1014 638 1070 alioquin
661 1015 872 1071 praecepit
890 1031 900 1064 3
934 1016 977 1055 2⁰
1016 1030 1040 1056 a
1062 1029 1148 1071 quo
1170 1020 1362 1070 petatur,
1385 1019 1429 1055 et
1447 1012 1696 1054 Caesaream
1718 1027 1806 1052 ma-

349 1091 553 1143 Jestatem
600 1102 691 1129 esse
733 1088 786 1129 de
833 1088 1044 1144 religione
1097 1088 1325 1129 Catholica
1374 1087 1540 1143 optime
1589 1086 1804 1133 meritam,

352 1159 539 1215 ideoque
560 1161 670 1201 bene
691 1160 745 1201 de
767 1175 815 1201 eo
836 1176 927 1201 esse
949 1160 1286 1216 conjiciendum3
1330 1161 1373 1200 3⁰
1405 1175 1484 1216 pro
1506 1160 1666 1215 quibus
1686 1165 1806 1214 peta-

352 1238 440 1279 tur,
463 1238 506 1272 et
528 1238 642 1272 certe
664 1247 749 1272 non
770 1247 849 1287 pro
869 1232 1070 1274 hostibus
1086 1233 1242 1275 nostris
1260 1231 1367 1288 p'eti,
1385 1232 1461 1287 qui
1476 1231 1568 1272 haec
1585 1230 1805 1279 irrideant,

356 1311 432 1344 aut
455 1304 530 1359 qui
550 1319 628 1345 nec
649 1304 788 1353 Eecm,
811 1320 887 1346 nec
909 1306 1175 1354 Pontificem,
1207 1321 1284 1346 nee
1308 1304 1531 1361 Synodum
1554 1310 1805 1360 agnoscant,

355 1378 524 1418 verum2
544 1393 622 1433 pro
643 1378 863 1419 catholicis
882 1379 988 1434 peti,
1013 1379 1185 1434 quibus,
1208 1378 1309 1419 licet
1332 1393 1590 1433 persuasum
1622 1377 1678 1418 sit
1708 1376 1806 1417 cali-

355 1466 445 1492 cem
481 1452 564 1492 sibi
594 1467 680 1493 non
715 1467 807 1493 esse
840 1453 1143 1499 necessarium,
1176 1452 1359 1507 cupiunt
1390 1459 1537 1493 tamen
1558 1450 1614 1491 ad
1633 1450 1807 1490 illorum

354 1541 509 1574 mores,
547 1533 596 1566 ut
629 1541 726 1566 cum
758 1526 842 1567 illis
875 1526 1065 1582 quietius
1095 1526 1260 1574 vivant,
1291 1541 1335 1566 se
1367 1523 1701 1572 accommodare,
1729 1538 1807 1578 pro

353 1599 438 1638 illis
460 1598 590 1639 etiam
614 1598 721 1654 peti,
746 1599 837 1653 qui,
865 1599 967 1639 licet
998 1599 1042 1638 in
1071 1613 1117 1638 re
1137 1597 1333 1638 nonnihil
1356 1598 1569 1643 aberrent,
1592 1611 1691 1637 cum
1712 1603 1807 1636 tan-

353 1678 505 1728 topere
527 1671 579 1712 de
596 1671 675 1713 hoc
690 1687 773 1712 usu
794 1672 934 1713 calicis
956 1673 1041 1713 sint
1056 1673 1225 1721 soliciti,
1242 1672 1295 1712 de
1311 1671 1379 1712 his
1395 1678 1540 1712 tamen
1559 1670 1807 1711 Caesaream

353 1746 642 1801 majestatem³
672 1743 856 1786 indubie
877 1760 1066 1801 sperare,
1093 1760 1164 1787 eos
1184 1745 1262 1786 hac
1284 1745 1448 1785 ratione
1469 1744 1513 1784 in
1536 1743 1807 1784 catholicam

352 1817 481 1858 fidem
500 1832 590 1857 esse
613 1817 924 1858 confirmandos
936 1835 946 1867 3
979 1819 1024 1858 40
1044 1818 1166 1874 apud
1188 1833 1318 1874 quem
1340 1817 1385 1857 id
1405 1822 1608 1873 petatur:
1631 1823 1675 1857 et
1691 1822 1806 1857 certe

354 1888 474 1944 apud
496 1889 604 1929 Sfflum
631 1890 897 1939 Pontificem,
920 1895 1047 1947 cujus
1068 1890 1137 1932 hae
1160 1891 1350 1948 propriae
1373 1898 1474 1932 sunt
1496 1896 1643 1946 partes
1656 1906 1666 1940 ;
1688 1889 1806 1930 licet-

353 1977 440 2017 que
477 1970 518 2003 et
559 1963 673 2004 idem
712 1979 735 2004 a
769 1964 926 2005 Sancta
968 1965 1140 2021 Synodo
1175 1965 1437 2020 postuletur,
1471 1980 1567 2005 cum
1600 1970 1745 2004 tamen
1782 1977 1808 2003 a

352 2035 574 2083 Pontifice,
618 2036 743 2078 velut
779 2052 803 2077 a
839 2037 997 2092 capite,
1043 2037 1240 2093 Synodus
1278 2037 1479 2094 pendeat,
1521 2052 1599 2078 nec
1640 2036 1807 2092 possint

352 2108 544 2150 Decreta
577 2109 739 2165 Synodi
768 2110 857 2151 sine
880 2110 947 2150 Stis
967 2126 1057 2152 suae
1080 2126 1256 2152 assensu
1281 2112 1394 2153 vires
1425 2111 1601 2158 habere,
1624 2108 1806 2165 perinde

353 2197 443 2223 esse
477 2198 523 2223 ac
556 2183 591 2223 si
624 2198 648 2223 a
680 2184 803 2238 Papa
837 2183 881 2223 id
911 2184 1164 2224 nominatim
1198 2185 1537 2240 efflagitaretur3
1571 2185 1614 2224 5⁰
1644 2183 1807 2238 quibus

352 2255 671 2297 conditionibus
705 2263 898 2312 petatur,
933 2263 977 2297 et
1009 2272 1113 2304 esse,
1151 2258 1312 2313 quibus
1344 2273 1428 2299 non
1463 2256 1659 2304 servatis,
1701 2255 1807 2296 nihil

351 2343 530 2384 prorsus
551 2330 637 2370 illis
658 2345 905 2371 concessum
930 2329 1233 2386 intelligatur,
1265 2331 1310 2370 6ο
1339 2346 1425 2386 quo
1458 2337 1652 2385 tempore
1685 2335 1806 2385 peta·

350 2408 435 2450 tur,
458 2404 502 2443 in
523 2402 687 2459 hocque
715 2404 779 2444 rei
803 2403 1021 2444 cardinem
1045 2405 1223 2453 versari,
1244 2419 1310 2452 an,
1345 2403 1435 2444 scil.
1460 2402 1526 2443 his
1548 2402 1807 2444 calamitosis

352 2477 626 2531 temporibus
664 2476 821 2532 religio
859 2475 927 2516 hic
960 2476 1170 2517 commodi
1204 2483 1281 2518 aut
1316 2475 1575 2518 incommodi
1614 2475 1716 2530 plus
1751 2476 1807 2516 sit

353 2556 597 2605 acceptura,
636 2564 689 2590 ne
726 2549 835 2590 forte
869 2548 968 2590 hinc
1003 2549 1197 2590 haeretici
1240 2556 1547 2605 argumentum
1583 2549 1804 2604 arripiant,

397 2687 404 2704 ¹
429 2687 652 2725 Suffraganeus
668 2686 876 2725 Eystatensis:
901 2687 1070 2717 Aickstmlt.
1108 2686 1174 2716 The
1190 2686 1395 2728 orthography
1410 2687 1518 2717 varies.

391 2740 405 2757 ²
430 2742 557 2778 Utrum,
574 2741 643 2771 MS.

393 2793 405 2809 ³
429 2794 497 2823 Non
521 2793 546 2823 is
570 2794 700 2823 inserted
724 2793 802 2831 here,
818 2793 920 2824 which
937 2794 987 2824 the
1004 2795 1104 2825 writer
1125 2795 1275 2835 probably
1290 2795 1441 2825 included
1457 2794 1588 2826 without
1604 2793 1753 2833 thinking
1775 2795 1806 2823 in

351 2844 399 2874 the
414 2847 554 2883 negative
571 2847 648 2877 form
665 2847 699 2877 of
712 2847 761 2877 the
777 2852 851 2877 next
868 2848 959 2877 word.
