1905 3254
352 260 408 300 48
1019 271 1129 301 SESS.
1155 270 1197 298 11.

357 373 586 414 nobiscum
638 373 800 412 sincere
851 370 1129 425 conjungant,
1172 382 1262 409 esse
1302 364 1656 423 promittendam,
1699 363 1819 420 quod

360 447 630 502 RagusinUS,
655 446 683 486 J
689 444 895 491 adrensis,
920 441 1214 488 Ahneriensis,
1252 446 1295 481 ct
1325 440 1502 496 plurimi
1532 439 1604 480 alii
1634 436 1819 479 tradide-

360 525 490 568 runt3
532 533 610 558 nec
645 516 700 557 ad
736 516 958 572 quaslibet
991 529 1142 555 eorum
1179 512 1381 560 maculas,
1415 512 1496 551 nisi
1532 511 1642 552 forte
1677 510 1820 550 dirum

360 590 480 646 quid,
505 598 582 632 aut
605 590 649 630 in
671 589 832 637 Deum,
858 594 933 629 aut
957 586 1285 628 Sanctissimum
1307 585 1365 625 N.
1390 585 1560 640 Papam
1582 582 1821 628 effundant,

361 668 510 708 statim
554 681 646 708 esse
687 662 1108 711 excandescendum3
1162 676 1259 702 cum
1302 659 1511 700 adversus
1550 656 1824 713 phreneticos

361 742 484 783 irasci
506 741 728 782 Medicum
745 755 829 781 non
852 739 1013 787 deceat,
1037 737 1113 778 sed
1139 737 1200 778 eis
1220 736 1374 792 majori
1395 742 1498 777 tunc
1520 734 1749 776 clementia
1769 733 1825 773 sit

361 814 726 856 subveniendum.
802 812 1007 863 Quinimo
1041 826 1111 851 eos
1150 825 1234 851 non
1282 810 1589 850 haereticorum
1635 807 1821 855 nomine,

363 888 439 929 sed
474 887 718 928 honestiore
752 885 1051 941 appellatione
1083 884 1167 924 huc
1201 882 1457 931 invitandos,
1489 897 1543 922 ne
1577 882 1686 922 tales
1721 896 1766 922 se
1800 895 1825 921 a

361 962 486 1002 nobis
503 961 667 1001 censeri
679 958 858 1014 indigne
875 958 1017 999 ferant
1036 974 1043 996 :
1077 957 1225 1012 potius
1239 956 1496 1003 curandum,
1519 962 1569 996 ut
1590 956 1823 995 maximam

363 1050 469 1090 erga
503 1048 574 1074 eos
605 1032 935 1079 humanitatem,
972 1031 1105 1071 etiam
1135 1031 1251 1070 intra
1287 1044 1435 1069 eorum
1469 1035 1583 1069 tecta
1614 1028 1826 1084 incipiant

364 1107 567 1163 experiri.
640 1104 850 1145 Subdidit
885 1103 1157 1144 Theanensis
1193 1102 1523 1159 excogitandam
1561 1117 1652 1142 esse
1692 1101 1824 1142 etiam

363 1182 577 1222 rationem
613 1178 819 1233 aliquam,
842 1192 895 1217 ne
931 1178 987 1217 ob
1023 1177 1228 1232 inopiam,
1259 1180 1567 1231 jacturamque
1599 1175 1824 1221 bonorum,

367 1255 532 1310 quibus
554 1254 662 1293 forte
683 1251 729 1291 hi
752 1258 850 1291 sunt
865 1250 1077 1297 mulctati,
1093 1264 1243 1290 eorum
1264 1248 1347 1289 huc
1369 1263 1561 1289 accessus
1583 1254 1825 1296 avertatur,

367 1345 463 1370 cum
486 1336 615 1384 turpe
638 1328 694 1367 sit
716 1327 777 1367 ibi
793 1340 936 1382 egere,
960 1325 1039 1365 ubi
1061 1325 1161 1364 olim
1185 1323 1490 1364 abundaveris.

427 1402 540 1443 Haec
570 1401 623 1442 de
660 1399 948 1456 praesentibus
983 1398 1167 1439 Patrum
1201 1397 1433 1452 suffragiis.
1496 1394 1679 1437 Interim
1711 1408 1826 1440 vero,

369 1476 473 1516 dum
509 1490 641 1530 super
674 1473 740 1514 his
777 1472 1114 1514 consultationes
1146 1470 1380 1518 habentur,
1415 1476 1458 1510 et
1493 1470 1581 1510 alia
1610 1469 1721 1509 inter
1757 1482 1829 1508 eos

370 1555 618 1590 memoratu
632 1547 766 1604 digna
778 1547 1066 1602 contigerunt,
1085 1545 1292 1585 Oratores
1313 1545 1431 1599 [vero
1446 1544 1476 1598 ἲ]
1499 1542 1705 1589 Caesarei,
1720 1556 1828 1597 quos

370 1623 540 1678 pridem
559 1621 674 1662 fama
695 1627 789 1662 erat
810 1620 894 1660 huc
911 1620 965 1660 ab
983 1619 1253 1674 Imperatore
1275 1618 1406 1659 fuisse
1421 1617 1628 1664 dimissos,
1652 1615 1827 1657 tandem

370 1711 452 1736 non
486 1696 617 1751 longo
654 1694 763 1734 alter
798 1699 899 1749 post
933 1693 1116 1733 alterum
1148 1691 1382 1732 intervallo
1416 1690 1701 1731 advenerunt.
1763 1688 1830 1729 Hi

371 1775 459 1809 tres
495 1774 645 1808 erant:
678 1766 863 1813 Primus,
888 1766 1108 1807 Antonius
1129 1764 1182 1805 de
1220 1764 1432 1820 Muglitio
1463 1762 1830 1819 Archiepiscopus

373 1841 633 1897 Pragensis3
668 1840 790 1887 alter,
824 1839 1133 1895 Sigismundus
1166 1853 1191 1878 a
1221 1837 1354 1878 Thun
1371 1854 1382 1887 3
1415 1837 1585 1884 tertius,
1611 1836 1830 1892 Georgius

373 1913 675 1954 Drascovitius
719 1913 970 1968 Episcopus
1018 1911 1507 1966 Quinqueecclesiensis,
1564 1910 1619 1951 ab
1675 1908 1829 1950 eodem

373 1988 541 2037 missus,
576 2002 660 2027 non
703 1994 848 2027 tamen
884 1992 933 2026 ut
976 1984 1177 2033 Caesaris,
1214 1983 1290 2024 sed
1326 1990 1376 2024 ut
1410 1983 1544 2039 Regis
1579 1983 1829 2040 Hungariae

373 2060 515 2100 locum
547 2059 742 2100 referret.
818 2058 930 2098 Cum
962 2058 1101 2114 igitur
1136 2057 1368 2113 Pragensis
1409 2063 1454 2097 et
1492 2055 1830 2111 Quinqueeccle-

375 2132 537 2179 siensis,
576 2131 899 2186 quamprimum
940 2146 984 2171 se
1021 2145 1046 2170 a
1078 2129 1286 2170 Patribus
1318 2130 1361 2169 in
1396 2128 1621 2184 Synodum
1657 2127 1832 2169 admitti

374 2206 661 2262 postularent,
697 2220 796 2245 nam
835 2202 1142 2260 Sigismundus
1179 2203 1329 2258 paucis
1363 2209 1461 2257 post
1502 2202 1658 2242 diebus
1698 2202 1830 2250 venit,

375 2280 565 2320 mittitur
586 2278 785 2319 Nuncius
818 2278 873 2318 ab
898 2277 1081 2317 Oratore
1104 2276 1240 2332 Regis
1266 2276 1507 2316 Lusitaniae
1543 2275 1598 2316 ad
1624 2275 1830 2331 Legatos,

377 2352 454 2407 qui
475 2352 535 2392 eis
565 2351 778 2408 significat
799 2351 948 2391 abesse
970 2364 1070 2390 eum
1101 2348 1199 2389 hinc
1220 2348 1275 2389 ad
1308 2348 1485 2389 tertium
1506 2347 1722 2404 lapidem3
1755 2362 1829 2402 pe-

377 2432 469 2466 tere
495 2440 554 2473 se,
582 2439 636 2465 ne
668 2421 1142 2479 Quinqueecelesiensis
1162 2421 1411 2477 Episcopus
1437 2421 1518 2461 sibi
1545 2420 1831 2470 anteferatur,

376 2515 473 2540 cum
500 2499 536 2539 is
565 2497 771 2539 mandato
798 2497 936 2553 Regis
971 2502 1127 2543 careat,
1157 2510 1246 2544 nec,
1277 2497 1478 2551 quamvis
1509 2496 1638 2537 etiam
1672 2496 1833 2537 Orator

376 2581 500 2621 esset,
517 2575 617 2630 jure
639 2573 827 2628 priorem
848 2571 923 2611 ille
944 2570 1103 2611 debeat
1123 2569 1264 2610 locum
1287 2585 1498 2625 occupare
1519 2587 1527 2611 ι
1550 2571 1707 2612 morari
1729 2585 1772 2611 se
1788 2571 1831 2610 in

378 2648 470 2688 vico
486 2645 684 2703 proximo
701 2643 941 2690 Matarelli,
956 2642 1090 2683 donec
1114 2643 1170 2683 ab
1187 2643 1266 2691 his,
1290 2642 1396 2697 quid
1414 2642 1635 2698 agendum
1657 2643 1725 2691 sit,
1747 2643 1831 2698 sig-

375 2720 586 2760 nifieetur.

437 2790 522 2830 His
566 2788 741 2837 auditis,
785 2789 948 2845 Legati
989 2788 1236 2843 aliquorum
1279 2787 1475 2836 Patrum,
1517 2794 1561 2828 et
1608 2787 1831 2843 praecipue

379 2865 407 2906 J
414 2863 746 2918 urisperitorum
780 2862 959 2903 consilia
991 2861 1212 2902 adhibent.
1260 2861 1503 2902 Accersunt
1533 2859 1830 2902 Patriarcham

1895 0 1904 67 -2-2
