1905 3254
716 311 830 342 sEss.
857 312 883 342 1.
1477 298 1525 338 ‘21

69 420 228 462 itinera
249 434 321 461 eos
343 420 546 461 Tridenti
578 419 793 460 affuturos
826 426 926 461 ante
949 419 1062 461 diem
1090 421 1140 460 12
1161 420 1191 462 J
1196 422 1379 462 anuarii.
1443 419 1531 461 His

70 494 246 543 auditis,
273 499 477 535 statuunt
510 493 648 549 legati
683 493 869 548 primam
906 493 1137 534 sessionem
1175 494 1229 535 ad
1262 510 1356 536 eam
1390 509 1529 550 usque

68 566 183 607 diem
224 566 411 615 differre,
445 567 570 622 cujus
608 566 671 606 rei
713 565 843 606 etiam
878 566 1164 607 Sanctissmum.
1210 567 1269 607 N.
1303 568 1528 608 certiorem

69 639 250 680 faciunt.
312 639 526 679 Probavit
559 639 684 693 Papa
715 639 886 678 illorum
918 638 1158 687 consilium,
1194 638 1419 694 additque,
1453 654 1528 694 op-

69 712 303 767 portunius
335 712 466 752 etiam
494 712 599 759 fore,
623 718 673 752 ut
697 711 751 752 ad
773 711 889 752 diem
917 712 967 753 18
989 719 1314 768 prorogaretur,
1335 711 1527 767 quando-

69 783 248 839 quidem
279 783 324 824 id
355 790 540 840 tempus,
564 791 608 825 et
643 785 688 825 in
724 784 840 825 diem
874 784 1034 825 festum
1067 784 1327 825 dominicum
1365 792 1409 825 et
1445 784 1528 826 Ca-

67 856 235 898 thedrae
267 856 377 898 Divi
418 857 540 897 Petri
583 856 804 898 incideret.
878 858 993 898 Erat
1030 857 1098 898 hic
1139 857 1230 898 dies
1269 858 1370 898 olim
1411 873 1529 898 sacer

70 929 304 971 Cathedrae
326 930 435 971 Divi
459 931 593 978 Petri,
616 946 705 986 qua
737 931 773 971 is
799 931 991 986 primum
1015 931 1167 972 Romae
1201 931 1326 980 sedit,
1348 946 1445 972 eum
1474 946 1527 972 ex

68 1003 303 1045 Antiochia
342 1005 386 1045 in
424 1005 578 1045 urbem
618 1005 705 1045 fuit
748 1005 996 1045 translatus.
1071 1006 1243 1054 Postea,
1287 1006 1432 1046 varias
1471 1005 1527 1046 ob

68 1076 334 1118 calamitates
366 1084 408 1118 et
438 1077 720 1133 direptionCS,
744 1078 874 1118 ctiam
907 1078 1071 1133 quibus
1092 1078 1356 1134 quandoque
1388 1078 1529 1119 Roma

68 1148 155 1190 suit
187 1150 356 1197 afflicta,
380 1165 477 1190 cum
510 1149 587 1190 11οο
622 1150 809 1190 solemne
839 1149 1064 1191 videretur
1100 1165 1153 1191 ex
1183 1150 1406 1191 hominum
1442 1166 1527 1191 usu

67 1221 349 1270 intercidisse,
374 1221 539 1262 Paulus
563 1222 659 1270 IV.,
685 1229 881 1263 veterum
905 1237 1123 1264 sacrorum
1156 1223 1324 1263 rituum
1357 1224 1527 1278 peritis-

67 1293 214 1342 simus,
240 1308 351 1334 anno
374 1294 625 1335 MDLVII.
651 1294 759 1335 illud
781 1296 955 1336 restitui
979 1295 1218 1344 mandavit,
1241 1296 1373 1337 editis
1394 1297 1526 1338 etiam

67 1381 199 1422 super
230 1366 309 1407 hac
341 1382 386 1408 re
417 1367 647 1422 pontificiis
672 1367 822 1417 literis,
846 1368 964 1424 quod
997 1367 1124 1409 hodie
1157 1383 1332 1424 quoque
1368 1383 1530 1425 magna

67 1454 162 1480 eum
187 1441 466 1481 veneratione
489 1441 762 1482 observatur.

124 1514 330 1568 Acceptis
361 1512 427 1553 his
460 1513 599 1554 literis
620 1529 643 1554 a
667 1514 946 1555 Sanctissimo
968 1522 1142 1555 monent
1165 1515 1326 1571 Legati
1349 1515 1527 1556 seorsim

67 1585 278 1626 Praelatos
314 1586 437 1626 brevi
474 1585 691 1635 schedula,
726 1594 775 1627 ut
816 1586 980 1628 ordinis
1021 1589 1303 1643 munerisque
1337 1589 1404 1629 sui
1442 1604 1527 1630 me-

66 1672 204 1698 mores
234 1658 334 1706 sint,
369 1673 415 1698 ac
450 1658 495 1698 in
532 1658 584 1698 iis
616 1660 872 1714 praesertim,
905 1675 1005 1716 quae
1039 1660 1095 1701 ad
1130 1676 1270 1702 mores
1291 1668 1335 1702 et
1357 1662 1525 1702 cultum

66 1730 154 1772 Dei
205 1733 439 1786 pertinent,
481 1734 646 1773 caeteris
686 1734 772 1774 sint
813 1733 1085 1776 documento.
1169 1735 1351 1776 Interim
1393 1737 1525 1778 etiam

66 1818 196 1844 sacrae
247 1804 467 1844 conciones
517 1805 561 1844 in
604 1805 800 1846 Ecclesia
842 1806 1094 1847 Cathedrali
1139 1808 1270 1847 variis
1310 1809 1525 1858 Praelatis,

66 1878 260 1933 itemque
281 1876 520 1933 Theologis
554 1879 807 1927 minoribus,
842 1894 889 1920 ac
921 1880 1112 1935 primum
1137 1880 1380 1922 Octaviano
1409 1882 1526 1923 Prae-

67 1952 188 1992 conio
221 1951 468 1992 Messanen.
502 1952 728 2007 Episcopo
762 1953 943 1999 Ariano,
980 1954 1057 2009 qui
1087 1953 1246 1994 deinde
1281 1954 1337 1995 ad
1366 1955 1526 1997 Panor-

66 2024 274 2064 mitanam
296 2024 540 2065 Ecclesiam
564 2024 800 2066 translatus
821 2025 918 2074 fuit,
941 2033 1042 2067 sunt
1063 2026 1263 2068 decretae.

124 2097 246 2138 Dum
288 2097 379 2139 haec
420 2097 513 2139 dies
557 2099 608 2140 18
642 2099 698 2138 ab
734 2099 936 2139 omnibus
978 2099 1106 2140 avide
1148 2107 1426 2155 expectatur,
1463 2102 1525 2142 in-

67 2170 236 2226 cipiunt
271 2170 450 2212 Praelati
484 2171 678 2227 Hispani
715 2172 904 2227 privatis
939 2173 1243 2228 congressibus
1274 2189 1441 2222 curare,
1477 2182 1527 2216 ut

67 2257 116 2284 eo
156 2243 252 2299 ipso
293 2243 364 2285 die
408 2245 572 2300 apertis
606 2245 753 2285 verbis
794 2245 1053 2293 declaretur,
1090 2261 1181 2286 esse
1223 2246 1332 2287 hanc
1366 2248 1528 2289 veteris

69 2314 251 2357 Concilii
288 2318 672 2367 continuationem,
706 2333 792 2359 non
832 2318 932 2358 novi
967 2318 1259 2367 indictionem,
1294 2319 1360 2361 his
1391 2322 1525 2362 ferme

66 2390 311 2431 rationibus
344 2390 536 2439 adducti,
559 2406 670 2447 quas
691 2407 827 2448 supra
860 2392 1173 2440 enarravimus,
1202 2393 1370 2447 quibus
1411 2409 1525 2435 aece-

67 2461 214 2511 debat,
257 2462 375 2519 quod
416 2464 658 2504 Pontificiae
700 2464 778 2505 hae
819 2464 872 2505 de
914 2480 958 2504 re
1000 2464 1136 2504 literae
1178 2479 1441 2520 suspensum
1482 2467 1526 2507 in

68 2542 301 2592 utramque
343 2543 515 2592 partem
556 2552 743 2585 sensum,
787 2543 836 2578 ut
878 2544 1007 2579 antea
1053 2536 1216 2577 dictum
1253 2544 1335 2585 est,
1378 2545 1526 2580 tenere

68 2608 347 2651 videbantur.

124 2681 237 2723 Haee
259 2681 546 2724 Praelatorum
570 2683 873 2739 Hispanorum
896 2683 1074 2724 consilia
1095 2683 1272 2738 publice
1295 2691 1528 2739 eoepcrunt

69 2752 162 2794 aliis
182 2754 462 2803 innotescere,
477 2771 576 2811 quae
592 2771 660 2797 res
676 2756 869 2797 omnium
895 2756 1059 2796 animos
1076 2755 1263 2795 maxime
1281 2757 1525 2799 commovit.

69 2823 291 2868 Videbant
334 2828 444 2869 enim
483 2829 638 2877 cuncti,
673 2828 779 2870 nihil
816 2844 908 2870 esse
951 2827 1068 2884 quod
1109 2827 1249 2883 magis
1281 2827 1524 2878 Gallorum,
