1905 3254
705 263 813 295 SEss.
840 265 896 295 vi.
1447 260 1530 302 257

69 362 247 415 possint,
270 370 313 404 et
334 378 505 422 semper
526 366 580 408 ad
613 369 758 411 minus
786 372 1108 430 quinquaginta
1137 376 1393 421 ducatorum
1428 382 1525 422 auri

68 432 121 473 de
145 433 333 477 Camera
353 437 549 480 Rectoris
571 440 834 485 Parochialis
856 446 1065 489 Eeclesiae
1088 459 1349 494 remaneant.

126 507 163 546 5.
196 508 407 566 Episcopi
437 527 490 552 ex
518 513 735 557 fructibus
759 519 952 559 omnium
984 520 1261 576 dignitatum,
1285 527 1447 581 quibus
1478 528 1520 569 in

64 578 270 622 Ecclesiis
291 582 612 627 cathedralibus
634 589 705 629 vel
728 589 988 647 Collegiatis
1009 593 1063 635 de
1089 596 1204 650 jure,
1239 613 1315 639 seu
1345 615 1519 642 consue-

64 652 215 694 tudine
236 655 347 697 inest
363 658 620 712 Jurisdictio,
645 674 691 701 ac
713 663 989 715 ministratio,
1018 667 1086 707 vel
1120 669 1308 711 officium
1344 674 1517 714 tertiam

64 731 232 779 partem
252 727 296 767 in
318 727 645 772 distributiones
668 733 851 789 singulis
872 735 1028 778 diebus
1045 738 1215 781 festivis
1234 744 1519 799 assignandas

62 811 208 840 eorum
241 802 420 843 arbitrio
442 803 638 846 dividere
661 808 838 862 possint,
873 816 922 850 ut
944 811 1018 866 qui
1043 815 1325 867 personaliter
1347 833 1516 874 compe-

61 877 155 912 tens
176 873 259 914 sibi
280 876 507 918 servitium
524 880 656 935 juxta
686 880 867 922 formam
902 883 957 923 ab
986 884 1201 927 ordinario
1235 891 1516 943 praescriben-

59 943 173 994 dam,
208 947 360 990 saltem
391 951 589 1005 quolibet
619 954 689 995 die
721 954 841 1003 festo,
875 971 959 996 non
993 957 1253 1012 impleverit,
1285 962 1404 1003 illius
1427 964 1515 1005 diei

58 1016 389 1063 distributiones
429 1025 619 1074 amittat,
658 1041 734 1067 nec
771 1029 864 1083 ejus
898 1043 1074 1084 quoquo
1111 1031 1238 1073 modo
1273 1033 1514 1078 dominium

57 1092 268 1146 acquirat,
310 1095 386 1136 sed
426 1096 601 1139 fabricae
642 1099 852 1141 Ecclesiae
892 1103 1152 1158 applicetur.
1227 1106 1340 1149 Haec
1380 1109 1423 1150 in
1463 1111 1515 1151 iis

55 1163 262 1207 Ecclesiis
297 1175 465 1211 tantum
500 1173 737 1214 constituta
770 1175 1090 1233 intelligantur,
1125 1180 1167 1220 in
1196 1183 1358 1236 quibus
1390 1186 1513 1227 nulla

53 1244 118 1278 est
139 1242 417 1291 consuetudo,
441 1244 512 1284 vel
541 1251 771 1295 statutum,
803 1254 852 1289 ut
874 1264 957 1290 non
979 1252 1214 1293 servientes
1236 1261 1407 1309 partem
1429 1258 1508 1298 ali-

54 1325 184 1366 quam
208 1314 421 1364 amittant,
445 1331 546 1372 quae
564 1318 619 1359 ad
641 1320 811 1361 tertiam
834 1329 1004 1377 partem
1022 1323 1095 1366 dd.
1120 1325 1342 1368 fructuum
1365 1344 1510 1371 ascen-

52 1383 153 1425 dat:
185 1401 269 1428 non
291 1389 569 1432 obstantibus
601 1394 991 1437 consuetudinibus
1023 1397 1151 1438 etiam
1185 1399 1508 1445 immemorabi-

51 1457 169 1500 libus
191 1467 235 1501 et
261 1461 661 1507 Constitutionibus
682 1468 813 1510 etiam
842 1473 1092 1525 Juramento
1114 1480 1159 1514 et
1183 1476 1340 1530 quavis
1363 1484 1507 1519 aucto-

50 1531 181 1574 ritate
202 1534 397 1576 firmatis.

107 1605 146 1644 6.
182 1605 403 1657 Canonici,
427 1610 703 1659 Portionarii‚
727 1620 769 1653 et
802 1615 1055 1671 quicunque
1089 1620 1264 1673 pacifice
1293 1637 1365 1662 eas
1397 1624 1506 1665 obti-

47 1685 153 1720 nent
186 1680 457 1734 praebendas,
493 1684 654 1737 quibus
682 1700 810 1726 onera
844 1689 967 1729 varia
993 1697 1093 1731 sunt
1124 1706 1304 1741 annexa,
1330 1696 1430 1744 viz„
1458 1705 1507 1739 ut

47 1752 123 1793 alii
144 1752 315 1800 Missas,
336 1754 408 1795 alii
431 1756 744 1811 Evangelium,
768 1759 843 1799 alii
866 1760 1104 1815 Epistolas,
1132 1773 1297 1813 canant,
1328 1773 1504 1811 tenean-

47 1830 135 1872 tur,
148 1826 268 1880 justo
284 1825 595 1881 impedimento
610 1837 814 1878 cessante,
832 1832 1002 1873 ordines
1019 1836 1239 1891 suscipere
1258 1840 1500 1894 requisitos,

44 1898 358 1939 consuetudine
392 1914 657 1956 quacunque
692 1903 733 1943 in
768 1907 1031 1947 contrarium
1066 1923 1148 1949 non
1176 1910 1401 1964 obstante;
1426 1929 1501 1956 nec

44 1970 141 2011 aliis
174 1971 228 2012 de
260 1980 417 2014 caetero
451 1974 526 2015 fiat
558 1977 764 2030 provisiO,
798 1978 879 2018 nisi
910 1980 972 2025 iis,
1006 1982 1082 2036 qui
1115 1998 1209 2024 eam
1245 1992 1432 2037 oetatem,
1456 1995 1500 2030 et

43 2049 222 2084 caeteras
241 2043 493 2087 habilitates
515 2047 683 2103 integre
701 2048 862 2092 habere
883 2051 1195 2108 dignoscantur
1214 2072 1222 2097 ε
1246 2057 1353 2099 alias
1373 2060 1499 2102 irrita

41 2115 96 2156 sit
117 2117 318 2171 provisiO.

103 2187 177 2243 [7.]
213 2189 573 2246 Dispensationes
608 2209 894 2251 quaecunque,
931 2197 965 2237 si
999 2205 1122 2240 extra
1153 2199 1394 2245 Romanam
1422 2221 1494 2247 cu-

41 2260 149 2302 riam
171 2264 491 2305 committendae
524 2273 662 2315 erunt,
686 2268 1015 2310 committantur
1038 2270 1282 2313 Ordinariis
1303 2275 1492 2327 illorum,

39 2333 116 2388 qui
149 2348 221 2374 eas
257 2335 598 2391 impetraverint.
664 2340 716 2380 In
751 2340 803 2380 iis
840 2356 953 2389 vero,
988 2357 1088 2397 quae
1125 2346 1314 2399 gratiose
1349 2363 1494 2391 conce-

37 2405 206 2455 dentur,
230 2409 285 2449 ab
306 2409 465 2451 eisdem
489 2417 698 2467 tanquam
722 2413 953 2470 Delegatis
976 2417 1236 2471 Apostolicis
1257 2423 1491 2464 summarie

37 2481 222 2530 tantum,
258 2488 302 2522 et
343 2484 732 2540 extrajudicialiter
763 2489 963 2543 cognosci
1000 2490 1147 2545 possit,
1189 2507 1242 2532 an
1275 2508 1490 2549 expressae

36 2564 183 2606 preces
205 2554 386 2595 veritate
418 2556 638 2607 nitantur;
672 2574 780 2614 quas
811 2560 844 2600 si
874 2576 996 2602 veras
1019 2577 1102 2603 non
1125 2566 1379 2619 repererint,
1402 2568 1485 2610 dis-

35 2625 308 2678 pensationes
328 2626 435 2683 ipsae
456 2643 583 2671 suum
605 2645 688 2671 non
710 2633 947 2675 sortiantur
970 2634 1182 2676 effectum.

94 2697 169 2752 [8.]
207 2699 258 2739 In
295 2698 728 2745 Commutationibus
763 2706 1018 2748 ultimarum
1057 2708 1346 2758 voluntatum,
1385 2729 1486 2769 qum

34 2783 115 2811 non
136 2772 216 2813 nisi
240 2774 553 2829 exjustissima
578 2793 709 2818 causa
738 2780 828 2820 fieri
862 2780 1037 2827 debent,
1073 2784 1238 2836 possint
1275 2785 1486 2845 Episcopi

1236 2871 1254 2895 S
