1905 3254
0 0 8 334 i
656 288 765 318 sEss.
791 289 868 319 vn.
1406 277 1491 318 427

0 350 4 396 Ι

33 393 180 435 dentia
199 398 300 434 tunc
323 400 541 450 ageretur,
565 410 613 436 ac
634 394 866 451 indignum
888 394 1019 436 multi
1039 401 1272 444 censerent,
1295 395 1489 450 praemiis

34 484 83 511 ac
98 468 242 524 poenis
262 467 541 509 residentiam
562 468 792 523 imperari3
825 469 1152 525 objicerentque
1173 468 1488 525 impedimenta

0 594 1 597 Ἴ
32 541 179 584 eadem
202 556 227 582 a
248 540 447 582 Romana
469 540 620 590 Curia,
642 548 686 582 et
709 557 734 582 a
754 541 1047 597 Principibus,
1070 542 1232 597 quibus
1253 542 1484 598 providen-

0 614 2 633 ¹
31 615 134 656 dum
168 614 358 656 aiebant.
420 614 635 670 Expecta,
671 621 918 671 reexpecta,
952 615 1062 656 nihil
1093 621 1240 656 actum
1273 616 1369 657 fuit.
1432 616 1486 657 In

0 644 3 770 ἐ
31 694 266 746 posterum,
287 703 340 729 ne
361 687 478 729 idem
500 688 724 744 contingat
745 688 873 730 facile
889 687 1087 730 dubitari
1109 695 1268 745 potest.

86 760 510 817 Caiacensis—quod
532 768 622 802 tam
654 761 804 802 divino
837 776 970 817 quam
999 762 1193 803 naturali
1224 768 1267 804 et
1292 761 1484 804 humano

0 838 2 869 b
25 839 122 891 jure
135 841 338 876 tenentur
358 835 572 891 Episcopi
592 834 795 877 residere.
844 835 1126 891 Improbavit
1141 843 1340 878 exactam
1361 836 1483 877 illam

0 927 1 947 ι
28 906 242 948 continuae
283 906 529 949 residentiae
571 907 827 956 clausulam,
876 914 1086 964 tanquam
1128 908 1357 957 difficilem,
1405 924 1483 950 seu

27 980 352 1037 impossibilem.
416 980 602 1037 Aliquas
624 981 754 1022 etiam
777 994 927 1023 causas
950 983 1163 1023 absentiae
1186 982 1374 1024 adduxit
1395 998 1480 1024 non

27 1053 277 1110 descriptas.

82 1126 597 1182 Panormitanus—quod
629 1126 757 1168 multi
789 1126 940 1182 inique
973 1126 1371 1182 reprehenduntur,
1404 1127 1482 1182 qui

24 1206 223 1242 recusant
245 1200 381 1241 verba
400 1199 490 1247 illa,
513 1200 544 1240 J
548 1200 637 1240 uris
657 1199 808 1247 divini,
831 1199 956 1254 quasi
973 1199 1112 1240 nolint
1133 1198 1346 1249 residere,
1378 1214 1480 1240 nam

23 1272 108 1314 imo
142 1276 281 1328 major
317 1287 418 1327 pars
447 1272 582 1313 Prum
616 1272 700 1314 suit
733 1279 912 1314 evocata
948 1287 974 1313 a
1007 1271 1187 1313 sedibus
1219 1272 1308 1312 suis
1343 1272 1482 1313 literis

24 1346 271 1394 Pontificiis‚
295 1347 370 1388 Sec.
433 1346 548 1403 Ego,
571 1347 730 1401 inquit,
764 1360 849 1386 non
882 1360 1071 1401 possum,
1095 1351 1204 1386 teste
1225 1346 1480 1387 conscientia

23 1434 130 1469 mea,
160 1419 381 1461 adhaerere
410 1420 477 1460 illi
509 1420 727 1476 opinioni;
761 1420 855 1468 etsi,
887 1420 1026 1461 libere
1054 1419 1155 1461 licet
1175 1419 1308 1475 loqui,
1331 1434 1479 1461 omnes

19 1493 80 1534 illi
115 1494 194 1550 qui
232 1500 487 1549 proponunt
528 1493 613 1534 Jus
646 1493 842 1534 divinum
879 1493 922 1534 in
957 1493 1165 1534 Ecclesiis
1205 1493 1294 1534 suis
1325 1493 1480 1534 vivunt

21 1566 186 1608 lautius
209 1574 253 1608 et
267 1567 411 1607 laxius
433 1581 563 1622 quam
582 1566 654 1607 alii
671 1583 678 1606 :
706 1567 791 1607 imo
813 1566 888 1607 alii
909 1566 964 1607 ad
980 1566 1208 1622 quodlibet
1222 1566 1477 1608 mandatum

24 1641 194 1682 Sanctus·
212 1641 359 1681 statim
382 1647 542 1696 praesto
563 1647 665 1681 sunt
687 1656 874 1696 semper,
897 1640 943 1681 hi
964 1641 1147 1682 fortasse
1169 1655 1254 1681 non
1277 1655 1417 1696 aeque.

79 1713 287 1756 Civitatis
321 1713 652 1754 Castelli—non
683 1713 831 1769 placet
852 1713 1074 1754 decretum
1108 1728 1205 1754 cum
1229 1720 1295 1754 tot
1316 1714 1475 1769 poenis,

22 1788 127 1845 quia
160 1802 245 1828 non
281 1802 433 1827 sumus
474 1793 626 1842 togata
666 1786 894 1842 mancipia,
936 1793 979 1827 et
1017 1786 1103 1826 alia
1134 1786 1276 1827 multa
1307 1786 1475 1842 prolixe

24 1861 190 1918 adjecit.

79 1933 348 1975 Tarvcsinus
379 1931 521 1973 multa
552 1932 766 1973 recensuit
788 1939 937 1973 contra
968 1932 1208 1973 absentiam
1231 1931 1472 1986 Episcopo-

21 2022 133 2056 rum,
156 2014 200 2049 et
221 2006 336 2047 mala
366 2005 467 2047 inde
489 2012 596 2046 orta.
658 2006 806 2047 Vellet
827 2013 877 2047 ut
899 2005 1130 2061 antiquum
1156 2004 1210 2046 de
1237 2004 1475 2046 residentia

21 2088 255 2131 statuatur,
287 2081 499 2123 tollantur
531 2080 858 2135 impedimenta,
890 2087 940 2121 ut
962 2080 1123 2120 facilior
1153 2078 1296 2119 aditus
1324 2084 1475 2134 pateat

21 2154 75 2196 ad
93 2155 380 2197 residentiam.
434 2154 703 2195 Prooemium
726 2167 809 2194 non
827 2153 1045 2209 probavit,
1069 2151 1174 2207 quia
1194 2151 1322 2191 nimis
1344 2165 1472 2207 gene-

21 2227 136 2279 rale3
167 2243 245 2270 nec
272 2242 424 2268 causas
453 2227 584 2268 etiam
619 2226 854 2267 absentiae:
888 2225 1090 2281 quoniam
1122 2230 1224 2265 sunt
1246 2223 1343 2264 aliae
1365 2223 1473 2278 legi-

21 2301 136 2343 timae
158 2303 320 2358 quibus
340 2316 424 2342 non
446 2308 510 2342 est
531 2300 770 2342 necessaria
791 2299 969 2340 licentia
991 2296 1334 2353 Archiepiseopi.

76 2374 536 2416 Termulanus—Non
580 2373 756 2414 videtur
795 2371 1081 2413 necessarium
1124 2369 1359 2418 decretum,
1394 2370 1470 2411 sed

21 2450 272 2505 exequutio.
336 2448 409 2489 Ad
441 2447 685 2489 tollendum
719 2454 866 2488 tamen
907 2444 1173 2492 scandalum,
1208 2443 1325 2499 quod
1361 2444 1471 2486 forte

21 2529 160 2564 ortum
177 2524 301 2564 estin
325 2523 441 2571 orbe,
460 2523 603 2578 placet
618 2522 756 2563 forma
770 2520 905 2575 hujus
921 2518 1114 2565 decretis
1126 2516 1201 2558 sed
1221 2533 1304 2559 non
1325 2533 1470 2574 poena,

19 2596 100 2638 nisi
122 2611 222 2652 quae
241 2610 447 2652 expressa
466 2595 553 2636 fuit
574 2601 772 2649 tempore
795 2592 924 2633 Pauli
949 2590 1039 2633 III.

75 2667 545 2726 Vigletensis¹—Quod
566 2668 778 2710 tollantur
798 2664 1112 2720 impedimenta
1135 2662 1345 2704 adversus
1362 2662 1471 2719 Epi-

603 2811 608 2828 ¹
637 2810 682 2840 Or
702 2809 879 2849 Yiglieusis.
