1905 3254
722 347 833 377 sizss.
862 347 936 376 ru.
1477 332 1560 374 <167

94 453 351 510 pugnantia,
395 470 419 493 a
465 453 638 508 Synodo
691 455 914 495 ullatenus
963 455 1198 503 laboretur,
1255 456 1457 510 idemque
1512 463 1556 495 et

96 527 171 568 Smo
203 526 280 566 Ν*Ο
313 525 356 565 in
392 525 502 566 urbe
535 527 744 580 probari3
797 527 873 567 sed
911 526 1051 567 media
1092 529 1239 582 potius
1278 529 1348 569 via
1389 528 1555 568 omissis

94 599 320 639 inutilibus
357 599 729 650 altercationibus,
774 600 816 639 in
851 599 966 639 hisce
1009 599 1241 653 deligatur.
1325 602 1473 648 Quare
1510 600 1551 639 in

93 671 169 712 hoc
209 687 396 727 praesens
444 673 798 716 incumbemlum,
852 680 900 712 ut
942 672 1160 712 decretum
1204 673 1256 712 de.
1301 672 1554 712 Res-identia

94 745 236 785 verbis
275 746 336 786 ita
374 745 650 801 disponatur,
688 761 740 786 ne
775 746 978 786 alterutri
1008 745 1211 800 opinione
1246 744 1551 800 praejudicium

94 815 244 858 afferre
268 818 482 859 videatur.
545 820 702 860 Postea
730 819 891 873 Legati
914 817 1099 858 eundem
1134 816 1432 858 Patriarcham
1456 832 1551 857 cum

93 890 188 931 aliis
208 890 434 932 tresdecim
458 891 671 939 Praelatis,
703 906 812 946 quos
841 891 894 931 de
922 898 1186 931 sacramento
1210 890 1387 931 Ordinis
1408 906 1554 931 consu-

92 962 244 1011 lerant,
266 979 381 1004 nunc
415 979 591 1019 quoque
625 971 859 1006 accersunt,
881 964 1147 1019 jubentque,
1173 970 1221 1003 ut
1252 963 1302 1003 de
1326 964 1553 1017 prooemio,

91 1035 206 1091 quod
237 1036 552 1092 Lotharingius
580 1037 834 1079 confecerat.
861 1037 973 1077 inter
995 1052 1039 1077 se
1062 1043 1261 1077 accurate
1295 1036 1552 1081 deliberent,

91 1115 227 1164 atque
262 1109 316 1150 ad
352 1125 424 1151 eos
456 1111 659 1151 referant.
723 1110 826 1150 Post
861 1110 1035 1165 longam
1065 1110 1419 1150 consultationem
1456 1110 1552 1164 plu-

92 1180 206 1220 rium
239 1182 464 1221 sententiae
493 1196 543 1222 eo
575 1182 851 1227 inclinarunt,
882 1188 931 1222 ut
965 1182 1227 1236 prooemium
1263 1181 1391 1220 variis
1424 1181 1551 1221 ratio-

91 1252 222 1293 nibus
244 1267 326 1293 non
348 1254 626 1309 reciperetur,
651 1253 724 1294 scd
748 1254 970 1309 pra-cipue
993 1253 1183 1294 duabus.
1228 1255 1292 1293 1'0.
1319 1254 1435 1308 quod
1456 1270 1552 1294 cum

90 1326 133 1366 in
175 1341 225 1366 co
265 1326 438 1367 dicatur
478 1334 699 1382 praecepto
739 1326 884 1367 divino
927 1326 1181 1368 mandatum
1226 1328 1457 1382 Episcopis
1506 1335 1553 1367 ut

91 1406 244 1454 regant
277 1400 510 1455 populum,
553 1399 798 1441 ostenditur
832 1399 1090 1440 Jurisdictio
1122 1400 1207 1439 illis
1243 1415 1267 1439 a
1305 1399 1401 1439 Deo
1442 1415 1552 1440 com-

91 1471 219 1512 missa
258 1471 405 1519 fuisse,
449 1478 492 1512 ct
533 1472 784 1513 excluditur
818 1473 956 1527 Papa,
992 1472 1109 1527 quod
1150 1472 1255 1513 alias
1292 1473 1333 1512 in
1372 1473 1555 1513 materia

92 1546 346 1587 sacramenti
370 1545 552 1586 Ordinis
582 1560 807 1601 nunquam
832 1546 916 1586 suit
938 1552 1176 1600 receptum.
1240 1545 1413 1586 Deinde
1449 1547 1555 1600 quia

42 1612 47 1617 ’
91 1619 217 1660 nimis
253 1626 404 1675 aperte
443 1618 770 1675 pronunciatur,
796 1617 1093 1659 Residentiam
1128 1633 1219 1658 esse
1254 1618 1377 1658 Juris
1399 1618 1553 1669 divini,

93 1698 183 1734 tum
217 1693 261 1733 in
295 1693 447 1748 primis
469 1693 625 1739 verbis,
649 1699 741 1733 tum
778 1693 819 1732 in
854 1707 904 1732 eo
938 1691 1056 1747 quod
1089 1706 1143 1732 cx
1179 1691 1266 1731 illis
1300 1691 1552 1747 colligitur3

92 1780 189 1807 nam
213 1781 311 1806 cum
334 1765 504 1806 dicatur
542 1772 814 1820 pram-eptam
839 1764 924 1804 Dei
962 1763 1016 1804 de
1050 1763 1266 1819 pascendo
1301 1779 1435 1819 grcge
1468 1779 1551 1806 non

93 1838 263 1893 impleri
298 1838 354 1879 ab
386 1838 451 1884 iis,
475 1839 550 1893 qui
583 1853 665 1878 non
699 1837 914 1878 adsistunt
946 1837 1087 1893 gregi,
1120 1837 1223 1877 satis
1256 1837 1552 1879 ratiocinando

94 1912 306 1967 sequitur,
331 1927 356 1952 a
377 1911 476 1952 Deo
500 1918 771 1967 pracceptum
796 1919 845 1952 ut
882 1911 1126 1959 resideant;
1161 1911 1277 1966 quod
1300 1917 1378 1952 aut
1401 1927 1551 1952 verum

94 1998 175 2024 non
197 1990 274 2031 est,
300 1991 378 2025 aut
407 1984 559 2025 saltem
592 1984 734 2025 adhuc
767 1984 888 2039 apud
913 1984 1065 2024 Patres
1101 1983 1375 2038 perplexum.
1440 1984 1552 2026 Ha=c

95 2072 191 2099 cum
242 2059 427 2114 Legatis
466 2059 792 2105 renunciantur,
838 2057 1112 2098 Mantuanus
1154 2057 1323 2111 aliquot
1363 2057 1550 2099 Theolo-

96 2145 248 2186 gorum
283 2131 495 2186 Jurisque
538 2131 778 2186 peritorum
817 2130 899 2170 sibi
936 2128 1219 2170 familiarium
1255 2142 1389 2182 opera
1421 2128 1550 2168 aliam

97 2204 298 2258 prooemii
335 2204 567 2244 formulam
606 2203 816 2244 conscribi
857 2208 996 2249 curat,
1031 2216 1121 2256 qua
1157 2207 1219 2241 tot
1251 2199 1418 2255 scopuli
1452 2215 1551 2240 cva-

97 2275 279 2326 dantur3
313 2284 357 2318 ct
390 2276 506 2332 quod
542 2277 768 2317 minimum
793 2292 817 2318 a
839 2276 1052 2332 prooemio
1080 2274 1374 2328 Lotharingii,
1407 2274 1551 2328 quoad

97 2353 191 2405 ejus
211 2351 303 2391 ficri
325 2351 473 2406 possit,
505 2350 714 2397 discedat,
738 2365 790 2391 nc
814 2351 855 2389 in
878 2349 994 2389 illius
1030 2346 1350 2403 quodammodo
1379 2346 1551 2387 simula—

99 2421 254 2464 tionem
276 2423 513 2464 confectum
538 2424 771 2478 quisquam
797 2422 932 2476 possit
954 2419 1178 2474 suspicari,
1194 2418 1312 2473 quod
1332 2425 1427 2458 erat
1450 2419 1548 2460 tale.

156 2493 270 2535 Cum
309 2502 529 2551 praecepto
565 2495 714 2535 divino
752 2493 1003 2534 mandatum
1040 2493 1095 2532 sit
1131 2491 1345 2539 omnibus,
1389 2492 1551 2546 quibus

101 2566 338 2608 animarum
362 2583 468 2608 cura
489 2568 715 2608 commissa
737 2574 815 2613 cst,
845 2581 946 2606 oves
975 2579 1075 2604 suas
1108 2579 1352 2618 agnoscere,
1386 2579 1464 2619 pro
1486 2563 1553 2605 his

100 2639 350 2680 sacrificium
375 2640 543 2685 offerre,
568 2640 778 2694 verbique
797 2638 930 2678 divini
956 2637 1275 2692 praedieatione,
1301 2637 1550 2678 Sacramen-

98 2716 238 2753 torum
273 2713 657 2761 administratione,
696 2730 742 2754 ac
785 2713 993 2752 bonorum
1031 2711 1223 2751 omnium
1263 2726 1445 2766 operum
1480 2727 1550 2753 ex-

101 2785 242 2841 emplo
275 2802 447 2842 pascere
476 2795 518 2828 ct
553 2803 719 2843 regere,
754 2801 1000 2842 pauperum
1033 2784 1304 2840 aliarumque
1327 2785 1550 2827 miserabi-

100 2857 207 2900 lium
240 2874 520 2915 personarum
562 2876 708 2902 curam
750 2866 981 2915 paternam
1024 2873 1188 2913 gerere,
1230 2865 1273 2898 et
1315 2858 1356 2899 in
1397 2865 1554 2901 caetera

1194 2931 1220 2969 2
1248 2944 1271 2969 ιι
1297 2930 1323 2969 2
