<?xml version="1.0" encoding="UTF-8"?>
<!DOCTYPE html PUBLIC "-//W3C//DTD XHTML 1.0 Transitional//EN"
    "http://www.w3.org/TR/xhtml1/DTD/xhtml1-transitional.dtd">
<html xmlns="http://www.w3.org/1999/xhtml" xml:lang="en" lang="en">
 <head>
  <title>
</title>
<meta http-equiv="Content-Type" content="text/html;charset=utf-8" />
  <meta name='ocr-system' content='tesseract 3.04.00' />
  <meta name='ocr-capabilities' content='ocr_page ocr_carea ocr_par ocr_line ocrx_word'/>
</head>
<body>
  <div class='ocr_page' id='page_1' title='image "actaconciliitrid00paleuoft_0195.png"; bbox 0 0 1905 3254; ppageno 0'>
   <div class='ocr_carea' id='block_1_1' title="bbox 664 271 1510 317">
    <p class='ocr_par' dir='ltr' id='par_1_1' title="bbox 664 271 1510 317">
     <span class='ocr_line' id='line_1_1' title="bbox 664 271 1510 317; baseline -0.008 0"><span class='ocrx_word' id='word_1_1' title='bbox 664 287 776 317; x_wconf 81' lang='lat' dir='ltr'>SEss.</span> <span class='ocrx_word' id='word_1_2' title='bbox 802 286 866 316; x_wconf 92' lang='lat'>111.</span> <span class='ocrx_word' id='word_1_3' title='bbox 1431 271 1510 310; x_wconf 79' lang='lat'>123</span> 
     </span>
    </p>
   </div>
   <div class='ocr_carea' id='block_1_2' title="bbox 45 391 1508 656">
    <p class='ocr_par' dir='ltr' id='par_1_2' title="bbox 45 391 1508 656">
     <span class='ocr_line' id='line_1_2' title="bbox 45 391 1505 450; baseline -0.002 -16"><span class='ocrx_word' id='word_1_4' title='bbox 45 394 199 443; x_wconf 87' lang='lat' dir='ltr'>nerint,</span> <span class='ocrx_word' id='word_1_5' title='bbox 234 409 407 450; x_wconf 87' lang='lat' dir='ltr'>cupere,</span> <span class='ocrx_word' id='word_1_6' title='bbox 437 401 489 436; x_wconf 93' lang='lat' dir='ltr'>ut</span> <span class='ocrx_word' id='word_1_7' title='bbox 509 394 663 442; x_wconf 86' lang='lat' dir='ltr'>Sessio,</span> <span class='ocrx_word' id='word_1_8' title='bbox 687 409 787 450; x_wconf 85' lang='lat' dir='ltr'>quae</span> <span class='ocrx_word' id='word_1_9' title='bbox 819 393 980 435; x_wconf 86' lang='lat' dir='ltr'>indicta</span> <span class='ocrx_word' id='word_1_10' title='bbox 1011 399 1075 434; x_wconf 89' lang='lat' dir='ltr'>est</span> <span class='ocrx_word' id='word_1_11' title='bbox 1102 393 1145 433; x_wconf 90' lang='lat' dir='ltr'>in</span> <span class='ocrx_word' id='word_1_12' title='bbox 1167 392 1280 433; x_wconf 90' lang='lat' dir='ltr'>diem</span> <span class='ocrx_word' id='word_1_13' title='bbox 1307 393 1358 434; x_wconf 94' lang='lat' dir='ltr'>l4</span> <span class='ocrx_word' id='word_1_14' title='bbox 1381 391 1505 439; x_wconf 89' lang='lat' dir='ltr'>Maii,</span> 
     </span>
     <span class='ocr_line' id='line_1_3' title="bbox 45 465 1508 523; baseline -0.003 -15"><span class='ocrx_word' id='word_1_15' title='bbox 45 467 191 508; x_wconf 85' lang='lat' dir='ltr'>triduo</span> <span class='ocrx_word' id='word_1_16' title='bbox 224 467 293 508; x_wconf 85' lang='lat' dir='ltr'>vel</span> <span class='ocrx_word' id='word_1_17' title='bbox 326 466 562 523; x_wconf 82' lang='lat' dir='ltr'>quatriduo</span> <span class='ocrx_word' id='word_1_18' title='bbox 594 467 832 508; x_wconf 80' lang='lat' dir='ltr'>differatur.</span> <span class='ocrx_word' id='word_1_19' title='bbox 897 467 1054 507; x_wconf 86' lang='lat' dir='ltr'>Statim</span> <span class='ocrx_word' id='word_1_20' title='bbox 1091 465 1229 522; x_wconf 90' lang='lat' dir='ltr'>igitur</span> <span class='ocrx_word' id='word_1_21' title='bbox 1263 465 1508 507; x_wconf 82' lang='lat' dir='ltr'>convocatis</span> 
     </span>
     <span class='ocr_line' id='line_1_4' title="bbox 46 541 1506 598; baseline -0.001 -15"><span class='ocrx_word' id='word_1_22' title='bbox 46 542 267 589; x_wconf 88' lang='lat' dir='ltr'>Patribus,</span> <span class='ocrx_word' id='word_1_23' title='bbox 288 542 498 598; x_wconf 85' lang='lat' dir='ltr'>lectisque</span> <span class='ocrx_word' id='word_1_24' title='bbox 528 557 554 582; x_wconf 88' lang='lat' dir='ltr'>a</span> <span class='ocrx_word' id='word_1_25' title='bbox 581 542 823 583; x_wconf 87' lang='lat' dir='ltr'>Seeretario</span> <span class='ocrx_word' id='word_1_26' title='bbox 854 542 1004 590; x_wconf 88' lang='lat' dir='ltr'>literis,</span> <span class='ocrx_word' id='word_1_27' title='bbox 1033 556 1220 597; x_wconf 88' lang='lat' dir='ltr'>quarum</span> <span class='ocrx_word' id='word_1_28' title='bbox 1253 541 1506 597; x_wconf 83' lang='lat' dir='ltr'>exemplum</span> 
     </span>
     <span class='ocr_line' id='line_1_5' title="bbox 47 615 301 656; baseline -0.004 -1"><span class='ocrx_word' id='word_1_29' title='bbox 47 621 111 656; x_wconf 86' lang='lat' dir='ltr'>est</span> <span class='ocrx_word' id='word_1_30' title='bbox 132 615 301 655; x_wconf 88' lang='lat' dir='ltr'>infra—-</span> 
     </span>
    </p>
   </div>
   <div class='ocr_carea' id='block_1_3' title="bbox 427 675 1176 734">
    <p class='ocr_par' dir='ltr' id='par_1_3' title="bbox 427 675 1176 734">
     <span class='ocr_line' id='line_1_6' title="bbox 427 675 1176 734; baseline -0.004 0"><span class='ocrx_word' id='word_1_31' title='bbox 427 675 530 734; x_wconf 74' lang='lat' dir='ltr'>Li‘ae</span> <span class='ocrx_word' id='word_1_32' title='bbox 556 688 758 733; x_wconf 87' lang='lat' dir='ltr'>Lansac.</span> <span class='ocrx_word' id='word_1_33' title='bbox 786 685 922 732; x_wconf 88' lang='lat' dir='ltr'>infra.</span> <span class='ocrx_word' id='word_1_34' title='bbox 1028 685 1176 732; x_wconf 80' lang='lat' dir='ltr'>fol.—</span> 
     </span>
    </p>
   </div>
   <div class='ocr_carea' id='block_1_4' title="bbox 47 782 1519 2867">
    <p class='ocr_par' dir='ltr' id='par_1_4' title="bbox 47 782 1514 1774">
     <span class='ocr_line' id='line_1_7' title="bbox 51 782 1507 830; baseline -0.001 -5"><span class='ocrx_word' id='word_1_35' title='bbox 51 783 181 825; x_wconf 89' lang='lat' dir='ltr'>multi</span> <span class='ocrx_word' id='word_1_36' title='bbox 224 797 276 823; x_wconf 88' lang='lat' dir='ltr'>ex</span> <span class='ocrx_word' id='word_1_37' title='bbox 317 783 370 824; x_wconf 89' lang='lat' dir='ltr'>iis</span> <span class='ocrx_word' id='word_1_38' title='bbox 411 783 822 830; x_wconf 76' lang='lat' dir='ltr'><strong>animadvertentes,</strong></span> <span class='ocrx_word' id='word_1_39' title='bbox 862 782 1105 822; x_wconf 83' lang='lat' dir='ltr'>Concilium</span> <span class='ocrx_word' id='word_1_40' title='bbox 1147 782 1238 830; x_wconf 91' lang='lat' dir='ltr'>hoc,</span> <span class='ocrx_word' id='word_1_41' title='bbox 1276 783 1507 824; x_wconf 80' lang='lat' dir='ltr'>Gallorum</span> 
     </span>
     <span class='ocr_line' id='line_1_8' title="bbox 47 855 1505 913; baseline -0.001 -15"><span class='ocrx_word' id='word_1_42' title='bbox 47 857 268 913; x_wconf 86' lang='lat' dir='ltr'>praeeipuc</span> <span class='ocrx_word' id='word_1_43' title='bbox 287 860 416 897; x_wconf 71' lang='lat' dir='ltr'>causa</span> <span class='ocrx_word' id='word_1_44' title='bbox 437 857 568 898; x_wconf 89' lang='lat' dir='ltr'>fuisse</span> <span class='ocrx_word' id='word_1_45' title='bbox 591 862 799 903; x_wconf 87' lang='lat' dir='ltr'>coactum,</span> <span class='ocrx_word' id='word_1_46' title='bbox 823 855 1095 896; x_wconf 79' lang='lat' dir='ltr'>brevissimae</span> <span class='ocrx_word' id='word_1_47' title='bbox 1117 855 1218 897; x_wconf 89' lang='lat' dir='ltr'>huic</span> <span class='ocrx_word' id='word_1_48' title='bbox 1245 855 1441 897; x_wconf 82' lang='lat' dir='ltr'>dilationi</span> <span class='ocrx_word' id='word_1_49' title='bbox 1464 857 1505 897; x_wconf 85' lang='lat' dir='ltr'>in</span> 
     </span>
     <span class='ocr_line' id='line_1_9' title="bbox 51 928 1508 984; baseline -0.001 -14"><span class='ocrx_word' id='word_1_50' title='bbox 51 943 200 971; x_wconf 87' lang='lat' dir='ltr'>eorum</span> <span class='ocrx_word' id='word_1_51' title='bbox 241 928 431 984; x_wconf 77' lang='lat' dir='ltr'>gratiam</span> <span class='ocrx_word' id='word_1_52' title='bbox 480 928 606 969; x_wconf 83' lang='lat' dir='ltr'>facilc</span> <span class='ocrx_word' id='word_1_53' title='bbox 651 928 996 983; x_wconf 78' lang='lat' dir='ltr'>acquiescebant,</span> <span class='ocrx_word' id='word_1_54' title='bbox 1036 935 1222 984; x_wconf 84' lang='lat' dir='ltr'>urgente</span> <span class='ocrx_word' id='word_1_55' title='bbox 1264 929 1508 984; x_wconf 72' lang='lat' dir='ltr'>praesertim</span> 
     </span>
     <span class='ocr_line' id='line_1_10' title="bbox 49 1002 1508 1061; baseline -0.002 -15"><span class='ocrx_word' id='word_1_56' title='bbox 49 1005 149 1061; x_wconf 65' lang='lat' dir='ltr'>Epo</span> <span class='ocrx_word' id='word_1_57' title='bbox 171 1004 421 1052; x_wconf 88' lang='lat' dir='ltr'>Parisicnsi,</span> <span class='ocrx_word' id='word_1_58' title='bbox 444 1018 642 1059; x_wconf 88' lang='lat' dir='ltr'>eamque,</span> <span class='ocrx_word' id='word_1_59' title='bbox 676 1003 884 1044; x_wconf 84' lang='lat' dir='ltr'>utilitatis</span> <span class='ocrx_word' id='word_1_60' title='bbox 919 1002 1110 1058; x_wconf 72' lang='lat' dir='ltr'>publicae</span> <span class='ocrx_word' id='word_1_61' title='bbox 1145 1003 1386 1044; x_wconf 73' lang='lat' dir='ltr'>Provincia:</span> <span class='ocrx_word' id='word_1_62' title='bbox 1417 1018 1508 1043; x_wconf 71' lang='lat' dir='ltr'>suae</span> 
     </span>
     <span class='ocr_line' id='line_1_11' title="bbox 49 1075 1508 1133; baseline -0.001 -14"><span class='ocrx_word' id='word_1_63' title='bbox 49 1081 192 1128; x_wconf 59' lang='lat' dir='ltr'>causa,</span> <span class='ocrx_word' id='word_1_64' title='bbox 215 1077 494 1133; x_wconf 86' lang='lat' dir='ltr'>efflagitante.</span> <span class='ocrx_word' id='word_1_65' title='bbox 559 1077 651 1117; x_wconf 90' lang='lat' dir='ltr'>Alii</span> <span class='ocrx_word' id='word_1_66' title='bbox 683 1077 901 1117; x_wconf 84' lang='lat' dir='ltr'>maturius</span> <span class='ocrx_word' id='word_1_67' title='bbox 933 1075 1290 1117; x_wconf 87' lang='lat' dir='ltr'>considerandum</span> <span class='ocrx_word' id='word_1_68' title='bbox 1318 1077 1508 1118; x_wconf 81' lang='lat' dir='ltr'>aiebant.</span> 
     </span>
     <span class='ocr_line' id='line_1_12' title="bbox 51 1149 1509 1206; baseline -0.001 -14"><span class='ocrx_word' id='word_1_69' title='bbox 51 1151 243 1206; x_wconf 88' lang='lat' dir='ltr'>Hispani</span> <span class='ocrx_word' id='word_1_70' title='bbox 271 1151 528 1198; x_wconf 83' lang='lat' dir='ltr'>renuebant,</span> <span class='ocrx_word' id='word_1_71' title='bbox 561 1151 747 1206; x_wconf 70' lang='lat' dir='ltr'>privata,</span> <span class='ocrx_word' id='word_1_72' title='bbox 782 1157 831 1190; x_wconf 92' lang='lat' dir='ltr'>ut</span> <span class='ocrx_word' id='word_1_73' title='bbox 863 1149 1110 1197; x_wconf 79' lang='lat' dir='ltr'>videbatur,</span> <span class='ocrx_word' id='word_1_74' title='bbox 1141 1149 1194 1190; x_wconf 91' lang='lat' dir='ltr'>de</span> <span class='ocrx_word' id='word_1_75' title='bbox 1224 1152 1377 1200; x_wconf 71' lang='lat' dir='ltr'>causa;</span> <span class='ocrx_word' id='word_1_76' title='bbox 1410 1165 1509 1191; x_wconf 90' lang='lat' dir='ltr'>nam</span> 
     </span>
     <span class='ocr_line' id='line_1_13' title="bbox 51 1221 1511 1280; baseline -0.001 -14"><span class='ocrx_word' id='word_1_77' title='bbox 51 1240 149 1266; x_wconf 89' lang='lat' dir='ltr'>eum</span> <span class='ocrx_word' id='word_1_78' title='bbox 171 1224 343 1280; x_wconf 80' lang='lat' dir='ltr'>vigeret</span> <span class='ocrx_word' id='word_1_79' title='bbox 370 1223 512 1264; x_wconf 89' lang='lat' dir='ltr'>adhuc</span> <span class='ocrx_word' id='word_1_80' title='bbox 543 1223 836 1264; x_wconf 80' lang='lat' dir='ltr'>controversia</span> <span class='ocrx_word' id='word_1_81' title='bbox 868 1222 970 1263; x_wconf 89' lang='lat' dir='ltr'>olim</span> <span class='ocrx_word' id='word_1_82' title='bbox 993 1221 1191 1262; x_wconf 85' lang='lat' dir='ltr'>Venetiis</span> <span class='ocrx_word' id='word_1_83' title='bbox 1222 1224 1424 1271; x_wconf 84' lang='lat' dir='ltr'>excitata,</span> <span class='ocrx_word' id='word_1_84' title='bbox 1457 1223 1511 1265; x_wconf 88' lang='lat' dir='ltr'>de</span> 
     </span>
     <span class='ocr_line' id='line_1_14' title="bbox 48 1295 1512 1352; baseline -0.001 -14"><span class='ocrx_word' id='word_1_85' title='bbox 48 1297 130 1339; x_wconf 92' lang='lat' dir='ltr'>loci</span> <span class='ocrx_word' id='word_1_86' title='bbox 152 1297 451 1352; x_wconf 76' lang='lat' dir='ltr'>praerogativa</span> <span class='ocrx_word' id='word_1_87' title='bbox 470 1297 583 1337; x_wconf 89' lang='lat' dir='ltr'>inter</span> <span class='ocrx_word' id='word_1_88' title='bbox 606 1295 813 1336; x_wconf 87' lang='lat' dir='ltr'>Oratores</span> <span class='ocrx_word' id='word_1_89' title='bbox 837 1295 997 1335; x_wconf 69' lang='lat' dir='ltr'>Galliae</span> <span class='ocrx_word' id='word_1_90' title='bbox 1016 1295 1337 1351; x_wconf 81' lang='lat' dir='ltr'>Hispaniaeque</span> <span class='ocrx_word' id='word_1_91' title='bbox 1355 1295 1512 1351; x_wconf 84' lang='lat' dir='ltr'>Regni,</span> 
     </span>
     <span class='ocr_line' id='line_1_15' title="bbox 51 1368 1514 1425; baseline -0.001 -13"><span class='ocrx_word' id='word_1_92' title='bbox 51 1370 262 1412; x_wconf 87' lang='lat' dir='ltr'>videbant</span> <span class='ocrx_word' id='word_1_93' title='bbox 294 1370 369 1418; x_wconf 89' lang='lat' dir='ltr'>illi,</span> <span class='ocrx_word' id='word_1_94' title='bbox 403 1371 544 1411; x_wconf 87' lang='lat' dir='ltr'>tutius</span> <span class='ocrx_word' id='word_1_95' title='bbox 576 1384 666 1410; x_wconf 87' lang='lat' dir='ltr'>esse</span> <span class='ocrx_word' id='word_1_96' title='bbox 699 1369 938 1409; x_wconf 82' lang='lat' dir='ltr'>Sessionem</span> <span class='ocrx_word' id='word_1_97' title='bbox 974 1368 1042 1409; x_wconf 87' lang='lat' dir='ltr'>dic</span> <span class='ocrx_word' id='word_1_98' title='bbox 1069 1370 1119 1409; x_wconf 91' lang='lat'>14</span> <span class='ocrx_word' id='word_1_99' title='bbox 1141 1369 1374 1417; x_wconf 86' lang='lat' dir='ltr'>celebrare,</span> <span class='ocrx_word' id='word_1_100' title='bbox 1398 1370 1514 1425; x_wconf 88' lang='lat' dir='ltr'>quod</span> 
     </span>
     <span class='ocr_line' id='line_1_16' title="bbox 51 1441 1513 1490; baseline -0.001 -6"><span class='ocrx_word' id='word_1_101' title='bbox 51 1458 101 1485; x_wconf 89' lang='lat' dir='ltr'>eo</span> <span class='ocrx_word' id='word_1_102' title='bbox 122 1443 190 1484; x_wconf 86' lang='lat' dir='ltr'>die</span> <span class='ocrx_word' id='word_1_103' title='bbox 212 1443 280 1484; x_wconf 89' lang='lat' dir='ltr'>hie</span> <span class='ocrx_word' id='word_1_104' title='bbox 313 1443 549 1484; x_wconf 88' lang='lat' dir='ltr'>adfuturus</span> <span class='ocrx_word' id='word_1_105' title='bbox 579 1449 692 1483; x_wconf 88' lang='lat' dir='ltr'>esset</span> <span class='ocrx_word' id='word_1_106' title='bbox 723 1442 838 1483; x_wconf 90' lang='lat' dir='ltr'>solus</span> <span class='ocrx_word' id='word_1_107' title='bbox 861 1441 1060 1482; x_wconf 83' lang='lat' dir='ltr'>Marchio</span> <span class='ocrx_word' id='word_1_108' title='bbox 1082 1441 1311 1490; x_wconf 76' lang='lat' dir='ltr'>Pescariae,</span> <span class='ocrx_word' id='word_1_109' title='bbox 1342 1443 1513 1484; x_wconf 87' lang='lat' dir='ltr'>nomine</span> 
     </span>
     <span class='ocr_line' id='line_1_17' title="bbox 49 1515 1512 1571; baseline 0 -15"><span class='ocrx_word' id='word_1_110' title='bbox 49 1515 248 1571; x_wconf 84' lang='lat' dir='ltr'>Philippi</span> <span class='ocrx_word' id='word_1_111' title='bbox 269 1515 418 1571; x_wconf 80' lang='lat' dir='ltr'>Regis,</span> <span class='ocrx_word' id='word_1_112' title='bbox 452 1523 495 1556; x_wconf 87' lang='lat' dir='ltr'>et</span> <span class='ocrx_word' id='word_1_113' title='bbox 527 1515 619 1555; x_wconf 91' lang='lat' dir='ltr'>loeo</span> <span class='ocrx_word' id='word_1_114' title='bbox 652 1530 745 1563; x_wconf 92' lang='lat' dir='ltr'>suo,</span> <span class='ocrx_word' id='word_1_115' title='bbox 779 1515 946 1570; x_wconf 87' lang='lat' dir='ltr'>absque</span> <span class='ocrx_word' id='word_1_116' title='bbox 976 1515 1061 1555; x_wconf 89' lang='lat' dir='ltr'>alia</span> <span class='ocrx_word' id='word_1_117' title='bbox 1089 1516 1376 1563; x_wconf 87' lang='lat' dir='ltr'>contentione,</span> <span class='ocrx_word' id='word_1_118' title='bbox 1400 1516 1512 1570; x_wconf 87' lang='lat' dir='ltr'>poti-</span> 
     </span>
     <span class='ocr_line' id='line_1_18' title="bbox 49 1586 1510 1642; baseline -0.001 -14"><span class='ocrx_word' id='word_1_119' title='bbox 49 1593 188 1628; x_wconf 90' lang='lat' dir='ltr'>turus.</span> <span class='ocrx_word' id='word_1_120' title='bbox 252 1586 382 1636; x_wconf 79' lang='lat' dir='ltr'>Quod</span> <span class='ocrx_word' id='word_1_121' title='bbox 421 1587 455 1626; x_wconf 90' lang='lat' dir='ltr'>si</span> <span class='ocrx_word' id='word_1_122' title='bbox 493 1587 634 1627; x_wconf 85' lang='lat' dir='ltr'>Sessio</span> <span class='ocrx_word' id='word_1_123' title='bbox 668 1594 981 1642; x_wconf 82' lang='lat' dir='ltr'>prorogaretur</span> <span class='ocrx_word' id='word_1_124' title='bbox 1020 1601 1163 1641; x_wconf 85' lang='lat' dir='ltr'>usquc</span> <span class='ocrx_word' id='word_1_125' title='bbox 1196 1587 1239 1626; x_wconf 89' lang='lat' dir='ltr'>in</span> <span class='ocrx_word' id='word_1_126' title='bbox 1275 1586 1510 1627; x_wconf 81' lang='lat' dir='ltr'>adventum</span> 
     </span>
     <span class='ocr_line' id='line_1_19' title="bbox 53 1658 1511 1715; baseline 0 -15"><span class='ocrx_word' id='word_1_127' title='bbox 53 1659 187 1708; x_wconf 87' lang='lat' dir='ltr'>Galli,</span> <span class='ocrx_word' id='word_1_128' title='bbox 212 1666 315 1700; x_wconf 93' lang='lat' dir='ltr'>tunc</span> <span class='ocrx_word' id='word_1_129' title='bbox 338 1674 496 1715; x_wconf 83' lang='lat' dir='ltr'>anceps</span> <span class='ocrx_word' id='word_1_130' title='bbox 518 1658 723 1714; x_wconf 89' lang='lat' dir='ltr'>Hispano</span> <span class='ocrx_word' id='word_1_131' title='bbox 750 1659 806 1699; x_wconf 93' lang='lat' dir='ltr'>ob</span> <span class='ocrx_word' id='word_1_132' title='bbox 830 1659 950 1699; x_wconf 85' lang='lat' dir='ltr'>Galli</span> <span class='ocrx_word' id='word_1_133' title='bbox 979 1659 1258 1714; x_wconf 77' lang='lat' dir='ltr'>praesentiam</span> <span class='ocrx_word' id='word_1_134' title='bbox 1281 1659 1511 1700; x_wconf 83' lang='lat' dir='ltr'>discrimen</span> 
     </span>
     <span class='ocr_line' id='line_1_20' title="bbox 54 1731 461 1774; baseline -0.007 0"><span class='ocrx_word' id='word_1_135' title='bbox 54 1747 145 1774; x_wconf 88' lang='lat' dir='ltr'>esse</span> <span class='ocrx_word' id='word_1_136' title='bbox 166 1731 461 1772; x_wconf 87' lang='lat' dir='ltr'>subeundum.</span> 
     </span>
    </p>

    <p class='ocr_par' dir='ltr' id='par_1_5' title="bbox 51 1801 1517 2570">
     <span class='ocr_line' id='line_1_21' title="bbox 110 1801 1513 1858; baseline -0.001 -13"><span class='ocrx_word' id='word_1_137' title='bbox 110 1803 394 1846; x_wconf 88' lang='lat' dir='ltr'>Rossanensis</span> <span class='ocrx_word' id='word_1_138' title='bbox 420 1803 547 1843; x_wconf 88' lang='lat' dir='ltr'>aliam</span> <span class='ocrx_word' id='word_1_139' title='bbox 578 1802 734 1858; x_wconf 86' lang='lat' dir='ltr'>adjecit</span> <span class='ocrx_word' id='word_1_140' title='bbox 757 1801 1091 1850; x_wconf 86' lang='lat' dir='ltr'>dubitationem,</span> <span class='ocrx_word' id='word_1_141' title='bbox 1115 1816 1183 1849; x_wconf 86' lang='lat' dir='ltr'>an,</span> <span class='ocrx_word' id='word_1_142' title='bbox 1206 1802 1379 1851; x_wconf 89' lang='lat' dir='ltr'>scilieet,</span> <span class='ocrx_word' id='word_1_143' title='bbox 1408 1802 1513 1853; x_wconf 90' lang='lat' dir='ltr'>dies,</span> 
     </span>
     <span class='ocr_line' id='line_1_22' title="bbox 53 1874 1512 1932; baseline 0.001 -16"><span class='ocrx_word' id='word_1_144' title='bbox 53 1876 131 1932; x_wconf 91' lang='lat' dir='ltr'>qui</span> <span class='ocrx_word' id='word_1_145' title='bbox 163 1882 288 1916; x_wconf 87' lang='lat' dir='ltr'>antea</span> <span class='ocrx_word' id='word_1_146' title='bbox 319 1875 362 1915; x_wconf 91' lang='lat' dir='ltr'>in</span> <span class='ocrx_word' id='word_1_147' title='bbox 395 1875 574 1930; x_wconf 88' lang='lat' dir='ltr'>publica</span> <span class='ocrx_word' id='word_1_148' title='bbox 610 1875 795 1915; x_wconf 89' lang='lat' dir='ltr'>sessione</span> <span class='ocrx_word' id='word_1_149' title='bbox 826 1875 1050 1930; x_wconf 57' lang='lat' dir='ltr'>praestitus</span> <span class='ocrx_word' id='word_1_150' title='bbox 1083 1874 1182 1921; x_wconf 85' lang='lat' dir='ltr'>fuit,</span> <span class='ocrx_word' id='word_1_151' title='bbox 1215 1875 1352 1930; x_wconf 88' lang='lat' dir='ltr'>possit</span> <span class='ocrx_word' id='word_1_152' title='bbox 1384 1891 1512 1926; x_wconf 83' lang='lat' dir='ltr'>nunc,</span> 
     </span>
     <span class='ocr_line' id='line_1_23' title="bbox 52 1948 1511 2005; baseline 0.001 -15"><span class='ocrx_word' id='word_1_153' title='bbox 52 1950 228 2005; x_wconf 87' lang='lat' dir='ltr'>privato</span> <span class='ocrx_word' id='word_1_154' title='bbox 256 1950 436 1990; x_wconf 88' lang='lat' dir='ltr'>Patrum</span> <span class='ocrx_word' id='word_1_155' title='bbox 465 1955 693 1996; x_wconf 76' lang='lat' dir='ltr'>conventu,</span> <span class='ocrx_word' id='word_1_156' title='bbox 717 1948 962 1988; x_wconf 84' lang='lat' dir='ltr'>immutari:</span> <span class='ocrx_word' id='word_1_157' title='bbox 995 1950 1120 2004; x_wconf 82' lang='lat' dir='ltr'>cujus</span> <span class='ocrx_word' id='word_1_158' title='bbox 1141 1949 1387 2004; x_wconf 87' lang='lat' dir='ltr'>opinionem</span> <span class='ocrx_word' id='word_1_159' title='bbox 1410 1966 1511 1992; x_wconf 89' lang='lat' dir='ltr'>non-</span> 
     </span>
     <span class='ocr_line' id='line_1_24' title="bbox 51 2021 1512 2079; baseline 0 -14"><span class='ocrx_word' id='word_1_160' title='bbox 51 2023 160 2066; x_wconf 86' lang='lat' dir='ltr'>nulli</span> <span class='ocrx_word' id='word_1_161' title='bbox 177 2023 438 2079; x_wconf 85' lang='lat' dir='ltr'>probabant,</span> <span class='ocrx_word' id='word_1_162' title='bbox 457 2022 530 2062; x_wconf 85' lang='lat' dir='ltr'>alii</span> <span class='ocrx_word' id='word_1_163' title='bbox 547 2022 813 2077; x_wconf 83' lang='lat' dir='ltr'>rejiciebant.</span> <span class='ocrx_word' id='word_1_164' title='bbox 857 2021 969 2070; x_wconf 58' lang='lat' dir='ltr'>Qua}</span> <span class='ocrx_word' id='word_1_165' title='bbox 987 2022 1299 2063; x_wconf 86' lang='lat' dir='ltr'>sententiarum</span> <span class='ocrx_word' id='word_1_166' title='bbox 1312 2024 1512 2065; x_wconf 75' lang='lat' dir='ltr'>varietas¹</span> 
     </span>
     <span class='ocr_line' id='line_1_25' title="bbox 53 2080 1516 2153; baseline -0.001 -14"><span class='ocrx_word' id='word_1_167' title='bbox 53 2097 205 2144; x_wconf 85' lang='lat' dir='ltr'>effecit,</span> <span class='ocrx_word' id='word_1_168' title='bbox 222 2103 271 2138; x_wconf 90' lang='lat' dir='ltr'>ut</span> <span class='ocrx_word' id='word_1_169' title='bbox 287 2096 393 2136; x_wconf 89' lang='lat' dir='ltr'>nihil</span> <span class='ocrx_word' id='word_1_170' title='bbox 416 2111 464 2136; x_wconf 90' lang='lat' dir='ltr'>eo</span> <span class='ocrx_word' id='word_1_171' title='bbox 487 2095 556 2136; x_wconf 89' lang='lat' dir='ltr'>dic</span> <span class='ocrx_word' id='word_1_172' title='bbox 576 2095 710 2135; x_wconf 89' lang='lat' dir='ltr'>fuerit</span> <span class='ocrx_word' id='word_1_173' title='bbox 726 2093 964 2135; x_wconf 86' lang='lat' dir='ltr'>decretum.</span> <span class='ocrx_word' id='word_1_174' title='bbox 1004 2094 1163 2136; x_wconf 82' lang='lat' dir='ltr'>Postea</span> <span class='ocrx_word' id='word_1_175' title='bbox 1181 2080 1284 2137; x_wconf 53' lang='lat' dir='ltr'>{vero</span> <span class='ocrx_word' id='word_1_176' title='bbox 1305 2097 1454 2153; x_wconf 86' lang='lat' dir='ltr'>legati,</span> <span class='ocrx_word' id='word_1_177' title='bbox 1470 2113 1516 2138; x_wconf 90' lang='lat' dir='ltr'>rc</span> 
     </span>
     <span class='ocr_line' id='line_1_26' title="bbox 56 2166 1514 2226; baseline 0 -16"><span class='ocrx_word' id='word_1_178' title='bbox 56 2169 228 2226; x_wconf 87' lang='lat' dir='ltr'>plenius</span> <span class='ocrx_word' id='word_1_179' title='bbox 249 2184 344 2210; x_wconf 86' lang='lat' dir='ltr'>cum</span> <span class='ocrx_word' id='word_1_180' title='bbox 368 2169 574 2224; x_wconf 89' lang='lat' dir='ltr'>pluribus</span> <span class='ocrx_word' id='word_1_181' title='bbox 596 2183 790 2215; x_wconf 85' lang='lat' dir='ltr'>excussa,</span> <span class='ocrx_word' id='word_1_182' title='bbox 810 2167 983 2208; x_wconf 89' lang='lat' dir='ltr'>tandem</span> <span class='ocrx_word' id='word_1_183' title='bbox 1008 2168 1161 2208; x_wconf 92' lang='lat' dir='ltr'>ineunt</span> <span class='ocrx_word' id='word_1_184' title='bbox 1177 2166 1257 2208; x_wconf 91' lang='lat' dir='ltr'>hoc</span> <span class='ocrx_word' id='word_1_185' title='bbox 1274 2170 1514 2219; x_wconf 78' lang='lat' dir='ltr'>consilium,</span> 
     </span>
     <span class='ocr_line' id='line_1_27' title="bbox 57 2239 1515 2299; baseline 0 -16"><span class='ocrx_word' id='word_1_186' title='bbox 57 2242 174 2299; x_wconf 87' lang='lat' dir='ltr'>quod</span> <span class='ocrx_word' id='word_1_187' title='bbox 195 2249 237 2283; x_wconf 91' lang='lat' dir='ltr'>et</span> <span class='ocrx_word' id='word_1_188' title='bbox 260 2243 414 2283; x_wconf 88' lang='lat' dir='ltr'>Patres</span> <span class='ocrx_word' id='word_1_189' title='bbox 436 2242 613 2296; x_wconf 82' lang='lat' dir='ltr'>sequuti</span> <span class='ocrx_word' id='word_1_190' title='bbox 639 2248 755 2288; x_wconf 80' lang='lat' dir='ltr'>sunt,</span> <span class='ocrx_word' id='word_1_191' title='bbox 778 2241 877 2287; x_wconf 59' lang='lat' dir='ltr'>viz„</span> <span class='ocrx_word' id='word_1_192' title='bbox 903 2247 951 2280; x_wconf 84' lang='lat' dir='ltr'>ut</span> <span class='ocrx_word' id='word_1_193' title='bbox 972 2239 1137 2295; x_wconf 86' lang='lat' dir='ltr'>duplex</span> <span class='ocrx_word' id='word_1_194' title='bbox 1168 2242 1298 2282; x_wconf 80' lang='lat' dir='ltr'>sessio</span> <span class='ocrx_word' id='word_1_195' title='bbox 1326 2242 1515 2283; x_wconf 88' lang='lat' dir='ltr'>celebrc-</span> 
     </span>
     <span class='ocr_line' id='line_1_28' title="bbox 58 2312 1516 2369; baseline 0 -14"><span class='ocrx_word' id='word_1_196' title='bbox 58 2319 157 2355; x_wconf 85' lang='lat' dir='ltr'>tur:</span> <span class='ocrx_word' id='word_1_197' title='bbox 189 2314 339 2362; x_wconf 87' lang='lat' dir='ltr'>altcra,</span> <span class='ocrx_word' id='word_1_198' title='bbox 363 2314 432 2355; x_wconf 88' lang='lat' dir='ltr'>dic</span> <span class='ocrx_word' id='word_1_199' title='bbox 459 2314 509 2353; x_wconf 86' lang='lat'>14</span> <span class='ocrx_word' id='word_1_200' title='bbox 536 2315 626 2369; x_wconf 86' lang='lat' dir='ltr'>jam</span> <span class='ocrx_word' id='word_1_201' title='bbox 660 2313 833 2358; x_wconf 85' lang='lat' dir='ltr'>indicta,</span> <span class='ocrx_word' id='word_1_202' title='bbox 868 2312 946 2352; x_wconf 90' lang='lat' dir='ltr'>ubi</span> <span class='ocrx_word' id='word_1_203' title='bbox 968 2312 1173 2353; x_wconf 82' lang='lat' dir='ltr'>mandata</span> <span class='ocrx_word' id='word_1_204' title='bbox 1204 2319 1375 2354; x_wconf 88' lang='lat' dir='ltr'>tantum</span> <span class='ocrx_word' id='word_1_205' title='bbox 1406 2314 1516 2355; x_wconf 83' lang='lat' dir='ltr'>Ora-</span> 
     </span>
     <span class='ocr_line' id='line_1_29' title="bbox 58 2383 1517 2439; baseline 0 -13"><span class='ocrx_word' id='word_1_206' title='bbox 58 2390 201 2427; x_wconf 88' lang='lat' dir='ltr'>torum</span> <span class='ocrx_word' id='word_1_207' title='bbox 235 2385 546 2426; x_wconf 83' lang='lat' dir='ltr'>admittantur:</span> <span class='ocrx_word' id='word_1_208' title='bbox 593 2385 732 2425; x_wconf 87' lang='lat' dir='ltr'>altera</span> <span class='ocrx_word' id='word_1_209' title='bbox 766 2391 969 2425; x_wconf 84' lang='lat' dir='ltr'>octavum</span> <span class='ocrx_word' id='word_1_210' title='bbox 1007 2391 1104 2439; x_wconf 89' lang='lat' dir='ltr'>post</span> <span class='ocrx_word' id='word_1_211' title='bbox 1138 2383 1252 2425; x_wconf 90' lang='lat' dir='ltr'>diem</span> <span class='ocrx_word' id='word_1_212' title='bbox 1285 2384 1517 2433; x_wconf 87' lang='lat' dir='ltr'>habeatur,</span> 
     </span>
     <span class='ocr_line' id='line_1_30' title="bbox 58 2456 1517 2512; baseline 0.001 -14"><span class='ocrx_word' id='word_1_213' title='bbox 58 2456 103 2498; x_wconf 87' lang='lat' dir='ltr'>in</span> <span class='ocrx_word' id='word_1_214' title='bbox 125 2471 213 2512; x_wconf 86' lang='lat' dir='ltr'>qua</span> <span class='ocrx_word' id='word_1_215' title='bbox 232 2457 407 2498; x_wconf 84' lang='lat' dir='ltr'>decreta</span> <span class='ocrx_word' id='word_1_216' title='bbox 423 2459 514 2512; x_wconf 83' lang='lat' dir='ltr'>jam</span> <span class='ocrx_word' id='word_1_217' title='bbox 538 2457 788 2497; x_wconf 80' lang='lat' dir='ltr'>examinata</span> <span class='ocrx_word' id='word_1_218' title='bbox 809 2456 1160 2511; x_wconf 83' lang='lat' dir='ltr'>promulgentur.</span> <span class='ocrx_word' id='word_1_219' title='bbox 1217 2458 1383 2499; x_wconf 89' lang='lat' dir='ltr'>Putant</span> <span class='ocrx_word' id='word_1_220' title='bbox 1404 2459 1517 2499; x_wconf 90' lang='lat' dir='ltr'>enim</span> 
     </span>
     <span class='ocr_line' id='line_1_31' title="bbox 58 2528 900 2570; baseline -0.002 0"><span class='ocrx_word' id='word_1_221' title='bbox 58 2528 138 2570; x_wconf 86' lang='lat' dir='ltr'>hac</span> <span class='ocrx_word' id='word_1_222' title='bbox 155 2530 320 2570; x_wconf 89' lang='lat' dir='ltr'>ratione</span> <span class='ocrx_word' id='word_1_223' title='bbox 343 2530 543 2570; x_wconf 86' lang='lat' dir='ltr'>omnibus</span> <span class='ocrx_word' id='word_1_224' title='bbox 565 2529 810 2570; x_wconf 86' lang='lat' dir='ltr'>consultum</span> <span class='ocrx_word' id='word_1_225' title='bbox 835 2529 900 2569; x_wconf 85' lang='lat' dir='ltr'>iri.</span> 
     </span>
    </p>

    <p class='ocr_par' dir='ltr' id='par_1_6' title="bbox 59 2601 1519 2803">
     <span class='ocr_line' id='line_1_32' title="bbox 119 2601 1518 2658; baseline 0.001 -16"><span class='ocrx_word' id='word_1_226' title='bbox 119 2602 288 2658; x_wconf 86' lang='lat' dir='ltr'>ltaque,</span> <span class='ocrx_word' id='word_1_227' title='bbox 316 2602 468 2643; x_wconf 65' lang='lat' dir='ltr'>habita</span> <span class='ocrx_word' id='word_1_228' title='bbox 501 2602 636 2658; x_wconf 87' lang='lat' dir='ltr'>paulo</span> <span class='ocrx_word' id='word_1_229' title='bbox 669 2609 768 2657; x_wconf 87' lang='lat' dir='ltr'>post</span> <span class='ocrx_word' id='word_1_230' title='bbox 791 2601 1161 2657; x_wconf 83' lang='lat' dir='ltr'>Congregatione,</span> <span class='ocrx_word' id='word_1_231' title='bbox 1194 2616 1290 2641; x_wconf 91' lang='lat' dir='ltr'>cum</span> <span class='ocrx_word' id='word_1_232' title='bbox 1327 2603 1518 2644; x_wconf 86' lang='lat' dir='ltr'>Secreta-</span> 
     </span>
     <span class='ocr_line' id='line_1_33' title="bbox 59 2674 1519 2732; baseline 0.001 -17"><span class='ocrx_word' id='word_1_233' title='bbox 59 2674 150 2716; x_wconf 88' lang='lat' dir='ltr'>rius</span> <span class='ocrx_word' id='word_1_234' title='bbox 175 2675 254 2717; x_wconf 86' lang='lat' dir='ltr'>hoc</span> <span class='ocrx_word' id='word_1_235' title='bbox 275 2677 522 2732; x_wconf 83' lang='lat' dir='ltr'>legatorum</span> <span class='ocrx_word' id='word_1_236' title='bbox 545 2676 771 2716; x_wconf 85' lang='lat' dir='ltr'>eonsilium</span> <span class='ocrx_word' id='word_1_237' title='bbox 795 2690 849 2716; x_wconf 90' lang='lat' dir='ltr'>ex</span> <span class='ocrx_word' id='word_1_238' title='bbox 872 2675 1030 2730; x_wconf 85' lang='lat' dir='ltr'>scripto</span> <span class='ocrx_word' id='word_1_239' title='bbox 1053 2674 1284 2722; x_wconf 87' lang='lat' dir='ltr'>recitasset,</span> <span class='ocrx_word' id='word_1_240' title='bbox 1310 2675 1365 2716; x_wconf 88' lang='lat' dir='ltr'>ab</span> <span class='ocrx_word' id='word_1_241' title='bbox 1388 2677 1519 2717; x_wconf 88' lang='lat' dir='ltr'>omni-</span> 
     </span>
     <span class='ocr_line' id='line_1_34' title="bbox 63 2746 1038 2803; baseline -0.001 -15"><span class='ocrx_word' id='word_1_242' title='bbox 63 2746 157 2796; x_wconf 88' lang='lat' dir='ltr'>bus,</span> <span class='ocrx_word' id='word_1_243' title='bbox 178 2750 345 2792; x_wconf 84' lang='lat' dir='ltr'>nemine</span> <span class='ocrx_word' id='word_1_244' title='bbox 367 2749 658 2796; x_wconf 86' lang='lat' dir='ltr'>dissentiente,</span> <span class='ocrx_word' id='word_1_245' title='bbox 682 2748 766 2789; x_wconf 81' lang='lat' dir='ltr'>fuit</span> <span class='ocrx_word' id='word_1_246' title='bbox 789 2748 1038 2803; x_wconf 83' lang='lat' dir='ltr'>probatum.</span> 
     </span>
    </p>

    <p class='ocr_par' dir='ltr' id='par_1_7' title="bbox 663 2831 920 2867">
     <span class='ocr_line' id='line_1_35' title="bbox 663 2831 920 2867; baseline 0.004 -6"><span class='ocrx_word' id='word_1_247' title='bbox 663 2833 670 2850; x_wconf 86' lang='lat'>¹</span> <span class='ocrx_word' id='word_1_248' title='bbox 699 2833 830 2867; x_wconf 63' lang='lat' dir='ltr'>Veritas,</span> <span class='ocrx_word' id='word_1_249' title='bbox 851 2831 920 2862; x_wconf 78' lang='lat' dir='ltr'>MS.</span> 
     </span>
    </p>
   </div>
  </div>
 </body>
</html>
