1905 3254
0 306 2 371 ξ
541 322 545 330 ’
679 313 789 345 sess.
816 315 891 346 vn.
1431 306 1514 347 369

0 378 2 391 ι

0 397 2 457 l
58 419 106 453 ut
137 406 349 457 tollantur
388 431 413 457 a
447 416 662 460 Doctrina
702 420 777 462 illa
813 422 960 471 verba,
998 422 1138 464 locum
1173 424 1507 480 dependentem,

57 486 271 540 quoniam,
306 489 472 530 ratione
514 489 687 540 ordinis,
726 493 937 550 Episcopi
971 510 1055 536 non
1088 496 1278 552 pendent
1311 513 1336 538 a
1367 499 1506 554 Papa,

53 558 218 600 ratione
234 561 365 602 etiam
384 563 414 604 J
419 562 709 605 urisdictionis
728 573 792 607 est
808 574 1130 610 controversum
1147 587 1154 609 :
1186 572 1241 612 22⁰.
1260 571 1336 612 illa
1358 572 1506 618 verba,

52 632 270 686 pascendi,
283 635 480 690 regendi,
495 637 774 692 gubernandi
788 640 1081 682 universalem
1095 643 1349 692 Ecclesiam,
1359 644 1508 685 dicunt

51 704 251 754 tollenda,
272 721 325 748 ne
346 708 533 750 laedatur
554 711 700 765 opinio
721 713 1012 761 sentientium,
1036 715 1153 770 quod
1182 716 1427 758 Concilium
1450 718 1507 759 sit

51 791 183 833 supra
213 780 405 836 Papam3
450 790 494 824 et
527 783 691 826 vellent
725 785 821 834 dici,
855 802 1004 829 omncs
1041 788 1207 830 Christi
1240 790 1401 839 fideles,
1438 791 1508 832 vel

49 850 273 894 universas
306 853 555 897 Ecclesias:
588 857 642 896 3⁰.
677 865 848 912 petunt,
883 867 932 901 ut
960 861 1129 903 dicatur
1161 863 1205 904 in
1241 863 1282 905 7⁰
1315 863 1504 912 Canone,

46 923 290 982 Episcopos
323 943 348 968 a
377 928 550 970 Christo
578 931 826 973 institutos:
858 934 917 975 4⁰.
946 935 989 975 in
1024 936 1178 976 ultimo
1211 936 1389 979 Canone
1421 953 1506 980 non

46 998 233 1052 probant
255 1015 307 1040 ea
329 1003 476 1050 verba,
509 1004 733 1059 regiminis
766 1006 1032 1049 authoritate
1060 1024 1224 1064 parem,
1253 1011 1428 1065 quando
1450 1012 1505 1052 ad

46 1070 189 1112 multa
210 1073 523 1130 porrigebatur
555 1076 799 1118 authoritas
830 1079 964 1128 Petri,
1001 1096 1098 1136 quae
1132 1096 1216 1122 non
1252 1091 1505 1139 competunt

47 1142 304 1186 authoritati
329 1146 484 1202 Papae3
518 1148 658 1189 veluti
691 1150 734 1190 in
769 1151 989 1193 condenda
1024 1154 1154 1194 Sacra
1187 1155 1427 1210 Scriptura,
1460 1158 1503 1198 in

48 1213 254 1257 faciendis
273 1218 510 1269 miraculis,
534 1221 577 1261 in
600 1224 888 1267 sacramentis,
914 1231 957 1264 et
981 1224 1075 1264 aliis
1097 1225 1259 1266 multis.

100 1286 187 1329 His
209 1289 385 1339 auditis,
417 1307 577 1348 magna
604 1295 797 1335 omnium
822 1296 957 1351 coepit
980 1297 1221 1343 admiratio,
1254 1300 1372 1354 quod
1405 1316 1500 1342 cum

43 1375 68 1402 a
97 1361 387 1420 Lotharingio
417 1373 710 1420 expectarent,
745 1375 794 1408 ut
826 1378 996 1411 veteres
1030 1380 1306 1427 componeret
1338 1381 1500 1415 contro-

42 1434 214 1484 versias,
247 1450 360 1477 nunc
391 1437 484 1493 ipse
519 1453 655 1479 novas
691 1439 937 1483 deduceret.
1002 1442 1054 1483 Id
1087 1459 1188 1485 sane
1223 1444 1385 1501 Legati
1418 1461 1501 1487 non

42 1506 313 1550 mediocriter
341 1525 458 1566 aegre
487 1512 598 1553 ferre
623 1513 704 1553 visi
727 1520 851 1561 sunt;
887 1515 1078 1556 modeste
1103 1524 1262 1566 tamen,
1287 1534 1339 1560 ne
1360 1521 1501 1576 magis

41 1581 184 1621 omnia
215 1583 592 1626 conturbarentur.
655 1586 815 1626 Postea
844 1588 1052 1630 mandant
1084 1590 1359 1639 Rossanensi‚
1395 1593 1501 1634 Ves-

41 1657 154 1702 tano,
179 1654 497 1704 Neocastrensi,
521 1657 740 1705 Auditori,
776 1666 819 1699 ct
850 1660 1107 1709 Promotori,
1142 1670 1193 1704 ut
1222 1663 1499 1707 difficultates

42 1740 112 1767 eas
133 1728 391 1775 examinent,
426 1744 472 1769 ac
507 1730 615 1785 quid
649 1732 930 1773 statuendum
954 1735 1009 1775 sit
1030 1737 1346 1791 respondeant:
1379 1740 1498 1794 quod

41 1798 95 1840 ab
115 1799 168 1840 iis
189 1799 391 1841 effectum
414 1801 511 1843 fuit.

349 1963 768 2013 Considerationes
795 1969 1015 2031 quaedam
1044 1970 1180 2017 circa.

93 2088 209 2132 Tum
231 2091 488 2135 Auditorem
512 2095 568 2135 ad
589 2094 931 2151 Lotharingium
966 2113 1061 2138 cum
1095 2098 1246 2140 iisdem
1279 2104 1491 2157 responsi-

38 2160 189 2203 onibus
210 2165 404 2213 mittunt,
438 2167 508 2207 cui
543 2183 638 2208 cum
673 2169 864 2209 Auditor
895 2169 1071 2218 diceret,
1107 2172 1254 2212 mirari
1288 2188 1346 2221 sc,
1379 2174 1493 2215 illud

36 2245 147 2274 nunc
172 2236 216 2276 in
237 2236 421 2279 dubium
457 2241 614 2289 vocari,
643 2240 695 2282 de
730 2242 968 2282 universali
997 2242 1207 2291 Ecclesia,
1234 2260 1330 2285 cum
1366 2253 1493 2288 antea

37 2305 298 2364 Amplitudo
330 2328 410 2353 sua
440 2314 685 2362 affirmaret,
720 2330 764 2355 se
797 2315 1098 2356 difficultatem
1131 2317 1238 2357 hanc
1264 2333 1288 2358 a
1310 2319 1491 2373 quibus-

38 2376 134 2421 dam
156 2397 208 2424 ex
239 2384 477 2442 Theologis
509 2387 600 2428 suis
633 2388 867 2429 excitatam
898 2404 1140 2445 superasse,
1164 2392 1386 2446 respondit
1408 2393 1491 2434 Lo-

36 2450 291 2511 tharingius,
310 2474 354 2500 se
374 2460 657 2510 existimasse,
682 2477 776 2503 cum
796 2463 1008 2504 Praelatos
1029 2478 1140 2511 suos,
1165 2465 1242 2519 qui
1264 2466 1491 2520 peritiores

37 2532 146 2573 sunt,
158 2531 439 2579 convenisset,
453 2532 556 2574 alios
571 2548 747 2590 quoque
762 2534 1021 2576 indoctiores
1036 2550 1293 2578 assensuros.
1324 2537 1489 2579 Verum

38 2596 161 2640 aliter
180 2605 453 2646 successisse:
487 2621 583 2646 cum
618 2608 806 2648 maxime
833 2608 1080 2655 reclament,
1108 2612 1411 2665 juventurque
1434 2613 1488 2653 ab

37 2673 293 2721 oratoribus,
318 2676 393 2731 qui
418 2693 536 2733 aegre
554 2680 790 2734 patiuntur
807 2680 881 2720 illa
897 2681 1029 2721 verba
1057 2682 1242 2735 apponi:
1277 2697 1320 2723 se
1344 2690 1488 2726 tamen

34 2740 172 2785 adhuc
203 2760 286 2787 non
324 2748 555 2805 disponere
589 2753 794 2801 animum,
829 2754 935 2809 quin
969 2753 1011 2793 id
1045 2755 1278 2810 accepturi,
1312 2771 1486 2813 respon-

34 2814 258 2874 sionesque
279 2821 421 2864 illatas
443 2839 487 2865 se
501 2826 764 2867 commodius
781 2827 1094 2883 inspecturum.
1126 2828 1318 2869 Easdem
1338 2838 1484 2873 autem

1178 2903 1203 2941 2
1232 2916 1255 2942 Β
