1905 3254
685 293 793 323 sess.
820 294 896 323 vn.
1438 280 1520 320 295

57 401 102 441 id
123 406 269 441 tamen
300 415 385 441 non
418 399 522 440 oriri
543 414 597 440 ex
618 400 713 456 ipsa
735 400 779 440 vi
801 400 1081 441 Sacramenti.
1145 400 1355 456 Optasset
1388 400 1519 441 etiam

56 473 333 514 caeremonias
354 487 514 519 omnes,
538 487 640 527 quae
661 473 703 513 in
726 472 805 513 hoc
828 474 1105 514 Sacramento
1128 473 1409 521 adhibentur,
1434 473 1518 513 dis-

56 547 189 587 tincte
223 545 444 601 explicari,
477 560 575 600 quae
599 545 686 585 sint
708 546 973 593 necessariae,
1013 553 1057 586 et
1080 560 1180 600 quae
1214 553 1517 602 congruentes.

58 618 171 659 Item
204 618 289 658 alia
320 617 374 657 de
409 617 747 672 Episcoporum,
781 616 1233 672 Presbyterorumque
1262 618 1443 673 origine,
1467 618 1522 659 ad

54 692 272 746 integram
296 689 603 730 Hierarchiam
626 689 990 737 constituendam,
1023 688 1090 730 hic
1112 691 1305 745 perfecte
1328 705 1520 746 compre-

56 762 202 804 hendi.

114 833 281 874 Montis
304 832 870 887 Marani—exprimendum
889 832 1014 882 illud,
1047 833 1167 890 Epos
1189 834 1321 874 etiam
1343 833 1397 874 de
1419 837 1520 889 jure

58 907 232 956 divin03
263 920 364 946 nam
388 920 486 946 cum
518 912 716 960 tempore
752 906 866 946 Julii
891 906 979 947 III.
1003 906 1048 946 in
1071 906 1266 947 articulis
1287 913 1389 947 tunc
1410 922 1520 947 com-

58 980 210 1036 positis
243 978 289 1019 id
320 980 628 1027 contineretur,
663 979 859 1019 haeretici
901 978 998 1019 hinc
1041 979 1207 1034 possint
1254 980 1520 1020 occasionem

58 1054 249 1108 arripere
270 1052 548 1093 confirmandi
571 1067 665 1101 sua,
699 1053 734 1093 si
757 1052 967 1098 viderent,
990 1052 1068 1093 hoc
1090 1068 1166 1094 nos
1187 1068 1240 1094 ex
1263 1054 1403 1094 veteri
1424 1053 1521 1094 doc-

56 1127 169 1168 trina
190 1126 434 1167 sustulisse.

114 1199 488 1240 Auriensis—non
509 1213 635 1254 posse
667 1199 707 1238 ei
737 1197 783 1238 id
805 1213 940 1239 unum
963 1213 1046 1239 non
1068 1199 1255 1239 maxime
1277 1198 1519 1254 displicere,

57 1273 189 1329 quod,
225 1288 322 1314 cum
343 1273 537 1314 haeretici
564 1273 627 1313 nil
657 1272 780 1313 aliud
811 1273 952 1329 magis
989 1278 1204 1327 quaerant,
1230 1286 1361 1327 quam
1385 1271 1518 1313 Hier-

58 1345 245 1386 archiam
269 1352 481 1395 evertere,
513 1361 598 1386 non
620 1345 811 1391 videtur,
835 1359 911 1385 cur
933 1345 1092 1385 author
1112 1344 1247 1400 hujus
1268 1343 1521 1384 hierarchiae

57 1425 101 1460 et
121 1418 246 1460 Deus
267 1420 360 1476 ipse
388 1419 458 1460 hic
491 1419 737 1459 omittatur.
803 1417 960 1472 Itaque
991 1433 1162 1458 censere
1195 1432 1252 1464 se,
1286 1417 1523 1458 doctrinam

56 1493 119 1534 ita
139 1492 491 1548 componendam,
513 1507 612 1547 quae
630 1492 834 1533 universa
859 1507 882 1532 a
904 1506 1073 1532 summo
1088 1506 1230 1546 usque
1248 1491 1302 1532 ad
1324 1491 1525 1546 [imum],1

56 1583 142 1608 non
163 1568 338 1608 confuse
360 1568 436 1608 sed
457 1567 659 1609 distincte
677 1568 1004 1622 complectatur,
1022 1568 1381 1623 nominatimque,
1406 1567 1524 1623 quod

58 1640 380 1695 Episcoporum
402 1647 595 1694 potestas
616 1655 640 1679 a
663 1639 839 1679 Christo
862 1640 947 1679 fuit
966 1640 1184 1682 instituta.

115 1713 705 1768 Legionensis—Episcopos
737 1712 898 1752 ordinis
930 1719 1189 1766 potestatem
1223 1728 1247 1753 a
1286 1712 1384 1753 Deo
1427 1728 1524 1754 con-

60 1786 196 1840 sequi,
240 1784 566 1826 Jurisdictionis
613 1790 759 1824 autem
797 1783 1046 1824 exercendae
1083 1784 1315 1825 facultates
1346 1799 1371 1825 a
1402 1785 1527 1841 Papa

60 1859 281 1907 obtinere3
316 1865 450 1913 atque
484 1858 547 1898 ita
584 1857 744 1898 sentire
777 1857 1049 1897 Tun-ocrem.
1092 1857 1167 1896 lib.
1202 1858 1228 1897 2
1263 1857 1316 1897 de
1352 1858 1523 1899 Eccles.

62 1947 154 1987 cap.
179 1932 233 1972 53
257 1946 399 1987 usque
423 1931 476 1972 ad
496 1931 564 1973 67.
615 1930 780 1971 Idcirco
810 1929 1025 1970 neminem
1057 1928 1216 1969 offendi
1247 1944 1384 1984 posse,
1409 1930 1527 1984 quod

62 2004 274 2060 Episcopi
307 2003 507 2045 dicantur
544 2004 655 2045 Jure
691 2002 852 2047 divino,
888 2016 983 2041 cum
1009 2000 1055 2041 id
1082 2001 1127 2041 in
1154 2015 1204 2041 eo
1235 2001 1524 2057 intelligatur,

64 2076 179 2131 quod
218 2077 349 2132 primi
390 2076 555 2132 gradus
589 2083 653 2117 est
686 2090 770 2115 non
802 2075 844 2114 in
876 2089 926 2115 co
956 2072 1076 2129 quod
1108 2073 1285 2113 secundi
1317 2080 1394 2122 est,
1428 2075 1526 2123 viz„

65 2149 411 2200 Jurisdictionis3
453 2157 498 2191 et
532 2150 596 2190 ita
636 2150 678 2189 S.
704 2147 861 2189 Thom.
901 2148 943 2187 2³
965 2147 1017 2187 2³³
1040 2161 1082 2201 q.
1116 2146 1170 2185 39
1206 2152 1284 2186 art.
1320 2146 1358 2187 3.
1394 2146 1528 2187 tradi-

66 2221 190 2263 disse.

123 2295 543 2350 Almeriensis——qui
575 2294 649 2335 dat
681 2293 932 2334 Sacerdotes
965 2292 1067 2332 dare
1101 2297 1145 2332 et
1181 2291 1447 2340 sacrificium,
1478 2298 1529 2334 ut

67 2367 234 2409 Paulus
257 2369 318 2409 ait
341 2368 396 2409 ad
418 2367 663 2415 Hebrae083
697 2366 772 2407 sed
794 2381 879 2406 non
902 2380 924 2405 e
947 2372 1109 2411 contra,
1141 2379 1239 2404 nam
1264 2365 1395 2405 multi
1425 2365 1527 2406 offe-

65 2440 222 2481 rebant
261 2441 533 2488 sacrificium,
574 2441 650 2495 qui
689 2454 775 2480 non
818 2444 942 2479 erant
985 2436 1251 2483 Sacerdotes,
1304 2443 1355 2477 ut
1408 2438 1529 2483 Saul,

70 2513 260 2559 Samuel,
291 2512 516 2553 Abraham
553 2519 597 2553 et
632 2513 717 2553 alii.
771 2511 920 2552 Multa
941 2511 1071 2551 etiam
1094 2524 1177 2549 non
1200 2525 1254 2551 ex
1274 2500 1528 2551 necessitate

68 2583 200 2641 hujus
235 2585 488 2625 sacramenti
523 2584 700 2626 Ordinis
735 2584 956 2631 contineri,
999 2583 1138 2623 veluti
1177 2582 1528 2632 insufflationem,

69 2672 280 2698 manuum
314 2658 650 2712 impositionem,
683 2658 931 2699 unctionem
970 2663 1013 2697 et
1047 2656 1220 2704 similia,
1258 2670 1355 2710 quae
1391 2656 1531 2712 expli-

71 2729 206 2771 canda
249 2731 434 2772 fuissent
469 2745 500 2770 c.
544 2731 797 2786 Presbyteri
836 2729 890 2770 de
931 2729 1120 2769 Sacram.
1156 2743 1242 2769 non
1275 2728 1400 2770 inter.
1460 2727 1530 2771 De

426 2817 435 2834 ¹
461 2819 492 2847 A
508 2817 615 2854 blank,
633 2817 736 2847 which
753 2818 767 2846 Ῑ
784 2817 856 2846 thus
872 2821 1000 2846 venture
1017 2820 1048 2845 to
1064 2814 1108 2845 fill
1126 2825 1180 2854 up.
