1905 3254
784 272 810 310 9

131 389 226 431 Nec
255 389 468 438 omittam,
498 389 615 446 quod
647 404 745 431 cum
778 391 884 431 Pius
914 390 993 432 IV.
1025 391 1137 432 tanti
1173 390 1332 432 author
1353 390 1540 433 Concilii

75 463 324 520 perficiendi
359 463 595 504 immortali
633 463 712 505 hoc
745 465 917 505 nomine
960 464 1018 505 sit
1058 464 1189 506 laude
1234 465 1535 513 celebrandus,

73 553 157 578 non
177 538 330 578 minori
357 545 471 579 certe
496 539 540 578 in
572 553 621 578 eo
654 538 1023 579 commendatione
1047 539 1224 580 videtur
1245 540 1536 587 extollendus,

74 611 192 667 quod
223 626 320 651 cum
353 626 402 652 eo
438 611 653 667 completo
693 614 850 667 magna
890 612 1206 652 concertatione
1250 612 1368 667 apud
1408 613 1535 653 illum

75 684 256 725 maximi
277 684 359 724 viri
380 691 600 739 urgerent,
623 691 674 725 ut
695 683 896 739 quaedam
918 684 961 724 in
984 699 1033 724 eo
1055 684 1343 725 confirmando
1371 692 1536 741 tempe-

73 764 205 806 raret,
228 773 470 814 gravesque
502 759 704 805 rationes,
740 758 899 798 Niceni
930 757 1390 814 Chalcedonensisque
1425 758 1535 799 Con-

74 830 162 871 cilii
183 831 386 886 exemplo
407 837 712 886 praetexerent,
742 831 905 886 quibus
931 830 996 870 illi
1029 830 1294 885 persuadere
1320 831 1534 871 conaban-

74 911 160 952 tur,
201 911 251 945 ut
291 905 479 945 sublatis
515 905 753 945 mutatisve
794 919 893 960 quae
934 904 1019 945 sibi
1054 903 1292 952 videretur,
1327 906 1534 961 majorem

76 976 178 1017 Sedi
200 978 466 1033 Apostolicae
500 977 812 1018 authoritatem
846 984 959 1018 esset
991 976 1234 1025 additurus,
1268 977 1361 1033 ipse
1391 985 1536 1018 tamen

74 1062 184 1103 pure
205 1047 382 1089 decreta
415 1050 571 1097 omnia,
602 1056 734 1105 prout
768 1064 793 1089 a
815 1049 1026 1090 Patribus
1058 1050 1224 1089 sancita
1255 1049 1447 1098 fuerunt,
1472 1050 1534 1090 in-

75 1127 196 1176 tegre
218 1122 467 1177 recipienda
500 1121 872 1177 approbandaque
899 1121 1142 1177 judicavit3
1168 1124 1273 1178 quin
1305 1130 1354 1163 ut
1375 1123 1534 1163 certius

74 1193 275 1234 omnibus
303 1193 519 1249 judicium
553 1209 680 1234 suum
713 1201 923 1235 testatum
954 1194 1223 1249 relinqueret
1255 1194 1535 1249 amplissimis

74 1265 243 1322 aliquot
265 1266 452 1314 Carbiis,
476 1267 774 1322 Patribusque
807 1266 1025 1307 nonnullis
1057 1282 1111 1308 ex
1142 1267 1209 1315 iis,
1240 1268 1316 1322 qui
1340 1267 1534 1308 Concilio

69 1337 372 1386 interfuerunt,
406 1339 567 1394 quibus
595 1354 663 1379 me
686 1353 876 1394 quoque,
900 1345 1001 1379 tunc
1024 1338 1288 1379 Auditorcm
1317 1338 1532 1395 adjunxit,

72 1411 312 1467 diplomate
334 1427 411 1452 suo
433 1411 478 1452 id
502 1412 693 1452 muneris
719 1411 894 1459 detulit,
918 1419 968 1452 ut
990 1411 1140 1468 synodi
1170 1411 1345 1453 decreta
1367 1412 1533 1467 ubique

73 1486 344 1542 promulgari
385 1486 441 1526 ab
477 1486 766 1541 omnibusque
807 1485 1030 1526 observari
1070 1486 1196 1527 enixe
1231 1494 1445 1535 curarent,
1484 1502 1532 1527 ac

71 1560 364 1608 difficultates,
388 1559 467 1600 ubi
487 1560 715 1608 orirentur,
744 1574 822 1615 pro
857 1559 1124 1601 authoritate
1157 1575 1238 1601 sua
1264 1560 1531 1608 dirimerent,

73 1642 205 1691 atque
223 1634 517 1676 dubitationes
532 1634 948 1689 interpretarentur3
971 1635 1038 1690 cuj
1046 1649 1095 1674 us
1109 1649 1326 1675 successor
1341 1635 1446 1675 Pius
1461 1635 1499 1676 V
1506 1669 1530 1683 .,

69 1723 168 1748 cum
192 1707 427 1748 ardentiori
447 1706 588 1748 adhuc
605 1705 760 1751 studio,
785 1705 878 1746 dies
898 1713 1132 1761 noctesque
1155 1707 1199 1747 in
1215 1707 1307 1748 haec
1330 1708 1529 1764 vigilare,

72 1787 120 1820 ut
140 1781 186 1821 in
205 1779 430 1820 hominum
451 1794 591 1820 mores
613 1779 784 1819 omnino
808 1778 1069 1819 inducantur
1090 1794 1176 1820 non
1199 1779 1380 1828 desinat,
1406 1796 1531 1823 nemo

73 1867 159 1894 non
188 1853 321 1899 videt,
345 1854 381 1894 si
402 1853 447 1893 in
470 1851 651 1894 eandam
676 1851 835 1907 reliqui
860 1851 1098 1900 Pontifices,
1119 1852 1237 1907 quod
1261 1852 1385 1894 Deus
1408 1854 1530 1903 faxit,

72 1933 204 1982 prout
228 1926 418 1967 muneris
446 1925 704 1982 dignitatem
737 1925 793 1965 sic
816 1924 1073 1965 sententiam
1096 1923 1390 1973 succederent,
1424 1927 1531 1981 quin

70 2001 194 2042 brevi
223 2000 421 2041 Ecclesia
456 1998 523 2039 his
554 1998 728 2040 exculta
768 1997 1018 2045 seminibus,
1043 2012 1091 2038 ac
1114 2004 1201 2038 tam
1225 1997 1309 2053 piis
1346 1998 1530 2040 Pastori-

73 2073 170 2122 bus,
192 2073 425 2129 pristinum
447 2087 573 2112 suum
606 2071 737 2112 decus
769 2085 816 2111 ac
852 2071 986 2111 robur
1007 2071 1061 2111 sit
1083 2077 1324 2126 receptura.
1389 2071 1530 2129 Cujus

72 2147 171 2187 sane
205 2146 281 2194 rei,
315 2161 412 2187 cum
443 2159 588 2186 omnes
620 2159 674 2186 ex
701 2144 790 2185 Dei
820 2143 1096 2199 benignitate
1130 2145 1215 2185 sint
1251 2144 1353 2186 huic
1384 2153 1529 2187 saneto

74 2217 269 2258 Concilio
309 2218 463 2273 gratiae
494 2216 722 2263 habendae,
764 2231 815 2257 eo
855 2216 1083 2257 alacriores
1106 2217 1162 2258 ad
1195 2216 1287 2258 haec
1327 2217 1528 2274 legenda,

71 2297 202 2347 atque
224 2292 367 2332 animo
385 2289 722 2347 complectenda,
746 2291 912 2346 posteri
933 2305 1026 2331 esse
1045 2290 1283 2340 debebunt,
1307 2307 1394 2348 quo
1415 2293 1528 2334 fruc-

73 2370 143 2404 tus
162 2363 262 2405 hinc
281 2364 506 2406 uberiores
527 2364 570 2404 in
593 2364 840 2405 universam
855 2363 1098 2405 Ecclesiam
1119 2364 1383 2407 redundasse
1404 2366 1527 2407 intel-

72 2436 223 2493 ligent.

131 2509 251 2551 Inter
272 2525 382 2566 quos
403 2524 489 2550 non
510 2515 780 2566 postremum
803 2517 918 2551 certe
941 2510 1066 2551 illum
1088 2525 1235 2552 omnes
1249 2510 1527 2566 judicabunt,

73 2583 190 2639 quod
219 2598 304 2624 non
342 2583 450 2624 adeo
482 2583 730 2638 importune
765 2583 945 2638 posthac
987 2584 1288 2624 Sanctissimos
1310 2584 1529 2627 Romanos

73 2655 303 2699 Pontifices
324 2657 380 2699 ad
399 2672 512 2698 nova
535 2657 732 2699 Concilia
763 2658 1068 2713 intempestive
1093 2657 1356 2699 celebranda
1390 2659 1527 2700 solici-

73 2729 223 2771 tandos
245 2731 335 2772 sore
356 2730 622 2772 confidimus.
684 2732 815 2778 Nam,
835 2729 980 2786 quoad
1011 2729 1236 2770 haereticos
1265 2744 1527 2773 communes-

73 2817 157 2859 que
177 2803 320 2846 hostes
341 2805 542 2860 pertinet,
577 2821 673 2847 cum
708 2805 753 2847 hi
786 2805 914 2847 toties
949 2803 1135 2850 invitati,
1170 2804 1325 2859 rogati,
1353 2805 1526 2861 fideque
