1905 3254
694 330 806 360 sEss.
834 331 894 361 vr.
1447 324 1530 365 273

63 436 184 486 Vota
213 439 410 489 Patrum
450 443 559 491 data
599 446 648 492 in
675 446 895 496 Sessione
934 453 982 497 6²
1007 450 1140 500 Sacri
1179 453 1388 503 Concilii
1414 457 1518 504 Tri-

209 523 391 570 dentini
417 526 505 573 sub
532 527 617 574 Pio
643 527 722 575 IV.
801 534 855 577 17
884 531 1196 595 Septembris,
1230 540 1369 585 1562.

64 611 150 658 ΡΠλο
178 632 319 678 super
346 617 578 665 Doctrina
609 630 654 667 et
680 621 960 671 Canonibus
981 626 1038 672 de
1065 627 1309 677 Sacrificio
1340 631 1518 688 Missae,

125 711 178 741 ac
202 696 345 742 etiam
367 698 425 745 de
443 700 747 749 observandis
767 704 842 750 vel
861 706 1094 753 evitandis
1116 708 1165 753 in
1186 708 1519 759 Celebratione

126 776 303 825 Missae.

116 868 280 912 Omnes
301 874 621 929 responderunt
643 878 900 934 simpliciter
919 895 998 936 per
1019 883 1216 930 verbum,
1249 884 1412 933 Placet,
1447 901 1517 927 ex-

58 943 195 998 ceptis
215 944 514 1003 infrascriptis,
539 950 614 1005 qui
635 950 844 994 dixerunt
864 961 999 1009 prout
1020 955 1145 1003 infra,
1170 957 1392 999 videlicet:

113 1015 163 1057 R.
187 1016 242 1057 D.
271 1019 556 1063 Granatensis
577 1023 697 1065 dedit
721 1025 984 1068 Schedulam
1008 1030 1169 1070 tenoris
1191 1031 1514 1087 subsequentis,

53 1090 150 1139 viz,
190 1092 438 1135 Secundum
475 1096 705 1139 anathema
738 1114 822 1140 non
849 1100 1008 1156 placet,
1038 1103 1082 1143 in
1116 1110 1330 1158 quantum
1363 1105 1516 1149 definit

56 1161 281 1206 Christum
315 1181 480 1209 creasse
514 1170 752 1226 Apostolos
792 1173 1033 1215 sacerdotes
1072 1176 1116 1216 in
1154 1176 1294 1218 Coena
1326 1193 1406 1234 per
1438 1180 1516 1221 illa

53 1236 202 1285 verba,
239 1237 337 1280 Hoc
373 1240 500 1282 facite
533 1242 576 1283 in
607 1259 749 1285 meam
781 1249 1245 1297 commemorationem,
1279 1257 1373 1291 tum
1396 1253 1514 1308 quod

51 1315 176 1349 extra
199 1312 423 1366 proprium
445 1315 539 1370 ejus
561 1315 719 1365 locum,
742 1318 817 1373 qui
835 1326 898 1360 cst
916 1320 958 1360 in
981 1321 1163 1362 materia
1179 1322 1232 1363 de
1248 1333 1514 1367 sacramento

52 1379 240 1431 Ordinis,
265 1391 307 1425 et
343 1385 609 1437 Sacerdotio,
638 1404 717 1445 pro
752 1393 952 1447 sequenti
984 1394 1184 1448 proxima
1218 1396 1418 1439 Sessione
1451 1399 1511 1439 in-

51 1451 207 1494 ductus
243 1454 464 1506 definitur,
499 1466 595 1500 tum
633 1462 764 1503 etiam
802 1464 906 1519 quia
940 1465 1172 1508 difficultas
1204 1467 1297 1509 haee
1329 1484 1413 1511 non
1445 1479 1510 1513 est

48 1523 238 1568 discussa
253 1535 297 1569 et
313 1529 539 1586 disputata
555 1548 634 1589 per
653 1534 929 1592 Theologos3
961 1553 1038 1580 nec
1057 1539 1198 1581 auditi
1218 1548 1319 1582 sunt
1341 1541 1508 1592 Patres,

49 1599 126 1653 qui
140 1600 263 1641 illam
281 1608 465 1645 tractare
484 1612 526 1646 et
540 1608 777 1648 sententias
794 1610 1033 1663 priscorum
1049 1611 1302 1661 Doctorum,
1318 1630 1507 1669 quorum

48 1671 181 1711 multi
201 1675 450 1729 oppositum
470 1691 555 1718 non
578 1679 761 1721 obscure
789 1682 997 1731 sentiunt,
1028 1684 1141 1725 inter
1160 1700 1206 1725 se
1228 1701 1478 1741 comparare
1498 1691 1505 1710 ¹

46 1749 181 1799 atque
214 1747 462 1789 examinare
496 1750 760 1800 voluerunt;
797 1761 840 1794 et
870 1756 1160 1809 potissimum,
1194 1760 1398 1813 quoniam
1430 1776 1508 1817 per

45 1817 161 1858 illud
183 1820 310 1860 multi
332 1821 487 1863 Patres
519 1825 691 1879 antiqui
721 1832 765 1866 et
790 1829 1040 1882 gravissimi
1062 1831 1227 1887 absque
1249 1836 1505 1878 necessitate

45 1888 318 1933 damnantur.
362 1894 463 1934 Non
486 1896 587 1936 item
612 1898 753 1953 placet
774 1899 957 1949 definiri,
982 1901 1208 1945 Christum
1232 1906 1274 1947 in
1299 1906 1439 1949 Coena
1459 1924 1505 1951 se

43 1963 270 2013 obtulisse,
294 1982 391 2007 cum
425 1970 561 2010 saneti
589 1970 801 2014 Doctores
830 1983 1088 2025 asseverent,
1110 1978 1235 2020 illum
1258 1982 1392 2023 semel
1424 1983 1502 2025 hoc

45 2035 205 2078 fecisse.
270 2040 637 2084 P.Granatcnsis.

101 2109 153 2151 R.
178 2111 235 2152 D.
270 2113 746 2159 panormitanus—ubi
769 2122 1019 2163 nominatur
1043 2124 1215 2177 Petrus,
1237 2137 1499 2183 apponatur,

44 2183 180 2225 Beate
203 2185 333 2227 Petrc
355 2194 397 2228 et
420 2188 573 2231 Paule.

99 2258 151 2298 R.
178 2258 233 2299 D.
269 2261 743 2306 Gadicensis—-Placet
782 2267 977 2309 doctrina
1015 2277 1058 2311 et
1093 2270 1303 2322 CanonOS,
1347 2275 1422 2316 sed
1455 2278 1497 2318 in

41 2330 172 2372 titulo
210 2334 307 2374 vult
340 2342 390 2375 ut
421 2335 622 2383 addatur,
655 2338 934 2382 sacrosancta
970 2343 1169 2398 Synodus
1205 2347 1496 2391 universalem

40 2401 280 2446 Ecclesiam
303 2416 620 2462 representans.

97 2474 151 2516 R.
179 2475 236 2516 D.
261 2479 490 2521 Auriensis
522 2481 643 2524 dedit
679 2484 937 2527 Schedulam
969 2490 1129 2531 tenoris
1158 2494 1391 2547 sequentis,
1416 2495 1494 2537 vlt.

41 2545 140 2587 Non
176 2549 320 2604 placet
356 2552 473 2607 quod
510 2553 756 2605 definiatur,
795 2560 1030 2614 Apostolos
1071 2562 1159 2602 illis
1198 2564 1356 2611 verbis,
1394 2566 1493 2608 Hoc

39 2617 165 2661 facite
186 2621 228 2662 in
250 2637 389 2664 meam
408 2631 872 2677 commemorationem,
888 2633 1111 2675 institutos
1127 2650 1219 2676 esse
1236 2638 1490 2687 sacerdotes,

39 2689 169 2733 donec
199 2694 408 2737 Patribus
442 2707 730 2755 proponatur,
769 2709 812 2743 ct
844 2719 922 2759 per
952 2705 1197 2763 Theologos
1230 2708 1489 2766 disputetur.

39 2762 276 2808 Auriensis.

600 2863 607 2881 ¹
636 2864 835 2903 Conservam,
856 2868 924 2897 MS.
