1905 3254
671 295 779 325 sEss.
806 296 900 325 vm.
1430 282 1507 330 611

61 399 280 441 videretur
312 400 521 449 intulisse,
544 400 817 457 dicebatque,
843 417 893 442 ea
913 401 966 442 de
989 416 1047 449 re,
1070 418 1113 442 se
1142 416 1272 458 quam
1301 402 1513 457 plurimos

56 473 100 513 in
135 473 395 530 Theologia,
433 481 476 514 et
511 475 540 515 J
544 489 621 515 ure
656 475 883 515 Pontificio
916 476 1091 530 peritos,
1129 476 1405 523 consuluisse,
1435 477 1512 530 qui

52 546 315 602 judicarant¹
348 546 577 588 honestum
614 547 659 587 id
691 547 842 595 videri,
879 563 933 588 ne
972 550 1206 602 posteritas
1246 548 1392 589 credat
1430 548 1510 590 1100

58 619 302 660 Concilium
324 635 405 661 sua
424 620 631 661 libertate
661 621 862 661 caruisse.
926 621 1050 661 Idem
1073 622 1204 662 etiam
1227 629 1269 662 et
1303 621 1453 662 Caesar
1487 637 1511 662 a

56 690 338 732 Beatitudine
371 706 451 732 sua
479 691 765 747 efflagitabat.
829 692 914 732 Sed
949 707 1043 732 cum
1082 692 1328 733 Cardinalis
1364 693 1509 733 Moro—

54 767 150 805 11115ἱῐ
353 764 573 819 profectus
595 771 660 805 est
676 765 898 820 persuasit
921 764 1101 812 Caesari,
1119 766 1281 806 frustra
1297 765 1377 806 hac
1391 766 1443 806 (le
1465 780 1510 806 re

55 837 178 878 aliud
197 834 537 878 declarandum?
571 836 739 878 Verum
760 852 805 878 re
825 838 919 893 ipsa
939 837 1134 894 Legatos
1155 838 1200 878 id
1221 838 1508 894 praestituros,

56 916 107 950 ut
124 908 332 949 Oratores
351 915 394 949 et
411 908 591 949 Praelati
608 924 754 949 omnes
771 909 1020 964 intelligant
1042 924 1190 950 eorum
1208 909 1440 964 petitiones
1457 909 1510 950 ad

57 981 277 1037 Synodum
296 995 388 1022 esse
402 981 664 1029 referendas,
679 996 812 1037 seque
828 982 880 1021 iis
894 996 978 1021 non
992 981 1232 1022 defuturos.
1258 982 1404 1022 Caesar
1417 982 1510 1022 Mo-

57 1055 148 1095 roni
188 1054 365 1095 consilio
398 1055 646 1109 acquiescit.
712 1053 797 1094 Sed
818 1054 991 1094 interim
1016 1053 1112 1094 Rex
1136 1053 1371 1109 Philippus
1392 1055 1511 1109 apud

56 1127 339 1168 Sanctitatem
360 1142 481 1167 suam
501 1142 660 1183 urgere
682 1141 766 1167 non
789 1127 960 1174 desinit,
976 1126 1109 1166 donec
1123 1127 1247 1181 Papa
1262 1126 1302 1166 01
1320 1141 1398 1179 per
1418 1126 1510 1167 lite—

54 1215 124 1241 ras
154 1202 318 1255 recepit
341 1200 675 1241 declarationem
697 1199 806 1240 hanc
836 1214 861 1239 a
882 1199 1066 1255 Legatis
1087 1198 1176 1238 suis
1197 1198 1357 1239 factam
1380 1198 1444 1245 iri,
1468 1205 1511 1239 et

53 1272 237 1328 Legatis
270 1273 458 1327 scripsit,
495 1272 693 1328 repetitis
733 1272 939 1326 pluribus
981 1285 1116 1325 super
1156 1269 1235 1310 hac
1274 1285 1319 1310 re
1360 1271 1510 1310 literis.

56 1343 171 1384 Cum
200 1344 338 1400 igitur
374 1343 610 1384 accederct⁴
648 1343 778 1384 sessio
811 1343 1011 1397 proxima
1051 1341 1323 1389 celebranda,
1362 1341 1508 1382 statim

53 1425 207 1459 nactus
227 1418 489 1459 occasionem
512 1418 605 1472 ejus
628 1417 790 1457 Orator
812 1416 925 1471 petit
948 1430 971 1455 a
1000 1415 1196 1470 chatis,
1218 1421 1267 1455 ut
1289 1415 1508 1455 decretum

53 1497 297 1546 proponant
318 1490 594 1545 promissum,
619 1489 815 1544 alioquin
838 1504 882 1529 50
907 1489 1172 1529 abstiturum
1195 1504 1291 1529 cum
1310 1488 1511 1529 Praelatis

53 1565 143 1605 suis
166 1563 370 1604 Sessioni.
434 1563 595 1619 Legati
618 1563 804 1618 cupiunt
827 1577 994 1603 omnem
1014 1563 1221 1603 Sessionis
1237 1563 1291 1603 ab
1309 1563 1510 1604 omnibus

53 1638 257 1694 expetitae
281 1637 544 1677 occasionem
569 1642 783 1677 avertere.
846 1635 1012 1676 Verum
1036 1635 1080 1675 id
1101 1636 1225 1676 nulla
1240 1636 1326 1676 alia
1342 1637 1509 1677 ratione

53 1715 234 1765 possunt
255 1708 464 1755 obtinere,
498 1708 578 1748 11151
611 1708 785 1762 privata
814 1706 1030 1751 schedula,
1067 1721 1211 1747 eorum
1242 1722 1372 1747 manu
1407 1709 1508 1748 sub-

53 1783 230 1838 scripta,
252 1782 292 1823 ei
314 1781 605 1837 polliceantur
626 1780 671 1821 id
693 1781 833 1835 primo
857 1795 1029 1835 quoquc
1052 1786 1243 1835 tempore
1262 1780 1424 1821 factum
1443 1781 1509 1829 iri,

52 1856 133 1896 nisi
156 1855 283 1896 alitor
304 1854 401 1895 Rex
425 1853 663 1909 Philippus
684 1868 737 1893 ex
769 1852 989 1908 Hispania
1021 1853 1082 1892 eis
1114 1853 1354 1908 significet3
1389 1854 1509 1908 quia⁵

53 1941 138 1968 non
154 1926 357 1968 diffidunt
378 1941 639 1982 persuasum
660 1926 711 1966 iri
733 1925 896 1966 frustra
916 1924 1024 1965 hanc
1042 1940 1132 1965 rem
1147 1925 1318 1971 tentari,
1334 1925 1508 1979 quando

53 1998 139 2054 ipsi
159 1998 350 2039 libenter
371 2012 422 2037 ea
443 1997 586 2037 onmia
607 1997 876 2052 proposituri
897 1997 994 2041 sint,
1014 2011 1113 2052 quae
1132 1996 1187 2036 ab
1209 1997 1302 2052 ejus
1326 1996 1509 2037 Oratore

54 2077 99 2112 et
121 2070 320 2111 Praelatis
341 2069 693 2124 postulabantur.
756 2068 915 2123 Lapsis
946 2068 1121 2109 duobus
1155 2068 1389 2116 mensibus,
1411 2083 1508 2124 per-

55 2150 243 2199 actaque
284 2147 373 2198 jam
416 2143 628 2189 Sessione,
678 2141 875 2182 rescribit
916 2141 1013 2181 Rex
1056 2141 1232 2181 Oratori
1284 2148 1334 2181 ut
1389 2150 1511 2183 curet

53 2216 226 2258 omnino
260 2215 483 2257 decretum
517 2214 630 2255 illud
664 2230 689 2255 a
719 2215 907 2270 Legatis
939 2215 1137 2269 proponi,
1172 2214 1394 2269 mittitque
1429 2215 1510 2255 for-

54 2290 233 2339 mulam,
251 2304 383 2346 quam
407 2289 529 2345 cupit
551 2303 575 2329 a
595 2288 780 2343 Legatis
815 2287 896 2328 edi.
961 2287 1011 2328 In
1037 2303 1089 2328 oa
1112 2287 1199 2327 duo
1233 2288 1508 2328 contineban-

54 2371 139 2411 tur,
162 2363 245 2403 viz.
269 2368 318 2403 ut
338 2362 527 2402 liberum
552 2368 664 2402 esset
685 2361 816 2401 etiam
841 2360 1042 2401 Praelatis
1063 2359 1277 2406 omnibus,
1294 2366 1338 2399 et
1359 2374 1507 2400 eorum

55 2435 352 2491 Principibus,
376 2436 649 2489 proponere.⁶
712 2433 871 2490 Legati
912 2431 1188 2487 respondent,
1228 2432 1348 2472 nullo
1384 2439 1510 2488 pacto

98 2553 105 2571 ¹
130 2546 196 2577 'rhe
213 2545 404 2577 contraction
418 2544 581 2575 resembles
597 2542 754 2576 iudefant.

97 2597 110 2615 ²
134 2601 163 2629 A
178 2609 269 2640 space
284 2599 310 2630 is
322 2598 380 2629 lest
394 2599 473 2629 here.

96 2652 110 2670 ³
133 2652 198 2682 The
213 2651 337 2690 writing
353 2651 378 2682 is
396 2651 478 2682 decl.
495 2651 584 2682 eden.

98 2705 111 2722 ⁴
136 2703 267 2734 Adduci
282 2707 322 2741 et,
339 2702 409 2733 MS.
456 2703 523 2734 The
537 2701 727 2733 substituted
742 2701 826 2732 word
843 2700 867 2730 is
884 2701 978 2731 better
993 2701 1066 2731 than
1084 2711 1242 2731 nonsense.

102 2756 115 2775 ⁶
137 2757 229 2792 Quae,
248 2755 316 2786 MS.

101 2809 114 2827 ⁶
139 2809 329 2849 Praeponere,
346 2809 418 2838 MS.

1160 2863 1285 2902 ‘21³2
