1905 3254
691 349 799 379 sEss.
828 349 884 379 vi.
1440 332 1518 373 187

64 482 137 530 De
162 482 451 529 Necessitate
478 481 707 529 Sacrificii
734 482 915 539 Missae‚
943 491 989 529 et
1025 483 1152 546 quod
1179 481 1326 530 Cruci
1362 481 1522 529 Sacri—

393 565 554 612 ficium
581 582 675 611 non
702 565 908 628 deroget.
983 564 1099 629 Cap.
1127 568 1201 612 2¹¹¹.

118 677 182 718 Et
212 677 410 733 quamvis
442 676 567 716 unica
595 676 669 716 illa
702 675 856 717 Crucis
889 676 1043 726 hostia,
1082 679 1135 732 (si
1157 681 1253 733 ejus
1276 678 1363 718 vim
1387 684 1522 733 atquc

62 749 273 790 virtutem
306 747 661 801 consideremuS,)
702 748 836 789 totius
872 749 1024 789 mundi
1065 756 1244 805 peccata
1277 749 1492 791 deleverit
1511 766 1521 799 3

61 823 165 878 quia
185 829 331 863 tamen
352 836 478 863 nemo
500 836 695 877 unquam
723 828 882 877 potest,
905 822 968 863 ita
995 821 1148 863 divina
1168 823 1266 879 lege
1286 828 1525 873 statuente,

58 896 197 951 ipsius
218 895 452 937 oblationis
474 895 677 942 fructum,
695 895 1008 944 remissionem,
1031 895 1204 943 scilicet,
1228 902 1521 952 peecatorum,

59 975 102 1010 et
122 968 308 1010 salutem
330 969 574 1025 percipere,
596 968 678 1008 nisi
700 983 796 1009 cuin
831 969 925 1017 sibi,
960 968 1030 1010 vel
1063 983 1116 1010 ex
1152 975 1520 1010 sacramentorum

59 1043 126 1084 vel
168 1042 472 1084 sacrificiorum
514 1042 679 1083 ratione
722 1043 1010 1098 applicaverit
1031 1059 1042 1093 3
1093 1042 1191 1083 ideo
1231 1043 1522 1084 necessarium

56 1118 188 1160 fuisse
223 1117 450 1159 dicendum
488 1125 565 1167 est,
605 1119 799 1160 salutare
828 1118 905 1159 hoe
937 1118 1230 1160 Eucharistiae
1263 1117 1518 1159 sacrificium

56 1193 181 1234 nobis
204 1206 229 1233 a
245 1192 346 1233 Dno
365 1192 567 1248 relinqui,
589 1199 639 1234 ut
656 1208 707 1235 eo
722 1193 831 1249 ipso,
853 1199 1014 1249 praeter
1031 1193 1203 1249 reliqua
1222 1192 1521 1240 Sacramenta,

56 1266 262 1307 meritum
296 1267 510 1322 passionis
543 1271 650 1323 ejus,
681 1282 765 1308 non
793 1267 868 1308 uni
894 1273 974 1308 aut
995 1267 1123 1307 alteri
1145 1272 1317 1307 tantum
1339 1265 1517 1314 homini,

57 1340 133 1382 sed
155 1340 367 1382 universae
390 1341 520 1382 etiam
543 1341 752 1382 Ecclesiae
784 1340 1033 1396 prodesset3
1071 1346 1222 1395 atque,
1257 1346 1321 1388 ut,
1351 1340 1395 1379 in
1424 1339 1520 1395 ipsa

55 1413 369 1469 perfectissima
409 1413 496 1455 Xti
531 1412 647 1469 lege,
682 1413 870 1462 visibile,
905 1419 1227 1469 externumque
1261 1411 1517 1453 sacrificium

54 1486 338 1535 inveniretur,
381 1502 466 1542 quo
499 1485 606 1528 fides
643 1486 730 1528 Dei
767 1501 895 1543 opem
937 1493 980 1528 et
1016 1487 1230 1527 auxilium
1270 1485 1518 1541 implorare,

56 1565 189 1615 atquc
211 1559 268 1600 ab
290 1573 339 1600 eo
360 1559 608 1614 impetrare,
630 1566 820 1614 possent.
882 1560 1013 1607 Nam,
1043 1559 1078 1600 si
1112 1564 1211 1599 ante
1246 1556 1413 1598 Christi
1447 1557 1520 1598 ad-

56 1638 235 1673 ventum
258 1646 336 1687 per
358 1646 410 1672 ea
430 1633 650 1680 sacrificia,
675 1648 773 1688 quae
798 1633 995 1673 futuram
1025 1631 1372 1686 redemptionem
1405 1645 1518 1685 prae-

54 1705 301 1762 signabant,
335 1705 532 1753 Patrum,
568 1708 647 1762 qui
679 1722 758 1761 per
788 1707 918 1747 fidem
942 1708 986 1746 in
1007 1707 1153 1761 ipsum
1176 1705 1517 1760 Redemptorem

54 1778 321 1825 ferebantur,
354 1792 456 1833 spes
489 1779 780 1828 excitabatur,
814 1795 905 1835 qua
926 1779 1102 1834 quidem
1126 1779 1257 1819 erecti
1278 1778 1517 1820 utilitatem

54 1851 265 1907 passionis
293 1852 400 1906 ejus,
436 1851 559 1892 velut
590 1866 685 1892 eam
708 1852 791 1892 sibi
813 1852 897 1907 ipsi
920 1851 1087 1892 vellent
1109 1850 1414 1906 praeveniendo
1437 1866 1513 1907 ap-

53 1925 228 1981 plicare,
261 1926 305 1966 in
338 1940 381 1966 se
414 1925 640 1967 traducere
674 1933 938 1982 potuerunt;
982 1927 1122 1967 multo
1164 1926 1341 1982 quidem
1375 1928 1517 1984 inagis

53 1998 213 2047 decuit,
250 1998 329 2039 hoc
363 1998 506 2040 missae
543 2000 811 2048 sacrificium,
848 1999 969 2056 quod
993 2003 1089 2039 non¹
1122 1999 1404 2050 offerendum,
1439 2001 1515 2043 sed

54 2071 252 2113 oblatum
284 2072 327 2112 in
357 2087 480 2113 cruce
503 2072 655 2113 Dnum
680 2074 911 2129 significat,
935 2080 1069 2129 atque
1091 2073 1417 2129 comprehendit
1439 2075 1513 2116 be-

53 2146 251 2187 neficium
284 2146 435 2187 mortis
467 2147 574 2202 ejus,
614 2146 876 2188 Christianis
915 2147 1116 2188 omnibus
1150 2148 1334 2188 conferri
1372 2163 1512 2204 posse.

53 2217 223 2260 Eadem
255 2220 416 2260 etenim
453 2218 608 2267 hostia,
648 2219 763 2261 idem
806 2221 901 2277 ipse
937 2220 1155 2267 Christus,
1193 2222 1270 2276 qui
1310 2222 1353 2261 in
1389 2237 1513 2263 eruce

55 2295 245 2350 seipsum
268 2295 429 2336 obtulit
450 2294 493 2334 in
514 2293 593 2335 hoc
616 2295 820 2336 sacrificio
838 2295 958 2337 Patri
980 2295 1162 2336 offertur
1182 2301 1226 2336 ct
1247 2295 1515 2346 immolatur,

20 2417 31 2424 ,
55 2365 142 2408 sola
171 2374 318 2408 tamen
349 2367 519 2409 diversa
550 2367 757 2409 offerendi
789 2368 977 2418 ratione3
1015 2383 1115 2409 nam
1142 2368 1222 2409 etsi
1245 2383 1346 2408 vere
1370 2369 1513 2425 Apos-

55 2437 169 2490 tolus
189 2437 312 2488 dixit,
334 2439 483 2480 Dnum
509 2440 637 2481 unica
657 2440 878 2481 oblatione
901 2454 1218 2481 consummasse
1241 2439 1284 2479 in
1302 2445 1512 2481 aeternum

55 2512 340 2554 sanctificatos
356 2516 382 2562 3²
415 2528 466 2554 ea
487 2520 633 2555 tamen
656 2514 835 2563 oblatio,
860 2514 1087 2570 sanguinis
1108 2513 1316 2554 effusione
1336 2520 1516 2569 peracta

56 2591 134 2633 est,
154 2584 245 2626 haec
268 2601 369 2627 vero
393 2585 554 2628 Hostia
585 2587 811 2629 incruento
833 2587 963 2628 modo
986 2587 1173 2643 singulis
1194 2587 1349 2628 diebus
1371 2603 1512 2630 conse-

55 2663 212 2707 cratur,
243 2658 427 2700 offertur
459 2666 503 2701 et
526 2661 727 2709 sumitur,
761 2667 810 2701 ut
837 2667 1026 2701 cruentae
1049 2660 1169 2701 illius
1190 2661 1400 2702 memoria
1419 2662 1512 2713 fiat,

55 2737 99 2772 et
120 2732 340 2789 particeps
362 2734 664 2790 unusquisque
696 2734 804 2775 effici
831 2734 989 2782 valeat,
1014 2734 1184 2790 praemii
1209 2740 1253 2775 et
1284 2735 1509 2777 fructuum

100 2831 108 2849 ¹
134 2836 170 2865 In
208 2837 276 2867 MS.

95 2884 108 2902 ²
131 2860 340 2925 Sacrificatos,
360 2889 431 2919 MS.
481 2888 542 2918 But
560 2889 573 2918 1
590 2899 721 2929 suppose
736 2899 754 2919 a
769 2889 933 2930 quotation
949 2895 1012 2919 wao
1026 2887 1184 2918 intended.
