1905 3254
370 268 453 307 220
998 283 1108 314 sess.
1135 284 1193 312 vt.

372 399 471 432 ante
505 406 581 446 per
608 391 755 431 literas
780 406 804 430 a
826 390 1011 446 Legatis
1034 405 1130 430 cum
1154 390 1331 430 Sanctmo
1354 388 1448 428 Nro
1472 388 1615 428 fuerat
1638 402 1826 428 commu-

370 465 572 513 nicatum,
598 466 674 520 qui
698 463 885 504 Caesaris
909 463 1164 520 petitionem
1187 462 1333 517 potius
1356 461 1721 516 amplectebatur,
1750 477 1821 501 ne-

369 536 474 576 dum
499 536 763 577 abhorrebat
782 552 789 576 ;
813 536 958 591 palam
982 542 1126 576 tamen
1149 535 1193 574 in
1216 541 1362 590 partes
1384 533 1659 582 descendere,
1683 533 1783 574 licet
1804 549 1829 575 a

373 609 548 650 Caesare
575 608 742 664 pridem
776 623 893 663 saepe
928 614 1122 664 rogatus,
1147 613 1443 653 recusaverat,
1467 620 1649 661 remque
1673 605 1727 646 ad
1752 606 1829 662 Sy-

369 680 531 721 nodum
561 686 784 736 reJecerat,
821 681 996 721 monitis
1028 680 1224 735 Legatis,
1263 686 1312 720 ut
1348 678 1467 734 quod
1495 694 1574 735 par
1598 685 1691 719 erat
1713 679 1758 720 in
1780 693 1828 719 eo

373 753 497 794 Sedis
539 754 712 809 Aplicae
754 754 863 795 ratio
904 753 1159 795 haberetur.
1222 751 1427 801 Auditor,
1466 766 1519 792 ex
1559 752 1829 807 Legatorum

373 827 601 874 sententia,
622 826 796 867 decreta
818 827 905 867 duo
928 826 1171 867 conscribit.

496 916 700 963 Decreta
724 918 819 963 duo
843 917 901 962 de
929 917 1031 962 Usu
1060 915 1235 962 Calicis
1260 916 1578 962 concedendo.
1651 915 1727 961 fol.

430 997 588 1037 Postea
609 997 784 1052 Legati,
807 1003 979 1037 mutato
1002 997 1191 1044 consilio,
1215 1011 1312 1036 cum
1336 997 1441 1036 Pres
1463 1010 1547 1035 non
1570 996 1694 1036 facile
1715 995 1830 1037 hisee

372 1069 587 1109 assensuri
638 1067 1087 1123 deprehenderentur,
1140 1068 1232 1109 haee
1284 1068 1457 1109 decreta
1507 1083 1590 1108 non
1642 1069 1832 1124 amplius

372 1140 538 1181 edenda
567 1147 850 1189 censuerunt3
883 1140 958 1181 sed
991 1148 1244 1181 consuetum
1276 1155 1437 1180 morem
1470 1140 1759 1189 retinendum,
1783 1149 1832 1182 ut

372 1214 556 1255 materia
593 1214 685 1254 haec
726 1215 769 1254 in
813 1214 979 1269 aliquot
1024 1214 1230 1255 articulos
1263 1213 1481 1262 distincta,
1519 1229 1597 1269 per
1629 1222 1830 1256 neutram

374 1293 544 1341 partem
582 1285 830 1335 affirmaret,
872 1287 947 1340 [et]
980 1286 1066 1325 illis
1097 1285 1384 1325 examinanda
1414 1293 1696 1341 proponatur.
1761 1288 1830 1328 In-

373 1359 499 1398 terim
535 1358 662 1405 0111111,
696 1373 792 1398 011111
827 1358 1060 1413 Archepus
1093 1358 1329 1413 Pragensis
1362 1373 1504 1413 nuper
1533 1358 1587 1398 ad
1611 1359 1831 1401 Caesarem

373 1432 593 1486 profectus
623 1430 707 1471 huc
740 1446 939 1471 recursus
971 1439 1096 1479 esset,
1121 1431 1457 1486 recentibusque
1493 1432 1679 1473 Caesaris
1712 1449 1831 1474 man-

372 1505 487 1545 datis
504 1505 844 1545 communionem
862 1504 971 1545 hanc
989 1505 1072 1544 sub
1090 1512 1280 1559 utraque
1298 1505 1440 1559 specie
1455 1513 1643 1560 urgeret.
1662 1505 1831 1562 hocque

376 1577 543 1617 Caesari
564 1577 647 1631 ipsi
669 1577 855 1616 maxime
878 1577 995 1617 cordi
1018 1592 1108 1617 esse
1132 1576 1393 1625 ostenderet,
1420 1577 1542 1617 Galli
1564 1579 1696 1618 etiam
1720 1578 1833 1619 Ores

372 1649 426 1689 de
468 1649 754 1689 Praelatorum
797 1664 973 1688 suorum
1018 1648 1102 1688 huc
1139 1648 1332 1689 adventu
1367 1649 1568 1690 certiores
1604 1649 1723 1697 facti,
1766 1651 1830 1690 in-

372 1722 497 1762 terim
520 1736 544 1761 a
565 1721 850 1776 dogmatibus
872 1721 1264 1776 supersedendum,
1292 1729 1425 1776 atque
1443 1721 1496 1762 de
1512 1722 1831 1771 reformatione,

373 1811 420 1836 ae
444 1810 525 1835 usu
549 1795 694 1835 calicis
717 1794 937 1850 agendum
969 1794 1223 1835 suaderunt.
1288 1795 1448 1850 Legati
1481 1795 1592 1844 ideo,
1629 1797 1834 1837 articulos

373 1869 494 1916 duos,
520 1867 703 1923 adjectis
727 1868 855 1909 variis
885 1867 1219 1916 conditionibus,
1254 1868 1451 1923 componi
1482 1868 1707 1917 mandant,
1742 1884 1831 1910 eos-

374 1957 473 1997 que,
517 1942 889 1982 consentientibus
943 1941 1110 1981 Oribus
1156 1941 1232 1995 [et]
1280 1941 1506 1988 Patribus,
1551 1943 1833 1983 excutiendos

373 2015 523 2056 edunt.

377 2132 641 2195 Propositio
682 2130 970 2193 Legatoruni
1014 2130 1062 2175 in
1098 2128 1293 2191 Cong¹¹⁹.
1322 2129 1469 2176 Gnali
1513 2130 1603 2177 Die
1637 2134 1698 2178 22
1733 2132 1832 2178 Au-

954 2208 1079 2270 gusti
1111 2209 1249 2254 1562.

430 2290 567 2330 Revmi
601 2292 718 2338 Pres,
753 2291 923 2331 articuli
955 2290 1043 2330 duo
1078 2290 1131 2331 de
1167 2290 1484 2331 Communione
1522 2291 1605 2331 sub
1641 2298 1831 2346 utraque

373 2363 526 2417 specie,
559 2362 635 2417 qui
667 2377 750 2403 non
778 2362 953 2403 fuerant
976 2363 1145 2403 excussi
1167 2362 1211 2402 in
1235 2361 1494 2417 praecedenti
1517 2363 1719 2410 sessione,
1755 2362 1833 2403 sed

373 2435 592 2482 reservati,
628 2441 678 2474 ut
710 2441 863 2490 postea
899 2435 1267 2483 examinarentur,
1299 2450 1412 2475 nunc
1444 2434 1832 2475 Dominationibus

373 2507 526 2548 vestris
548 2514 868 2562 proponuntur,
892 2507 975 2547 sub
998 2507 1276 2562 infrascripta
1304 2507 1452 2554 forma,
1486 2506 1667 2562 adjectis
1700 2508 1831 2548 etiam

373 2578 589 2619 nonnullis
620 2578 952 2626 conditionibus,
992 2593 1102 2633 quas
1131 2579 1426 2619 Paternitates
1457 2585 1609 2620 vestrae
1641 2593 1720 2619 suo
1742 2593 1831 2619 ma-

374 2660 470 2692 turo
488 2651 654 2707 judicio
675 2651 948 2707 perpendere
973 2658 1203 2707 poterunt;
1228 2651 1347 2707 quod
1370 2652 1529 2692 factum
1552 2659 1628 2699 est,
1653 2651 1831 2707 majoris

374 2723 673 2765 declarationis
710 2739 853 2771 causa,
897 2731 939 2764 et
976 2731 1024 2764 ut
1057 2723 1321 2764 commodius
1361 2739 1494 2779 super
1528 2724 1595 2764 his
1617 2724 1829 2764 Domina-

377 2797 515 2838 tiones
538 2805 691 2838 vestrae
712 2798 954 2838 deliberare
978 2797 1157 2852 possint.

1902 1536 1905 1559 ,Α
1894 1323 1905 1518 -Α-τχ-ᾼ-ν-Α-Α-
1895 1149 1903 1317 —-—-—-
1897 1097 1902 1140 ·--
1898 1044 1905 1089 -Q
1899 1029 1903 1037 ν
1900 925 1904 985 mm»
