1905 3254
374 252 429 292 24
1021 259 1131 288 91395-
1157 259 1184 288 J.

377 387 485 428 copo
503 368 760 415 Mutinensi,
783 365 893 422 [qui]
919 364 1055 404 nobili
1072 364 1361 404 Foscanorum
1385 363 1553 404 familia
1569 363 1829 404 Bononiensi

373 450 508 491 ortus,
535 457 581 482 ac
604 439 764 481 ordinis
776 436 1067 483 Dominicani,
1086 434 1293 483 doctrina,
1317 434 1554 490 probitate,
1577 433 1829 489 prudentia-

374 531 461 572 que
493 521 588 556 erat
607 510 955 567 incomparabili,
979 516 1023 550 et
1046 508 1237 549 Antonio
1266 506 1537 562 Augustino,
1560 506 1661 546 olim
1687 505 1828 546 Audi-

371 590 456 630 tori
488 588 630 635 Rotae,
651 601 766 626 nunc
802 584 1025 639 Episcopo
1062 581 1290 629 Ilerdensi,
1327 586 1533 635 spectatae
1570 578 1828 620 eruditionis

372 662 478 710 viro,
502 668 546 702 et
569 660 790 716 Episcopo
818 656 1053 698 Thelesino
1077 654 1316 695 Secretario
1342 653 1527 693 Concilii
1545 652 1590 692 in
1611 651 1677 692 his
1699 651 1827 692 valde

371 741 559 782 versato,
583 740 634 774 ut
665 731 829 773 decreti
851 730 985 770 verba
1009 728 1063 768 ad
1084 727 1264 767 formam
1296 726 1525 766 literarum
1561 724 1825 765 Sanctissimi

371 807 430 849 D.
465 805 797 851 accommodent,
835 804 899 844 ita
940 809 990 843 ut
1030 817 1106 842 nee
1149 800 1334 841 Concilii
1370 814 1484 839 nova
1524 797 1714 845 indictio,
1749 812 1826 838 nee

371 881 503 922 etiam
526 878 794 921 continuatio
816 876 963 918 verbis
986 875 1150 930 apertis
1172 873 1435 928 explicetur.

430 953 590 993 Secuta
612 957 676 992 est
697 950 789 990 dies
809 948 915 989 XV.
940 946 1158 993 Januarii,
1181 960 1294 1000 quae,
1324 959 1422 984 cum
1444 945 1627 984 Patrum
1650 957 1825 999 congre-

370 1025 625 1081 gationibus
646 1023 819 1063 initium
843 1019 979 1067 dedit,
1002 1034 1087 1059 non
1112 1019 1167 1058 ab
1184 1032 1229 1058 re
1247 1017 1423 1057 videtur
1437 1017 1613 1057 illarum
1628 1016 1821 1057 ordinem

367 1097 510 1138 fusius
531 1109 769 1138 recensere.
824 1093 927 1140 Hae,
950 1099 1000 1132 ut
1021 1091 1278 1147 plurimum,
1297 1095 1475 1130 secretae
1498 1094 1634 1137 erant,
1659 1103 1705 1128 ac
1728 1088 1822 1128 uni-

369 1170 555 1211 vei-sales
590 1176 769 1225 patrum
812 1166 1033 1214 omnium3
1082 1164 1180 1204 aliae
1217 1162 1487 1203 universales
1528 1169 1572 1202 et
1603 1161 1793 1217 publicae
1811 1177 1822 1211 3

369 1242 467 1282 aliae
489 1241 778 1297 particulares
810 1245 853 1279 et
884 1238 1085 1293 privatae.
1149 1236 1280 1275 Nunc
1302 1234 1533 1275 dicendum
1565 1233 1618 1274 de
1651 1234 1822 1274 univer-

368 1314 535 1354 salibus
557 1313 745 1360 secretis,
769 1326 867 1367 quae
889 1310 1208 1365 frequentiores
1230 1315 1367 1355 erant,
1392 1306 1510 1363 quod
1538 1321 1591 1348 ex
1612 1307 1664 1347 iis
1694 1306 1822 1348 facile

367 1392 410 1428 et
441 1386 624 1442 reliquae
657 1384 979 1440 dignoscentur.
1042 1381 1133 1423 Ubi
1165 1380 1332 1436 aliquid
1362 1381 1406 1420 in
1441 1379 1612 1435 Synodo
1648 1379 1701 1420 de.
1731 1394 1822 1420 sen-

366 1458 506 1499 tentia
539 1458 722 1498 Patrum
755 1462 849 1496 erat
881 1453 1229 1501 deliberandum,
1267 1454 1356 1493 sive
1393 1452 1448 1492 ad
1479 1452 1697 1508 dogmata,
1731 1451 1821 1492 sive

369 1530 424 1571 ad
463 1545 602 1570 mores
642 1529 894 1585 pertineret,
935 1542 1012 1567 seu
1057 1525 1112 1566 ad
1150 1524 1423 1566 indicandam
1465 1532 1543 1565 aut
1584 1539 1820 1580 prorogan-

365 1604 467 1644 dam
507 1603 621 1644 diem
664 1601 855 1649 sessioni,
890 1616 967 1641 seu
1009 1599 1062 1640 de
1103 1598 1370 1654 excipiendis
1410 1599 1657 1639 oratoribus
1698 1599 1821 1638 Prin-

364 1675 511 1730 cipum
549 1680 773 1730 ageretur,
808 1671 1064 1727 legendisve
1105 1671 1245 1711 literis
1287 1671 1341 1711 ad
1381 1670 1593 1726 synodum
1633 1671 1819 1725 scriptis,

366 1754 443 1789 aut
468 1748 554 1788 alia
575 1747 628 1787 de
661 1761 718 1794 re,
743 1760 841 1801 quae
865 1745 947 1785 toti
979 1743 1152 1800 Synodo
1186 1750 1299 1784 esset
1331 1742 1626 1798 significanda,
1649 1744 1820 1784 univer-

363 1823 465 1863 salis
497 1828 599 1862 tunc
631 1820 927 1877 Congregatio
968 1820 1151 1860 Patrum
1182 1817 1261 1859 hoc
1294 1817 1440 1858 ordine
1485 1818 1818 1859 convocabatur.

363 1896 560 1936 Primum
615 1894 727 1934 enim
777 1893 1052 1934 indicebatur
1094 1907 1119 1931 a
1169 1905 1341 1931 cursore
1391 1891 1576 1946 singulis
1617 1891 1818 1946 patribus

363 1976 540 2024 tempus
575 1975 756 2015 certum,
779 1982 864 2023 quo
903 1965 1200 2022 Congregatio
1236 1970 1348 2004 esset
1379 1964 1631 2005 inchoanda.
1707 1964 1820 2004 Haec

363 2041 574 2096 principio
605 2039 783 2095 quidem
815 2039 968 2094 paucis
1001 2037 1143 2078 adhuc
1176 2036 1378 2077 Tridenti
1400 2037 1610 2077 Patribus
1639 2036 1682 2076 in
1716 2035 1818 2076 aedi-

363 2114 448 2154 bus
469 2113 705 2154 Mantuani
726 2113 993 2169 cogebatur,
1026 2117 1179 2166 postea
1200 2111 1244 2150 in
1268 2111 1437 2151 Sanctae
1456 2110 1613 2150 Mariae
1636 2109 1819 2165 Majoris

362 2187 528 2243 templo
551 2202 644 2227 eam
666 2186 819 2226 haberi
840 2201 930 2226 mos
952 2185 1050 2225 fuit.
1112 2185 1254 2224 Erant
1284 2182 1350 2223 liic
1376 2183 1587 2238 disposita
1609 2183 1818 2223 subsellia

362 2262 406 2301 in
431 2260 590 2301 theatri
613 2260 813 2316 speciem,
839 2273 936 2314 quae
959 2259 1042 2299 ‘250
1064 2258 1179 2298 viros
1211 2257 1312 2312 plus
1343 2257 1462 2297 minu
1488 2257 1728 2297 scommode
1751 2271 1816 2297 ca-

362 2343 530 2392 perent,
554 2334 709 2390 spatiis
731 2334 862 2374 etiam
896 2332 1100 2387 pluribus
1122 2331 1177 2371 ab
1200 2337 1388 2386 utroque
1411 2346 1543 2371 cornu
1566 2331 1738 2378 relictis,
1762 2330 1818 2370 ad

361 2406 666 2463 excipiendum
708 2405 753 2444 in
795 2404 988 2460 publicis
1027 2403 1441 2458 congregationibus
1473 2403 1815 2458 frequentiorem

360 2479 551 2520 turbam.
614 2476 801 2532 Legatis
826 2477 869 2516 in
893 2489 1135 2515 consessum
1168 2474 1492 2530 prodeuntibus
1524 2490 1629 2515 crux
1663 2489 1815 2530 argen-

360 2560 432 2594 tea
452 2551 655 2608 praeibat,
680 2566 779 2605 quae
801 2550 844 2589 in
859 2548 1041 2589 Theatri
1059 2548 1279 2595 umbilico,
1300 2555 1350 2588 ut
1367 2548 1568 2588 omnibus
1586 2548 1816 2603 conspicua

360 2632 486 2672 esset,
508 2623 801 2678 defigebatur.
852 2621 945 2676 Ipsi
968 2622 1012 2660 in
1035 2620 1189 2668 fronto,
1213 2620 1383 2661 sericeis
1404 2620 1531 2668 sellis,
1556 2635 1610 2660 ex
1633 2619 1814 2660 editiore

360 2698 666 2752 ornatioreque
688 2695 781 2736 loco
804 2693 957 2734 aulaeis
975 2693 1295 2740 circumstratis,
1314 2693 1614 2748 subjectisque
1638 2693 1812 2749 tapetis,

360 2770 661 2810 considebant:
694 2767 864 2808 medius
895 2767 1009 2807 inter
1041 2781 1112 2807 eos
1137 2765 1384 2806 Cardinalis
1408 2766 1708 2806 Mantuanus:
1733 2781 1812 2806 cae-
