1905 3254
392 201 477 241 414
1014 217 1126 248 sess.
1152 217 1228 247 vn.

394 337 491 378 quae
524 323 577 363 ab
607 322 674 363 his
704 322 921 372 mandata,
954 323 1138 372 decreta,
1162 330 1238 365 aut
1252 323 1449 380 judicata
1471 324 1648 373 fuerint,
1672 339 1845 381 quoquo

393 395 520 436 modo
550 396 776 452 impediat,
816 404 895 438 aut
925 397 1193 452 suspendat:
1234 412 1319 438 non
1354 398 1554 438 obstante
1588 413 1846 454 quacunque

394 470 684 525 exemptione,
708 476 786 510 aut
807 470 1059 526 privilegio.

450 541 521 582 De
554 541 732 582 Curatis
766 557 940 598 quoque
972 542 1262 591 inferioribus,
1295 558 1343 584 ac
1379 543 1471 584 aliis
1500 544 1848 600 quibuscunque,

394 613 471 668 qui
512 615 781 656 Beneficium
825 614 999 671 aliquod
1038 615 1373 657 ecclesiasticum
1417 632 1565 658 curam
1607 617 1846 659 animarum

391 686 570 737 habens,
621 688 667 729 in
704 688 902 737 titulum,
946 704 1021 730 seu
1073 689 1384 731 Commendam
1435 691 1646 740 obtinent,
1697 690 1848 732 eadem

394 760 552 800 Sancta
587 760 800 815 Synodus,
833 776 919 815 quo
955 761 1126 803 facilius
1159 777 1222 809 ea,
1256 778 1353 818 quae
1385 763 1487 804 alias
1516 763 1598 804 sub
1621 764 1692 804 fel.
1716 779 1846 805 recor.

393 832 524 872 Pauli
547 833 703 874 HLde
723 833 790 873 his
812 833 985 875 decreta
1006 841 1120 883 sunt,
1139 850 1219 891 per
1236 836 1473 877 ordinarios
1495 838 1654 893 exequi
1671 838 1846 893 possint,

392 906 633 954 constituit,
666 913 717 948 ut
749 922 1039 963 quaecumque
1065 908 1219 949 iisdem
1242 909 1472 950 ordinariis
1503 910 1772 965 providenda
1802 926 1850 952 ac

393 979 633 1021 ordinanda
672 981 764 1021 visa
803 981 965 1022 fuerint
1003 980 1214 1022 adversus
1257 982 1443 1023 Curatos
1475 998 1559 1024 non
1595 983 1845 1032 residentes,

392 1054 483 1094 sive
518 1068 596 1109 per
638 1053 919 1102 vocationem,
962 1053 1167 1101 edictum,
1211 1069 1289 1095 seu
1332 1057 1736 1111 sequestrationem,
1774 1063 1850 1098 aut

394 1126 525 1167 etiam
548 1127 839 1182 privationem
862 1127 1081 1176 Beneficii,
1105 1127 1195 1167 sive
1218 1128 1311 1168 aliis
1339 1128 1370 1168 J
1375 1129 1464 1168 uris
1494 1127 1694 1169 remediis
1720 1133 1850 1184 juxta

392 1199 652 1253 praedictum
688 1199 922 1245 decretum,
960 1214 1011 1240 ea
1045 1215 1130 1240 non
1165 1200 1488 1256 suspendantur
1526 1217 1606 1257 per
1646 1201 1848 1243 ,Iudicem

393 1272 702 1327 appellationis
736 1273 865 1313 etiam
896 1273 941 1313 in
972 1272 1167 1314 Romana
1198 1274 1331 1323 curia,
1362 1290 1439 1315 nec
1470 1283 1747 1324 revocentur,
1767 1275 1850 1317 nisi

391 1352 490 1401 post
509 1346 766 1386 sententiam
789 1361 886 1401 quae
908 1346 1128 1387 transierit
1150 1347 1193 1386 in
1214 1362 1305 1388 rem
1323 1347 1578 1403 judicatam.

450 1418 514 1459 Ut
546 1433 647 1459 vero
683 1417 773 1459 haec
810 1418 975 1473 ubique
1009 1418 1199 1459 locorum
1238 1434 1323 1459 usu
1355 1420 1536 1461 celerius
1568 1421 1848 1476 recipiantur,

391 1496 541 1531 sancta
578 1490 775 1545 Synodus
813 1505 1095 1546 quoscunque
1131 1492 1278 1548 Reges
1311 1497 1354 1532 ct
1386 1492 1624 1548 Principes,
1662 1508 1709 1533 ac
1744 1493 1848 1534 Res-

392 1564 591 1619 publicas
613 1564 815 1604 hortatur
838 1579 885 1604 ac
907 1564 1118 1611 obsecrat,
1148 1570 1357 1620 tanquam
1380 1565 1589 1606 Ecclesiae
1612 1566 1699 1606 Dei
1720 1566 1848 1608 advo-

392 1643 521 1682 catos,
566 1635 739 1676 assidue
782 1636 1028 1692 invigilare,
1071 1644 1121 1677 ut
1155 1639 1189 1678 si
1232 1653 1339 1693 quos
1381 1638 1490 1679 forte
1526 1639 1570 1679 in
1603 1639 1769 1695 Regnis
1801 1655 1848 1681 ac

390 1709 630 1750 ditionibus
662 1710 752 1750 suis
785 1710 1031 1765 Episcopos
1058 1725 1082 1751 a
1110 1710 1388 1751 Dioecesibus
1421 1712 1510 1752 suis
1540 1713 1690 1754 abesse
1718 1714 1848 1754 conti-

391 1782 518 1838 gerit,
543 1797 613 1823 eos
636 1777 961 1838 quamprimum
994 1798 1160 1823 summo
1192 1783 1392 1824 Pontifici
1422 1785 1584 1826 referre
1615 1786 1846 1836 studeant3

391 1856 470 1911 qui
491 1871 570 1911 pro
595 1855 831 1896 Catholicae
856 1855 1069 1903 Ecclesiae,
1103 1856 1173 1897 cui
1195 1864 1370 1911 praeest,
1396 1858 1599 1905 utilitate,
1617 1859 1725 1910 haec,
1748 1875 1846 1916 quae

393 1928 675 1969 Sacrosancta
699 1927 898 1984 Synodus
920 1928 1158 1976 constituit,
1192 1930 1436 1971 executioni
1457 1930 1662 1972 mandare
1685 1932 1846 1988 absque

392 2002 486 2042 ulla
506 2002 758 2057 exceptione
780 2017 860 2057 per
880 2001 1210 2043 Ecclesiasticos
1231 2004 1450 2045 ministros
1472 2005 1656 2046 curabit.

449 2075 585 2115 Porro
626 2081 717 2115 tam
758 2073 983 2115 decretum
1024 2074 1117 2124 hoc,
1153 2091 1285 2131 quam
1326 2077 1453 2125 illud,
1496 2077 1616 2133 quod
1655 2084 1845 2134 tempore

391 2146 521 2188 Pauli
555 2146 644 2187 III.
677 2146 840 2187 factum
872 2154 948 2195 est,
986 2147 1139 2188 eadem
1169 2148 1370 2204 Synodus
1398 2150 1628 2204 quotannis
1649 2166 1735 2192 non
1755 2158 1845 2192 tan-

391 2227 485 2261 tum
508 2221 551 2260 iti
575 2219 761 2275 singulis
782 2219 991 2260 Ecclesiis
1016 2220 1361 2262 Cathedralibus
1377 2221 1445 2263 die
1467 2223 1609 2278 prima
1630 2223 1661 2265 J
1665 2223 1844 2272 anuarii,

391 2293 494 2334 dum
529 2293 592 2333 ibi
625 2292 761 2333 Missa.
796 2297 934 2348 major
967 2293 1230 2342 celebratur,
1273 2294 1452 2336 mandat
1490 2296 1732 2351 publicari3
1773 2295 1845 2337 sed

391 2367 522 2407 etiam
554 2366 598 2406 in
634 2366 911 2407 Cancellaria
947 2365 1095 2407 Curiae
1130 2369 1393 2423 Apostolicae
1424 2369 1574 2410 eodem
1606 2385 1751 2411 mense
1771 2370 1844 2411 Ja-

389 2439 534 2479 nuarii
565 2453 663 2479 cum
703 2439 845 2494 prima
882 2438 1156 2480 Cancellaria
1196 2447 1363 2496 agetur.
1426 2441 1567 2497 Cupit
1607 2443 1721 2483 enim
1754 2441 1842 2489 hoc,

391 2511 509 2567 quod
550 2511 607 2552 ad
646 2501 994 2552 Ecclesiasticam
1036 2511 1310 2568 disciplinam
1351 2515 1669 2556 restituendam
1711 2521 1839 2570 atque

390 2583 723 2640 propagandam
746 2592 810 2625 est
832 2584 1045 2639 imprimis
1064 2587 1369 2635 necessarium,
1386 2587 1638 2643 frequenter
1651 2587 1840 2629 omnium

393 2656 587 2703 auribus,
607 2657 918 2712 mentibusque
938 2656 1075 2713 infigi,
1099 2664 1149 2698 ut
1173 2658 1217 2698 in
1249 2666 1484 2714 posterum,
1520 2661 1618 2702 Deo
1644 2665 1839 2717 juvante,

390 2729 510 2769 nulla
530 2736 777 2784 temporum
798 2729 967 2787 injuria,
1000 2736 1078 2772 aut
1097 2729 1321 2773 hominum
1342 2733 1566 2776 oblivione
1589 2741 1668 2776 aut
1688 2733 1839 2776 desue-

391 2800 552 2847 tudine,
576 2802 813 2843 aboleatur.

1893 2839 1897 2847 -
1893 2794 1897 2822 —-
1893 2775 1897 2782 ,
1892 2389 1898 2744 »κμι--Α-ν-νο-ψ-
1892 2218 1897 2375 -—--..›,-‚.
1891 2044 1898 2203 v-a--u--ss
1886 444 1898 2036 ⁷1—‚--*a—W--m-———————Wfflfflmvn—
