1905 3254
695 297 809 326 sEss.
836 297 902 327 111.
1464 280 1519 319 85

52 403 146 459 ipse
165 403 372 459 privatim
392 403 596 460 adJungit
612 403 679 444 his
695 403 862 444 verbis:
888 410 912 425 ‘⁸‘
928 403 1197 445 Reformatio
1221 403 1466 459 excogitata
1488 417 1514 443 a

0 515 2 518 .
52 475 319 531 quibusdam
351 476 562 532 religione
600 483 644 517 et
675 476 872 517 doctrina
914 477 1229 532 praestantibus
1261 476 1509 532 EpiscopiS,

53 550 161 591 &c.’'
222 551 326 590 Post
343 565 442 605 quae
465 550 599 591 verba
620 550 1008 605 subsequebantur
1030 550 1285 606 grandiores
1306 549 1511 606 quaedam

48 620 272 661 literarum
304 628 436 670 notae,
470 622 657 678 singulis
690 622 804 662 inter
831 636 904 662 eas
935 622 1112 677 punctis
1147 622 1400 676 interjectiS,
1430 621 1510 662 hoe

50 694 283 749 pacto-S.
315 693 379 734 M.
403 694 458 735 V.
483 694 538 736 V.
563 695 622 735 N.
647 695 700 735 T.
726 694 785 736 N.
816 694 866 735 P.
901 694 936 735 I.
968 694 1025 734 N.
1058 694 1117 734 N.
1142 694 1198 734 E.
1222 694 1274 734 T.
1299 694 1356 734 N.
1383 694 1438 735 O.
1463 695 1507 736 S.

49 767 107 808 N.
140 767 177 808 I.
209 767 250 808 S.
284 782 382 823 quae
425 768 480 808 ab
521 767 623 816 illis,
656 783 706 808 eo
742 768 897 824 opinor
928 767 1106 808 consilio
1144 767 1374 823 adscriptae
1416 768 1509 809 fue-

48 845 164 887 runt,
187 845 238 880 ut
259 838 442 880 totidem
465 840 720 881 viderentur
742 844 837 895 ejus
867 839 1092 896 petitionis
1121 838 1326 880 authores
1358 840 1507 888 fuisse,

48 919 155 968 quot
177 919 302 954 erant
321 913 462 954 literae
484 913 713 961 distinctae,
733 918 868 968 atque
892 913 954 953 ita
976 913 1152 968 majoris
1174 912 1294 968 apud
1314 913 1508 969 Legatos

46 984 251 1040 ponderis
291 1000 358 1026 res
393 992 520 1034 esset,
555 1000 643 1041 quo
677 985 871 1041 plurium
914 1000 1124 1026 consensu
1166 985 1358 1027 confecta
1390 986 1507 1027 vide-

45 1064 182 1099 retur.

105 1129 361 1178 Simonetta,
384 1130 438 1171 ad
466 1145 598 1186 quem
631 1129 709 1171 hoe
741 1131 1061 1171 reformationis
1096 1131 1324 1186 negotium
1361 1133 1508 1173 eaeteri

45 1200 233 1241 maxime
264 1200 534 1256 rejiciebant,
569 1209 618 1243 ut
652 1203 730 1257 qui
757 1202 872 1258 juris
894 1203 1109 1243 Pontificii
1131 1202 1300 1257 peritus
1333 1210 1440 1252 erat,
1463 1211 1507 1245 et

43 1273 87 1313 in
110 1273 232 1314 Aula
255 1274 451 1316 Romana
473 1275 603 1316 variis
624 1276 666 1315 in
689 1276 945 1316 muneribus
978 1276 1222 1331 complures
1256 1290 1389 1317 annos
1413 1292 1505 1318 ver-

43 1352 175 1395 satus,
213 1349 391 1388 accersit
419 1349 551 1389 etiam
588 1348 920 1397 Rossancnsem,
946 1348 1200 1398 vestanum,
1224 1349 1503 1398 Auditorem,

43 1427 87 1461 et
107 1420 427 1462 Promotorem:
459 1437 557 1463 nam
584 1422 849 1463 Ilerdcnsem
872 1429 977 1462 tunc
1001 1423 1143 1463 vocari
1174 1422 1295 1463 haud
1324 1424 1503 1479 placuit,

43 1498 94 1533 ut
110 1493 153 1534 in
175 1494 400 1550 aliquibus
422 1495 638 1551 ejusmodi
655 1496 1052 1537 consultationibus
1074 1496 1264 1547 solebat3
1298 1499 1503 1553 quoniam

42 1579 233 1606 seorsum
267 1565 513 1622 Hispanica
543 1568 662 1609 natio
695 1574 860 1608 certum
896 1567 1017 1608 aliud
1048 1567 1363 1608 reformationis
1391 1584 1502 1624 prae-

40 1638 249 1694 scriptum
266 1655 524 1696 componere
537 1640 785 1682 videbatur.
823 1641 943 1681 Petit
959 1655 1063 1696 crgo
1086 1641 1141 1681 ab
1162 1640 1229 1681 his
1246 1641 1500 1691 Simonetta,

42 1718 91 1753 ut
119 1727 173 1753 ex
203 1714 405 1754 omnibus
438 1714 490 1754 iis
523 1714 744 1770 capitibus
780 1713 949 1769 aliquot
981 1714 1042 1753 illi
1075 1714 1276 1769 seligant,
1314 1730 1414 1769 quae
1447 1730 1501 1756 ex

39 1799 189 1825 eorum
211 1785 450 1840 prudentia
470 1786 628 1827 idonea
645 1801 736 1827 esse
754 1786 1043 1837 arbitrentur,
1060 1801 1160 1842 quae
1176 1802 1291 1827 nunc
1310 1787 1500 1843 primum

40 1857 250 1899 Patribus
270 1858 556 1900 deliberanda
576 1865 890 1915 proponantur.

97 1931 246 1974 Multa
262 1947 315 1973 ex
337 1933 390 1973 iis
411 1933 595 1988 sparsim
611 1932 787 1973 collecta
805 1932 999 1980 fuerunt,
1015 1933 1128 1973 inter
1144 1947 1245 1987 quae
1261 1939 1498 1989 optassent,

40 2010 90 2044 ut
110 2004 351 2060 insigniora
377 2004 580 2060 quaedam
603 2005 761 2060 capita,
785 2020 885 2060 quae
909 2005 1103 2060 quotidie
1126 2006 1250 2046 nobis
1284 2006 1340 2046 ab
1363 2005 1499 2047 haere-

39 2076 134 2117 ticis
155 2077 470 2132 exprobantur,
503 2092 619 2118 nune
652 2077 841 2133 primum
875 2078 918 2117 in
941 2077 1133 2117 medium
1159 2077 1496 2127 adducerentur,

40 2149 193 2197 veluti,
226 2149 280 2190 de
316 2149 545 2190 collatione
580 2150 902 2197 beneficiorum,
939 2149 992 2189 de
1035 2150 1320 2204 pensionibus
1362 2152 1496 2207 impo-

39 2221 202 2270 nendis,
226 2222 279 2263 de
302 2221 721 2278 dispensationibus,
745 2221 798 2262 de
829 2222 1022 2262 censuris
1058 2221 1346 2270 moderandis,
1381 2230 1425 2263 et
1452 2223 1496 2263 id

40 2309 180 2350 genus
202 2295 310 2345 alia3
345 2302 395 2335 ut
416 2295 515 2336 hinc
538 2295 740 2335 omnibus
770 2309 852 2334 non
882 2294 1112 2335 obscurum
1142 2294 1279 2342 fieret,
1302 2296 1494 2351 cogitare

38 2365 217 2422 legatos,
235 2366 585 2407 Ecclesiasticam
607 2366 911 2421 Disciplinam,
930 2380 1030 2406 vere
1049 2372 1093 2405 et
1108 2366 1219 2405 serio
1238 2366 1492 2414 instaurare,

38 2452 120 2479 non
139 2438 296 2480 leviter
327 2446 510 2486 tantum,
546 2446 595 2479 ut
626 2439 763 2495 vulgo
797 2438 970 2486 dicitur,
1005 2437 1282 2485 adumbrare,
1311 2453 1492 2492 praeser-

40 2509 202 2565 timque
226 2510 342 2566 quod
364 2510 572 2551 Auditori
605 2526 659 2552 ex
693 2511 803 2552 urbe
833 2510 1073 2551 discedenti
1096 2510 1205 2550 Pius
1229 2509 1306 2550 IV.
1331 2511 1492 2565 saepius

40 2584 182 2625 verbis
213 2585 304 2625 suis
334 2583 632 2632 mandaverat,
671 2591 720 2625 ut
753 2599 854 2639 qua}
887 2584 981 2638 ipse
1020 2582 1324 2623 reformatione
1355 2582 1493 2639 digna

40 2662 244 2705 censeret,
266 2656 367 2697 licet
388 2656 443 2697 ad
469 2657 751 2697 Sanctitatem
780 2670 900 2696 suam
924 2659 1185 2711 spectarent,
1209 2654 1386 2695 minime
1407 2655 1491 2696 dis-

37 2727 269 2769 simularet.

95 2800 257 2843 Verum
280 2803 356 2842 ubi
379 2817 518 2844 coram
535 2802 776 2843 Simonetta
798 2817 864 2842 res
885 2801 1061 2842 tractari
1085 2806 1231 2855 coepta
1253 2807 1330 2848 cst,
1348 2801 1487 2842 visum
