<?xml version="1.0" encoding="UTF-8"?>
<!DOCTYPE html PUBLIC "-//W3C//DTD XHTML 1.0 Transitional//EN"
    "http://www.w3.org/TR/xhtml1/DTD/xhtml1-transitional.dtd">
<html xmlns="http://www.w3.org/1999/xhtml" xml:lang="en" lang="en">
 <head>
  <title>
</title>
<meta http-equiv="Content-Type" content="text/html;charset=utf-8" />
  <meta name='ocr-system' content='tesseract 3.04.00' />
  <meta name='ocr-capabilities' content='ocr_page ocr_carea ocr_par ocr_line ocrx_word'/>
</head>
<body>
  <div class='ocr_page' id='page_1' title='image "actaconciliitrid00paleuoft_0372.png"; bbox 0 0 1905 3254; ppageno 0'>
   <div class='ocr_carea' id='block_1_1' title="bbox 362 278 1190 322">
    <p class='ocr_par' dir='ltr' id='par_1_1' title="bbox 362 278 1190 322">
     <span class='ocr_line' id='line_1_1' title="bbox 362 278 1190 322; baseline 0.002 -4"><span class='ocrx_word' id='word_1_1' title='bbox 362 278 445 318; x_wconf 78' lang='lat' dir='ltr'>25ss</span> <span class='ocrx_word' id='word_1_2' title='bbox 1000 290 1107 322; x_wconf 65' lang='lat' dir='ltr'>ssss</span> <span class='ocrx_word' id='word_1_3' title='bbox 1134 292 1190 320; x_wconf 72' lang='lat' dir='ltr'>vr.</span> 
     </span>
    </p>
   </div>
   <div class='ocr_carea' id='block_1_2' title="bbox 363 395 1828 1836">
    <p class='ocr_par' dir='ltr' id='par_1_2' title="bbox 363 395 1827 1399">
     <span class='ocr_line' id='line_1_2' title="bbox 365 395 1822 453; baseline -0.001 -13"><span class='ocrx_word' id='word_1_4' title='bbox 365 399 672 440; x_wconf 80' lang='lat' dir='ltr'>recreationem</span> <span class='ocrx_word' id='word_1_5' title='bbox 706 397 889 438; x_wconf 85' lang='lat' dir='ltr'>afferant</span> <span class='ocrx_word' id='word_1_6' title='bbox 922 404 965 438; x_wconf 93' lang='lat' dir='ltr'>et</span> <span class='ocrx_word' id='word_1_7' title='bbox 1002 397 1339 438; x_wconf 89' lang='lat' dir='ltr'>venerationem.</span> <span class='ocrx_word' id='word_1_8' title='bbox 1404 395 1516 437; x_wconf 90' lang='lat' dir='ltr'>Cum</span> <span class='ocrx_word' id='word_1_9' title='bbox 1550 396 1702 453; x_wconf 84' lang='lat' dir='ltr'>igitur,</span> <span class='ocrx_word' id='word_1_10' title='bbox 1736 411 1822 453; x_wconf 90' lang='lat' dir='ltr'>quo</span> 
     </span>
     <span class='ocr_line' id='line_1_3' title="bbox 364 468 1824 528; baseline -0.001 -16"><span class='ocrx_word' id='word_1_11' title='bbox 364 474 524 528; x_wconf 88' lang='lat' dir='ltr'>majore</span> <span class='ocrx_word' id='word_1_12' title='bbox 557 472 601 511; x_wconf 90' lang='lat' dir='ltr'>in</span> <span class='ocrx_word' id='word_1_13' title='bbox 634 471 739 511; x_wconf 65' lang='lat' dir='ltr'>Eccq</span> <span class='ocrx_word' id='word_1_14' title='bbox 768 469 855 510; x_wconf 88' lang='lat' dir='ltr'>Dei</span> <span class='ocrx_word' id='word_1_15' title='bbox 889 476 931 510; x_wconf 87' lang='lat' dir='ltr'>et</span> <span class='ocrx_word' id='word_1_16' title='bbox 959 469 1153 510; x_wconf 91' lang='lat' dir='ltr'>utilitate</span> <span class='ocrx_word' id='word_1_17' title='bbox 1177 476 1221 510; x_wconf 90' lang='lat' dir='ltr'>et</span> <span class='ocrx_word' id='word_1_18' title='bbox 1242 475 1493 510; x_wconf 87' lang='lat' dir='ltr'>ornamento</span> <span class='ocrx_word' id='word_1_19' title='bbox 1512 468 1605 509; x_wconf 82' lang='lat' dir='ltr'>haec</span> <span class='ocrx_word' id='word_1_20' title='bbox 1629 475 1742 518; x_wconf 90' lang='lat' dir='ltr'>sunt,</span> <span class='ocrx_word' id='word_1_21' title='bbox 1762 469 1824 510; x_wconf 85' lang='lat' dir='ltr'>ita</span> 
     </span>
     <span class='ocr_line' id='line_1_4' title="bbox 364 541 1822 599; baseline -0.001 -14"><span class='ocrx_word' id='word_1_22' title='bbox 364 544 497 585; x_wconf 90' lang='lat' dir='ltr'>etiam</span> <span class='ocrx_word' id='word_1_23' title='bbox 529 543 788 599; x_wconf 86' lang='lat' dir='ltr'>diligentius</span> <span class='ocrx_word' id='word_1_24' title='bbox 823 542 908 583; x_wconf 89' lang='lat' dir='ltr'>sint</span> <span class='ocrx_word' id='word_1_25' title='bbox 944 542 1230 590; x_wconf 83' lang='lat' dir='ltr'>observanda,</span> <span class='ocrx_word' id='word_1_26' title='bbox 1265 542 1420 583; x_wconf 85' lang='lat' dir='ltr'>statuit</span> <span class='ocrx_word' id='word_1_27' title='bbox 1447 542 1506 582; x_wconf 72' lang='lat' dir='ltr'>Sta</span> <span class='ocrx_word' id='word_1_28' title='bbox 1533 541 1747 597; x_wconf 78' lang='lat' dir='ltr'>Synodus,</span> <span class='ocrx_word' id='word_1_29' title='bbox 1772 550 1822 584; x_wconf 92' lang='lat' dir='ltr'>ut</span> 
     </span>
     <span class='ocr_line' id='line_1_5' title="bbox 365 612 1823 671; baseline -0.001 -15"><span class='ocrx_word' id='word_1_30' title='bbox 365 630 467 671; x_wconf 89' lang='lat' dir='ltr'>quae</span> <span class='ocrx_word' id='word_1_31' title='bbox 501 615 608 656; x_wconf 88' lang='lat' dir='ltr'>alias</span> <span class='ocrx_word' id='word_1_32' title='bbox 639 631 663 656; x_wconf 92' lang='lat' dir='ltr'>a</span> <span class='ocrx_word' id='word_1_33' title='bbox 698 616 890 656; x_wconf 88' lang='lat' dir='ltr'>Summis</span> <span class='ocrx_word' id='word_1_34' title='bbox 922 615 1207 655; x_wconf 91' lang='lat' dir='ltr'>Pontificibus</span> <span class='ocrx_word' id='word_1_35' title='bbox 1241 621 1284 655; x_wconf 90' lang='lat' dir='ltr'>et</span> <span class='ocrx_word' id='word_1_36' title='bbox 1315 629 1340 654; x_wconf 87' lang='lat' dir='ltr'>a</span> <span class='ocrx_word' id='word_1_37' title='bbox 1365 613 1506 654; x_wconf 87' lang='lat' dir='ltr'>Sacris</span> <span class='ocrx_word' id='word_1_38' title='bbox 1530 612 1748 661; x_wconf 91' lang='lat' dir='ltr'>Conciliis,</span> <span class='ocrx_word' id='word_1_39' title='bbox 1770 613 1823 654; x_wconf 90' lang='lat' dir='ltr'>de</span> 
     </span>
     <span class='ocr_line' id='line_1_6' title="bbox 366 685 1824 741; baseline -0.001 -12"><span class='ocrx_word' id='word_1_40' title='bbox 366 687 632 730; x_wconf 81' lang='lat' dir='ltr'>Clericorum</span> <span class='ocrx_word' id='word_1_41' title='bbox 654 689 758 737; x_wconf 86' lang='lat' dir='ltr'>vita,</span> <span class='ocrx_word' id='word_1_42' title='bbox 779 688 1019 736; x_wconf 89' lang='lat' dir='ltr'>honestate,</span> <span class='ocrx_word' id='word_1_43' title='bbox 1041 687 1176 734; x_wconf 85' lang='lat' dir='ltr'>cultu,</span> <span class='ocrx_word' id='word_1_44' title='bbox 1201 685 1496 741; x_wconf 84' lang='lat' dir='ltr'>doctrinaque,</span> <span class='ocrx_word' id='word_1_45' title='bbox 1518 685 1757 735; x_wconf 88' lang='lat' dir='ltr'>retinenda,</span> <span class='ocrx_word' id='word_1_46' title='bbox 1780 695 1824 728; x_wconf 89' lang='lat' dir='ltr'>et</span> 
     </span>
     <span class='ocr_line' id='line_1_7' title="bbox 363 757 1824 808; baseline -0.001 -7"><span class='ocrx_word' id='word_1_47' title='bbox 363 760 493 802; x_wconf 90' lang='lat' dir='ltr'>simul</span> <span class='ocrx_word' id='word_1_48' title='bbox 528 761 582 801; x_wconf 92' lang='lat' dir='ltr'>de</span> <span class='ocrx_word' id='word_1_49' title='bbox 615 760 1056 808; x_wconf 80' lang='lat' dir='ltr'>commessationibus,</span> <span class='ocrx_word' id='word_1_50' title='bbox 1091 759 1265 806; x_wconf 84' lang='lat' dir='ltr'>choreis,</span> <span class='ocrx_word' id='word_1_51' title='bbox 1305 758 1423 804; x_wconf 85' lang='lat' dir='ltr'>aleis,</span> <span class='ocrx_word' id='word_1_52' title='bbox 1456 757 1640 806; x_wconf 91' lang='lat' dir='ltr'>lusibus,</span> <span class='ocrx_word' id='word_1_53' title='bbox 1671 764 1714 798; x_wconf 88' lang='lat' dir='ltr'>et</span> <span class='ocrx_word' id='word_1_54' title='bbox 1745 757 1824 799; x_wconf 90' lang='lat' dir='ltr'>hoc</span> 
     </span>
     <span class='ocr_line' id='line_1_8' title="bbox 366 830 1822 890; baseline -0.002 -15"><span class='ocrx_word' id='word_1_55' title='bbox 366 849 505 890; x_wconf 89' lang='lat' dir='ltr'>genus</span> <span class='ocrx_word' id='word_1_56' title='bbox 538 834 803 881; x_wconf 83' lang='lat' dir='ltr'>criminibus,</span> <span class='ocrx_word' id='word_1_57' title='bbox 838 847 1004 874; x_wconf 83' lang='lat' dir='ltr'>necnon</span> <span class='ocrx_word' id='word_1_58' title='bbox 1041 831 1335 872; x_wconf 73' lang='lat' dir='ltr'>Saecularibus</span> <span class='ocrx_word' id='word_1_59' title='bbox 1370 831 1555 886; x_wconf 86' lang='lat' dir='ltr'>negotiis</span> <span class='ocrx_word' id='word_1_60' title='bbox 1590 830 1822 887; x_wconf 83' lang='lat' dir='ltr'>fugiendis,</span> 
     </span>
     <span class='ocr_line' id='line_1_9' title="bbox 365 903 1822 964; baseline -0.003 -15"><span class='ocrx_word' id='word_1_61' title='bbox 365 908 536 964; x_wconf 84' lang='lat' dir='ltr'>copiose</span> <span class='ocrx_word' id='word_1_62' title='bbox 572 922 620 948; x_wconf 89' lang='lat' dir='ltr'>ac</span> <span class='ocrx_word' id='word_1_63' title='bbox 657 907 890 948; x_wconf 85' lang='lat' dir='ltr'>salubriter</span> <span class='ocrx_word' id='word_1_64' title='bbox 925 905 1092 946; x_wconf 88' lang='lat' dir='ltr'>sancita</span> <span class='ocrx_word' id='word_1_65' title='bbox 1118 904 1312 951; x_wconf 88' lang='lat' dir='ltr'>fuerunt,</span> <span class='ocrx_word' id='word_1_66' title='bbox 1345 903 1496 944; x_wconf 87' lang='lat' dir='ltr'>eadem</span> <span class='ocrx_word' id='word_1_67' title='bbox 1519 903 1563 944; x_wconf 89' lang='lat' dir='ltr'>in</span> <span class='ocrx_word' id='word_1_68' title='bbox 1586 910 1822 959; x_wconf 88' lang='lat' dir='ltr'>posterum,</span> 
     </span>
     <span class='ocr_line' id='line_1_10' title="bbox 364 976 1824 1036; baseline -0.001 -16"><span class='ocrx_word' id='word_1_69' title='bbox 364 980 517 1021; x_wconf 88' lang='lat' dir='ltr'>iisdem</span> <span class='ocrx_word' id='word_1_70' title='bbox 540 981 697 1036; x_wconf 88' lang='lat' dir='ltr'>poenis,</span> <span class='ocrx_word' id='word_1_71' title='bbox 722 995 821 1036; x_wconf 84' lang='lat' dir='ltr'>quae</span> <span class='ocrx_word' id='word_1_72' title='bbox 843 979 989 1020; x_wconf 89' lang='lat' dir='ltr'>omnia</span> <span class='ocrx_word' id='word_1_73' title='bbox 1005 978 1049 1018; x_wconf 90' lang='lat' dir='ltr'>in</span> <span class='ocrx_word' id='word_1_74' title='bbox 1070 977 1272 1033; x_wconf 85' lang='lat' dir='ltr'>praesenti</span> <span class='ocrx_word' id='word_1_75' title='bbox 1293 977 1466 1018; x_wconf 88' lang='lat' dir='ltr'>decreto</span> <span class='ocrx_word' id='word_1_76' title='bbox 1487 976 1679 1018; x_wconf 83' lang='lat' dir='ltr'>innovat.</span> <span class='ocrx_word' id='word_1_77' title='bbox 1735 977 1824 1018; x_wconf 86' lang='lat' dir='ltr'>Ob-</span> 
     </span>
     <span class='ocr_line' id='line_1_11' title="bbox 366 1050 1824 1110; baseline -0.003 -16"><span class='ocrx_word' id='word_1_78' title='bbox 366 1061 598 1096; x_wconf 78' lang='lat' dir='ltr'>serventur</span> <span class='ocrx_word' id='word_1_79' title='bbox 630 1054 843 1110; x_wconf 84' lang='lat' dir='ltr'>Episcopi</span> <span class='ocrx_word' id='word_1_80' title='bbox 876 1067 991 1100; x_wconf 86' lang='lat' dir='ltr'>vero,</span> <span class='ocrx_word' id='word_1_81' title='bbox 1028 1052 1064 1092; x_wconf 83' lang='lat' dir='ltr'>si</span> <span class='ocrx_word' id='word_1_82' title='bbox 1097 1067 1186 1107; x_wconf 88' lang='lat' dir='ltr'>qua</span> <span class='ocrx_word' id='word_1_83' title='bbox 1222 1067 1275 1093; x_wconf 85' lang='lat' dir='ltr'>ex</span> <span class='ocrx_word' id='word_1_84' title='bbox 1312 1051 1379 1092; x_wconf 90' lang='lat' dir='ltr'>his</span> <span class='ocrx_word' id='word_1_85' title='bbox 1412 1051 1456 1091; x_wconf 89' lang='lat' dir='ltr'>in</span> <span class='ocrx_word' id='word_1_86' title='bbox 1489 1050 1824 1092; x_wconf 84' lang='lat' dir='ltr'>desuetudinem</span> 
     </span>
     <span class='ocr_line' id='line_1_12' title="bbox 365 1124 1827 1184; baseline -0.002 -17"><span class='ocrx_word' id='word_1_87' title='bbox 365 1127 524 1169; x_wconf 80' lang='lat' dir='ltr'>abiisse</span> <span class='ocrx_word' id='word_1_88' title='bbox 546 1127 852 1184; x_wconf 86' lang='lat' dir='ltr'>compererint,</span> <span class='ocrx_word' id='word_1_89' title='bbox 877 1141 928 1167; x_wconf 87' lang='lat' dir='ltr'>ea</span> <span class='ocrx_word' id='word_1_90' title='bbox 954 1126 1282 1181; x_wconf 85' lang='lat' dir='ltr'>quamprimum</span> <span class='ocrx_word' id='word_1_91' title='bbox 1305 1125 1349 1165; x_wconf 89' lang='lat' dir='ltr'>in</span> <span class='ocrx_word' id='word_1_92' title='bbox 1381 1139 1512 1164; x_wconf 86' lang='lat' dir='ltr'>usum</span> <span class='ocrx_word' id='word_1_93' title='bbox 1545 1124 1750 1172; x_wconf 86' lang='lat' dir='ltr'>revocari,</span> <span class='ocrx_word' id='word_1_94' title='bbox 1784 1130 1827 1164; x_wconf 93' lang='lat' dir='ltr'>et</span> 
     </span>
     <span class='ocr_line' id='line_1_13' title="bbox 367 1197 1826 1253; baseline -0.002 -13"><span class='ocrx_word' id='word_1_95' title='bbox 367 1199 424 1240; x_wconf 86' lang='lat' dir='ltr'>ab</span> <span class='ocrx_word' id='word_1_96' title='bbox 444 1200 647 1240; x_wconf 89' lang='lat' dir='ltr'>omnibus</span> <span class='ocrx_word' id='word_1_97' title='bbox 670 1206 867 1241; x_wconf 88' lang='lat' dir='ltr'>accurate</span> <span class='ocrx_word' id='word_1_98' title='bbox 895 1198 1119 1239; x_wconf 78' lang='lat' dir='ltr'>observari</span> <span class='ocrx_word' id='word_1_99' title='bbox 1146 1197 1381 1247; x_wconf 82' lang='lat' dir='ltr'>suadeant3</span> <span class='ocrx_word' id='word_1_100' title='bbox 1414 1211 1468 1238; x_wconf 90' lang='lat' dir='ltr'>ne</span> <span class='ocrx_word' id='word_1_101' title='bbox 1488 1197 1702 1253; x_wconf 83' lang='lat' dir='ltr'>neglectae</span> <span class='ocrx_word' id='word_1_102' title='bbox 1725 1197 1826 1237; x_wconf 87' lang='lat' dir='ltr'>sub-</span> 
     </span>
     <span class='ocr_line' id='line_1_14' title="bbox 366 1269 1826 1326; baseline -0.001 -15"><span class='ocrx_word' id='word_1_103' title='bbox 366 1270 559 1312; x_wconf 88' lang='lat' dir='ltr'>ditorum</span> <span class='ocrx_word' id='word_1_104' title='bbox 596 1271 909 1313; x_wconf 85' lang='lat' dir='ltr'>emendationis</span> <span class='ocrx_word' id='word_1_105' title='bbox 944 1270 1030 1325; x_wconf 87' lang='lat' dir='ltr'>ipsi</span> <span class='ocrx_word' id='word_1_106' title='bbox 1065 1269 1300 1325; x_wconf 88' lang='lat' dir='ltr'>condignas</span> <span class='ocrx_word' id='word_1_107' title='bbox 1335 1269 1433 1310; x_wconf 87' lang='lat' dir='ltr'>Deo</span> <span class='ocrx_word' id='word_1_108' title='bbox 1467 1269 1637 1311; x_wconf 81' lang='lat' dir='ltr'>vindice</span> <span class='ocrx_word' id='word_1_109' title='bbox 1671 1285 1826 1326; x_wconf 90' lang='lat' dir='ltr'>poenas</span> 
     </span>
     <span class='ocr_line' id='line_1_15' title="bbox 368 1344 634 1399; baseline 0 -15"><span class='ocrx_word' id='word_1_110' title='bbox 368 1344 634 1399; x_wconf 81' lang='lat' dir='ltr'>persolvant.</span> 
     </span>
    </p>

    <p class='ocr_par' dir='ltr' id='par_1_3' title="bbox 364 1414 1892 1836">
     <span class='ocr_line' id='line_1_16' title="bbox 427 1414 1826 1471; baseline -0.003 -13"><span class='ocrx_word' id='word_1_111' title='bbox 427 1418 466 1458; x_wconf 82' lang='lat'>2.</span> <span class='ocrx_word' id='word_1_112' title='bbox 498 1417 641 1458; x_wconf 91' lang='lat' dir='ltr'>Nemo</span> <span class='ocrx_word' id='word_1_113' title='bbox 677 1415 858 1471; x_wconf 91' lang='lat' dir='ltr'>posthac</span> <span class='ocrx_word' id='word_1_114' title='bbox 902 1415 958 1456; x_wconf 88' lang='lat' dir='ltr'>ad</span> <span class='ocrx_word' id='word_1_115' title='bbox 998 1414 1269 1456; x_wconf 87' lang='lat' dir='ltr'>cathedrales</span> <span class='ocrx_word' id='word_1_116' title='bbox 1304 1414 1523 1455; x_wconf 82' lang='lat' dir='ltr'>Ecclesias</span> <span class='ocrx_word' id='word_1_117' title='bbox 1566 1420 1826 1463; x_wconf 84' lang='lat' dir='ltr'>assumatur,</span> 
     </span>
     <span class='ocr_line' id='line_1_17' title="bbox 367 1487 1826 1545; baseline -0.001 -15"><span class='ocrx_word' id='word_1_118' title='bbox 367 1490 447 1545; x_wconf 90' lang='lat' dir='ltr'>qui</span> <span class='ocrx_word' id='word_1_119' title='bbox 472 1490 589 1531; x_wconf 85' lang='lat' dir='ltr'>ultra</span> <span class='ocrx_word' id='word_1_120' title='bbox 617 1490 704 1530; x_wconf 89' lang='lat' dir='ltr'>alia</span> <span class='ocrx_word' id='word_1_121' title='bbox 735 1504 760 1530; x_wconf 87' lang='lat' dir='ltr'>a</span> <span class='ocrx_word' id='word_1_122' title='bbox 788 1489 919 1529; x_wconf 90' lang='lat' dir='ltr'>sacris</span> <span class='ocrx_word' id='word_1_123' title='bbox 942 1488 1196 1529; x_wconf 86' lang='lat' dir='ltr'>Canonibus</span> <span class='ocrx_word' id='word_1_124' title='bbox 1216 1488 1429 1543; x_wconf 89' lang='lat' dir='ltr'>requisita</span> <span class='ocrx_word' id='word_1_125' title='bbox 1449 1488 1492 1527; x_wconf 90' lang='lat' dir='ltr'>in</span> <span class='ocrx_word' id='word_1_126' title='bbox 1512 1487 1826 1529; x_wconf 83' lang='lat' dir='ltr'>Universitatis</span> 
     </span>
     <span class='ocr_line' id='line_1_18' title="bbox 366 1560 1825 1616; baseline -0.001 -12"><span class='ocrx_word' id='word_1_127' title='bbox 366 1562 523 1610; x_wconf 91' lang='lat' dir='ltr'>studio,</span> <span class='ocrx_word' id='word_1_128' title='bbox 546 1578 632 1604; x_wconf 89' lang='lat' dir='ltr'>non</span> <span class='ocrx_word' id='word_1_129' title='bbox 665 1563 798 1603; x_wconf 80' lang='lat' dir='ltr'>fuerit</span> <span class='ocrx_word' id='word_1_130' title='bbox 829 1563 874 1603; x_wconf 91' lang='lat' dir='ltr'>in</span> <span class='ocrx_word' id='word_1_131' title='bbox 910 1577 1030 1603; x_wconf 86' lang='lat' dir='ltr'>sacra</span> <span class='ocrx_word' id='word_1_132' title='bbox 1066 1560 1325 1615; x_wconf 87' lang='lat' dir='ltr'>Theologia,</span> <span class='ocrx_word' id='word_1_133' title='bbox 1362 1561 1432 1601; x_wconf 77' lang='lat' dir='ltr'>vel</span> <span class='ocrx_word' id='word_1_134' title='bbox 1463 1561 1507 1600; x_wconf 93' lang='lat' dir='ltr'>in</span> <span class='ocrx_word' id='word_1_135' title='bbox 1538 1567 1727 1616; x_wconf 91' lang='lat' dir='ltr'>utroque</span> <span class='ocrx_word' id='word_1_136' title='bbox 1748 1577 1825 1602; x_wconf 88' lang='lat' dir='ltr'>seu</span> 
     </span>
     <span class='ocr_line' id='line_1_19' title="bbox 366 1633 1824 1690; baseline 0 -15"><span class='ocrx_word' id='word_1_137' title='bbox 366 1635 504 1677; x_wconf 89' lang='lat' dir='ltr'>altero</span> <span class='ocrx_word' id='word_1_138' title='bbox 525 1636 557 1676; x_wconf 84' lang='lat' dir='ltr'>J</span> <span class='ocrx_word' id='word_1_139' title='bbox 560 1636 705 1676; x_wconf 89' lang='lat' dir='ltr'>urium</span> <span class='ocrx_word' id='word_1_140' title='bbox 726 1635 904 1683; x_wconf 91' lang='lat' dir='ltr'>Doctor,</span> <span class='ocrx_word' id='word_1_141' title='bbox 929 1649 1006 1675; x_wconf 89' lang='lat' dir='ltr'>seu</span> <span class='ocrx_word' id='word_1_142' title='bbox 1028 1633 1318 1681; x_wconf 80' lang='lat' dir='ltr'>Licentiatus,</span> <span class='ocrx_word' id='word_1_143' title='bbox 1344 1633 1415 1674; x_wconf 86' lang='lat' dir='ltr'>vel</span> <span class='ocrx_word' id='word_1_144' title='bbox 1439 1634 1545 1674; x_wconf 86' lang='lat' dir='ltr'>alias</span> <span class='ocrx_word' id='word_1_145' title='bbox 1568 1633 1824 1690; x_wconf 88' lang='lat' dir='ltr'>graduatus,</span> 
     </span>
     <span class='ocr_line' id='line_1_20' title="bbox 365 1706 1825 1763; baseline -0.001 -13"><span class='ocrx_word' id='word_1_146' title='bbox 365 1716 409 1750; x_wconf 93' lang='lat' dir='ltr'>et</span> <span class='ocrx_word' id='word_1_147' title='bbox 450 1710 495 1749; x_wconf 86' lang='lat' dir='ltr'>in</span> <span class='ocrx_word' id='word_1_148' title='bbox 535 1708 685 1750; x_wconf 90' lang='lat' dir='ltr'>ordine</span> <span class='ocrx_word' id='word_1_149' title='bbox 727 1722 845 1748; x_wconf 90' lang='lat' dir='ltr'>sacro</span> <span class='ocrx_word' id='word_1_150' title='bbox 889 1707 1163 1754; x_wconf 84' lang='lat' dir='ltr'>constitutus,</span> <span class='ocrx_word' id='word_1_151' title='bbox 1205 1706 1288 1747; x_wconf 91' lang='lat' dir='ltr'>nisi</span> <span class='ocrx_word' id='word_1_152' title='bbox 1329 1721 1380 1747; x_wconf 88' lang='lat' dir='ltr'>ea</span> <span class='ocrx_word' id='word_1_153' title='bbox 1424 1708 1529 1748; x_wconf 81' lang='lat' dir='ltr'>vitae</span> <span class='ocrx_word' id='word_1_154' title='bbox 1554 1707 1825 1763; x_wconf 84' lang='lat' dir='ltr'>integritate,</span> 
     </span>
     <span class='ocr_line' id='line_1_21' title="bbox 364 1779 1828 1836; baseline 0.001 -14"><span class='ocrx_word' id='word_1_155' title='bbox 364 1781 582 1836; x_wconf 91' lang='lat' dir='ltr'>simulque</span> <span class='ocrx_word' id='word_1_156' title='bbox 615 1779 870 1821; x_wconf 89' lang='lat' dir='ltr'>eruditionis</span> <span class='ocrx_word' id='word_1_157' title='bbox 904 1780 1173 1828; x_wconf 84' lang='lat' dir='ltr'>celebritate,</span> <span class='ocrx_word' id='word_1_158' title='bbox 1203 1794 1250 1819; x_wconf 88' lang='lat' dir='ltr'>ac</span> <span class='ocrx_word' id='word_1_159' title='bbox 1275 1779 1492 1820; x_wconf 87' lang='lat' dir='ltr'>natalium</span> <span class='ocrx_word' id='word_1_160' title='bbox 1515 1779 1745 1835; x_wconf 89' lang='lat' dir='ltr'>splendore</span> <span class='ocrx_word' id='word_1_161' title='bbox 1765 1781 1828 1822; x_wconf 89' lang='lat' dir='ltr'>ita</span> 
     </span>
    </p>
   </div>
   <div class='ocr_carea' id='block_1_3' title="bbox 363 1852 1890 1910">
    <p class='ocr_par' dir='ltr' id='par_1_4' title="bbox 363 1852 1890 1910">
     <span class='ocr_line' id='line_1_22' title="bbox 363 1852 1890 1910; baseline 0.001 -16"><span class='ocrx_word' id='word_1_162' title='bbox 363 1854 625 1902; x_wconf 88' lang='lat' dir='ltr'>illustretur,</span> <span class='ocrx_word' id='word_1_163' title='bbox 649 1859 700 1894; x_wconf 90' lang='lat' dir='ltr'>ut</span> <span class='ocrx_word' id='word_1_164' title='bbox 719 1852 813 1894; x_wconf 80' lang='lat' dir='ltr'>haec</span> <span class='ocrx_word' id='word_1_165' title='bbox 835 1853 880 1894; x_wconf 91' lang='lat' dir='ltr'>in</span> <span class='ocrx_word' id='word_1_166' title='bbox 903 1868 952 1894; x_wconf 92' lang='lat' dir='ltr'>eo</span> <span class='ocrx_word' id='word_1_167' title='bbox 975 1859 1230 1894; x_wconf 88' lang='lat' dir='ltr'>ornamenta</span> <span class='ocrx_word' id='word_1_168' title='bbox 1250 1853 1482 1908; x_wconf 90' lang='lat' dir='ltr'>publicum</span> <span class='ocrx_word' id='word_1_169' title='bbox 1505 1853 1707 1895; x_wconf 87' lang='lat' dir='ltr'>Doctoris</span> <span class='ocrx_word' id='word_1_170' title='bbox 1729 1869 1826 1910; x_wconf 87' lang='lat' dir='ltr'>gra·</span> <span class='ocrx_word' id='word_1_171' title='bbox 1886 1856 1890 1904; x_wconf 73' lang='grc' dir='ltr'><em>ξ</em></span> 
     </span>
    </p>
   </div>
   <div class='ocr_carea' id='block_1_4' title="bbox 364 1926 1887 2787">
    <p class='ocr_par' dir='ltr' id='par_1_5' title="bbox 365 1926 1887 1981">
     <span class='ocr_line' id='line_1_23' title="bbox 365 1926 1887 1981; baseline -0.003 -14"><span class='ocrx_word' id='word_1_172' title='bbox 365 1926 468 1967; x_wconf 90' lang='lat' dir='ltr'>dum</span> <span class='ocrx_word' id='word_1_173' title='bbox 490 1940 573 1966; x_wconf 92' lang='lat' dir='ltr'>non</span> <span class='ocrx_word' id='word_1_174' title='bbox 596 1926 776 1966; x_wconf 89' lang='lat' dir='ltr'>obscure</span> <span class='ocrx_word' id='word_1_175' title='bbox 799 1932 1089 1981; x_wconf 87' lang='lat' dir='ltr'>compensent.</span> <span class='ocrx_word' id='word_1_176' title='bbox 1886 1976 1887 1979; x_wconf 11' lang='grc' dir='ltr'><strong>Ἴ</strong></span> 
     </span>
    </p>

    <p class='ocr_par' dir='ltr' id='par_1_6' title="bbox 364 1990 1887 2419">
     <span class='ocr_line' id='line_1_24' title="bbox 423 1990 1887 2054; baseline 0 -14"><span class='ocrx_word' id='word_1_177' title='bbox 423 1999 461 2040; x_wconf 85' lang='lat'>3.</span> <span class='ocrx_word' id='word_1_178' title='bbox 494 1999 704 2040; x_wconf 78' lang='lat' dir='ltr'>Ecclesiae</span> <span class='ocrx_word' id='word_1_179' title='bbox 748 1998 1045 2046; x_wconf 88' lang='lat' dir='ltr'>Cathedrales‚</span> <span class='ocrx_word' id='word_1_180' title='bbox 1088 2013 1275 2054; x_wconf 89' lang='lat' dir='ltr'>quarum</span> <span class='ocrx_word' id='word_1_181' title='bbox 1327 1999 1496 2040; x_wconf 74' lang='lat' dir='ltr'>fructus</span> <span class='ocrx_word' id='word_1_182' title='bbox 1537 2014 1666 2040; x_wconf 86' lang='lat' dir='ltr'>verus</span> <span class='ocrx_word' id='word_1_183' title='bbox 1707 2000 1829 2041; x_wconf 78' lang='lat' dir='ltr'>valor</span> <span class='ocrx_word' id='word_1_184' title='bbox 1885 1990 1887 2030; x_wconf 65' lang='grc' dir='ltr'><strong>Ᾰ</strong></span> 
     </span>
     <span class='ocr_line' id='line_1_25' title="bbox 365 2064 1885 2128; baseline -0.001 -16"><span class='ocrx_word' id='word_1_185' title='bbox 365 2072 707 2128; x_wconf 87' lang='lat' dir='ltr'>quingentorum</span> <span class='ocrx_word' id='word_1_186' title='bbox 749 2070 1008 2112; x_wconf 88' lang='lat' dir='ltr'>ducatorum</span> <span class='ocrx_word' id='word_1_187' title='bbox 1042 2072 1138 2112; x_wconf 89' lang='lat' dir='ltr'>auri</span> <span class='ocrx_word' id='word_1_188' title='bbox 1180 2071 1234 2112; x_wconf 92' lang='lat' dir='ltr'>de</span> <span class='ocrx_word' id='word_1_189' title='bbox 1271 2070 1457 2112; x_wconf 87' lang='lat' dir='ltr'>Camera</span> <span class='ocrx_word' id='word_1_190' title='bbox 1496 2087 1709 2113; x_wconf 90' lang='lat' dir='ltr'>summam</span> <span class='ocrx_word' id='word_1_191' title='bbox 1743 2087 1827 2113; x_wconf 90' lang='lat' dir='ltr'>non</span> <span class='ocrx_word' id='word_1_192' title='bbox 1882 2064 1885 2111; x_wconf 67' lang='lat' dir='ltr'>s</span> 
     </span>
     <span class='ocr_line' id='line_1_26' title="bbox 364 2143 1824 2199; baseline 0 -14"><span class='ocrx_word' id='word_1_193' title='bbox 364 2143 545 2190; x_wconf 85' lang='lat' dir='ltr'>excedit.</span> <span class='ocrx_word' id='word_1_194' title='bbox 581 2144 864 2199; x_wconf 88' lang='lat' dir='ltr'>pensionibus</span> <span class='ocrx_word' id='word_1_195' title='bbox 897 2144 1026 2184; x_wconf 90' lang='lat' dir='ltr'>etiam</span> <span class='ocrx_word' id='word_1_196' title='bbox 1064 2158 1117 2184; x_wconf 87' lang='lat' dir='ltr'>ex</span> <span class='ocrx_word' id='word_1_197' title='bbox 1153 2158 1283 2184; x_wconf 87' lang='lat' dir='ltr'>causa</span> <span class='ocrx_word' id='word_1_198' title='bbox 1315 2144 1621 2199; x_wconf 86' lang='lat' dir='ltr'>resignationis</span> <span class='ocrx_word' id='word_1_199' title='bbox 1649 2145 1824 2185; x_wconf 89' lang='lat' dir='ltr'>minime</span> 
     </span>
     <span class='ocr_line' id='line_1_27' title="bbox 365 2206 1883 2273; baseline 0.001 -16"><span class='ocrx_word' id='word_1_200' title='bbox 365 2223 628 2272; x_wconf 82' lang='lat' dir='ltr'>graventur3</span> <span class='ocrx_word' id='word_1_201' title='bbox 664 2231 763 2271; x_wconf 85' lang='lat' dir='ltr'>quae</span> <span class='ocrx_word' id='word_1_202' title='bbox 797 2230 900 2257; x_wconf 81' lang='lat' dir='ltr'>vero</span> <span class='ocrx_word' id='word_1_203' title='bbox 934 2215 1099 2256; x_wconf 91' lang='lat' dir='ltr'>dictum</span> <span class='ocrx_word' id='word_1_204' title='bbox 1128 2216 1318 2256; x_wconf 88' lang='lat' dir='ltr'>valorem</span> <span class='ocrx_word' id='word_1_205' title='bbox 1351 2216 1578 2264; x_wconf 85' lang='lat' dir='ltr'>excedunt,</span> <span class='ocrx_word' id='word_1_206' title='bbox 1602 2232 1825 2273; x_wconf 89' lang='lat' dir='ltr'>nunquam</span> <span class='ocrx_word' id='word_1_207' title='bbox 1880 2206 1883 2242; x_wconf 84' lang='lat'>.²</span> 
     </span>
     <span class='ocr_line' id='line_1_28' title="bbox 365 2287 1882 2346; baseline 0.001 -17"><span class='ocrx_word' id='word_1_208' title='bbox 365 2288 482 2329; x_wconf 90' lang='lat' dir='ltr'>ultra</span> <span class='ocrx_word' id='word_1_209' title='bbox 513 2287 737 2328; x_wconf 85' lang='lat' dir='ltr'>dimidiam</span> <span class='ocrx_word' id='word_1_210' title='bbox 773 2287 1010 2336; x_wconf 90' lang='lat' dir='ltr'>fructuum,</span> <span class='ocrx_word' id='word_1_211' title='bbox 1045 2303 1188 2344; x_wconf 92' lang='lat' dir='ltr'>neque</span> <span class='ocrx_word' id='word_1_212' title='bbox 1227 2289 1358 2330; x_wconf 89' lang='lat' dir='ltr'>etiam</span> <span class='ocrx_word' id='word_1_213' title='bbox 1387 2289 1493 2329; x_wconf 89' lang='lat' dir='ltr'>adeo</span> <span class='ocrx_word' id='word_1_214' title='bbox 1520 2290 1696 2344; x_wconf 85' lang='lat' dir='ltr'>gravari</span> <span class='ocrx_word' id='word_1_215' title='bbox 1728 2306 1823 2346; x_wconf 90' lang='lat' dir='ltr'>pos·</span> <span class='ocrx_word' id='word_1_216' title='bbox 1878 2295 1882 2324; x_wconf 71' lang='grc' dir='ltr'>ἒ</span> 
     </span>
     <span class='ocr_line' id='line_1_29' title="bbox 364 2361 1880 2419; baseline 0.001 -16"><span class='ocrx_word' id='word_1_217' title='bbox 364 2363 462 2411; x_wconf 89' lang='lat' dir='ltr'>sint,</span> <span class='ocrx_word' id='word_1_218' title='bbox 485 2368 537 2403; x_wconf 93' lang='lat' dir='ltr'>ut</span> <span class='ocrx_word' id='word_1_219' title='bbox 557 2362 709 2402; x_wconf 89' lang='lat' dir='ltr'>saltem</span> <span class='ocrx_word' id='word_1_220' title='bbox 732 2361 964 2417; x_wconf 84' lang='lat' dir='ltr'>quingenti</span> <span class='ocrx_word' id='word_1_221' title='bbox 986 2361 1152 2417; x_wconf 86' lang='lat' dir='ltr'>integri</span> <span class='ocrx_word' id='word_1_222' title='bbox 1173 2361 1366 2403; x_wconf 88' lang='lat' dir='ltr'>Praelato</span> <span class='ocrx_word' id='word_1_223' title='bbox 1397 2377 1481 2403; x_wconf 88' lang='lat' dir='ltr'>non</span> <span class='ocrx_word' id='word_1_224' title='bbox 1503 2363 1822 2419; x_wconf 89' lang='lat' dir='ltr'>relinquantur.</span> <span class='ocrx_word' id='word_1_225' title='bbox 1875 2408 1880 2418; x_wconf 51' lang='grc'><em>,</em></span> 
     </span>
    </p>

    <p class='ocr_par' dir='ltr' id='par_1_7' title="bbox 364 2423 1879 2787">
     <span class='ocr_line' id='line_1_30' title="bbox 419 2423 1879 2492; baseline 0.001 -17"><span class='ocrx_word' id='word_1_226' title='bbox 419 2436 459 2475; x_wconf 86' lang='grc'>4.</span> <span class='ocrx_word' id='word_1_227' title='bbox 493 2433 770 2476; x_wconf 89' lang='lat' dir='ltr'>Parochiales</span> <span class='ocrx_word' id='word_1_228' title='bbox 801 2433 1027 2483; x_wconf 83' lang='lat' dir='ltr'>Ecclesiae,</span> <span class='ocrx_word' id='word_1_229' title='bbox 1071 2448 1256 2489; x_wconf 89' lang='lat' dir='ltr'>quarum</span> <span class='ocrx_word' id='word_1_230' title='bbox 1297 2434 1465 2475; x_wconf 88' lang='lat' dir='ltr'>fructus</span> <span class='ocrx_word' id='word_1_231' title='bbox 1501 2435 1827 2492; x_wconf 86' lang='lat' dir='ltr'>quinquaginta</span> <span class='ocrx_word' id='word_1_232' title='bbox 1876 2423 1879 2432; x_wconf 20' lang='grc' dir='ltr'>ι</span> 
     </span>
     <span class='ocr_line' id='line_1_31' title="bbox 364 2506 1824 2563; baseline 0.001 -14"><span class='ocrx_word' id='word_1_233' title='bbox 364 2508 624 2549; x_wconf 87' lang='lat' dir='ltr'>ducatorum</span> <span class='ocrx_word' id='word_1_234' title='bbox 646 2507 743 2548; x_wconf 90' lang='lat' dir='ltr'>auri</span> <span class='ocrx_word' id='word_1_235' title='bbox 764 2506 817 2548; x_wconf 90' lang='lat' dir='ltr'>de</span> <span class='ocrx_word' id='word_1_236' title='bbox 843 2506 1029 2548; x_wconf 88' lang='lat' dir='ltr'>Camera</span> <span class='ocrx_word' id='word_1_237' title='bbox 1050 2522 1263 2547; x_wconf 90' lang='lat' dir='ltr'>summam</span> <span class='ocrx_word' id='word_1_238' title='bbox 1285 2522 1370 2548; x_wconf 91' lang='lat' dir='ltr'>non</span> <span class='ocrx_word' id='word_1_239' title='bbox 1395 2507 1578 2555; x_wconf 82' lang='lat' dir='ltr'>excedit,</span> <span class='ocrx_word' id='word_1_240' title='bbox 1610 2509 1824 2563; x_wconf 88' lang='lat' dir='ltr'>pensioni-</span> 
     </span>
     <span class='ocr_line' id='line_1_32' title="bbox 365 2579 1823 2638; baseline 0.001 -17"><span class='ocrx_word' id='word_1_241' title='bbox 365 2581 448 2621; x_wconf 91' lang='lat' dir='ltr'>bus</span> <span class='ocrx_word' id='word_1_242' title='bbox 481 2579 635 2621; x_wconf 90' lang='lat' dir='ltr'>annuis</span> <span class='ocrx_word' id='word_1_243' title='bbox 667 2580 800 2620; x_wconf 87' lang='lat' dir='ltr'>etiam</span> <span class='ocrx_word' id='word_1_244' title='bbox 835 2594 889 2621; x_wconf 87' lang='lat' dir='ltr'>ex</span> <span class='ocrx_word' id='word_1_245' title='bbox 922 2594 1053 2620; x_wconf 87' lang='lat' dir='ltr'>causa</span> <span class='ocrx_word' id='word_1_246' title='bbox 1083 2579 1392 2635; x_wconf 85' lang='lat' dir='ltr'>resignationis</span> <span class='ocrx_word' id='word_1_247' title='bbox 1425 2579 1548 2620; x_wconf 91' lang='lat' dir='ltr'>nullo</span> <span class='ocrx_word' id='word_1_248' title='bbox 1574 2580 1702 2621; x_wconf 92' lang='lat' dir='ltr'>modo</span> <span class='ocrx_word' id='word_1_249' title='bbox 1725 2596 1823 2638; x_wconf 86' lang='lat' dir='ltr'>gra-</span> 
     </span>
     <span class='ocr_line' id='line_1_33' title="bbox 364 2650 1874 2707; baseline 0.001 -15"><span class='ocrx_word' id='word_1_250' title='bbox 364 2659 549 2693; x_wconf 83' lang='lat' dir='ltr'>ventur:</span> <span class='ocrx_word' id='word_1_251' title='bbox 604 2666 704 2706; x_wconf 87' lang='lat' dir='ltr'>quae</span> <span class='ocrx_word' id='word_1_252' title='bbox 747 2666 850 2692; x_wconf 89' lang='lat' dir='ltr'>vero</span> <span class='ocrx_word' id='word_1_253' title='bbox 892 2650 1107 2693; x_wconf 87' lang='lat' dir='ltr'>excedunt</span> <span class='ocrx_word' id='word_1_254' title='bbox 1155 2665 1381 2707; x_wconf 91' lang='lat' dir='ltr'>nunquam</span> <span class='ocrx_word' id='word_1_255' title='bbox 1430 2652 1712 2707; x_wconf 90' lang='lat' dir='ltr'>pensionibus</span> <span class='ocrx_word' id='word_1_256' title='bbox 1753 2652 1824 2694; x_wconf 87' lang='lat' dir='ltr'>vel</span> <span class='ocrx_word' id='word_1_257' title='bbox 1870 2670 1874 2701; x_wconf 68' lang='lat'><strong><em>1</em></strong></span> 
     </span>
     <span class='ocr_line' id='line_1_34' title="bbox 366 2723 1872 2787; baseline 0 -22"><span class='ocrx_word' id='word_1_258' title='bbox 366 2725 736 2767; x_wconf 83' lang='lat' dir='ltr'>reservationibus</span> <span class='ocrx_word' id='word_1_259' title='bbox 769 2724 995 2766; x_wconf 88' lang='lat' dir='ltr'>fructuum</span> <span class='ocrx_word' id='word_1_260' title='bbox 1028 2724 1144 2765; x_wconf 89' lang='lat' dir='ltr'>ultra</span> <span class='ocrx_word' id='word_1_261' title='bbox 1180 2723 1404 2766; x_wconf 90' lang='lat' dir='ltr'>dimidiam</span> <span class='ocrx_word' id='word_1_262' title='bbox 1439 2723 1617 2780; x_wconf 88' lang='lat' dir='ltr'>posthac</span> <span class='ocrx_word' id='word_1_263' title='bbox 1650 2725 1826 2781; x_wconf 86' lang='lat' dir='ltr'>gravari</span> <span class='ocrx_word' id='word_1_264' title='bbox 1869 2781 1872 2787; x_wconf 64' lang='lat'>,</span> 
     </span>
    </p>
   </div>
   <div class='ocr_carea' id='block_1_5' title="bbox 1854 1046 1905 3254">
    <p class='ocr_par' dir='ltr' id='par_1_8' title="bbox 1854 1046 1905 3254">
     <span class='ocr_line' id='line_1_35' title="bbox 1854 1046 1905 3254; baseline 0 0"><span class='ocrx_word' id='word_1_265' title='bbox 1854 1046 1905 3254; x_wconf 95' lang='lat' dir='ltr'> </span> 
     </span>
    </p>
   </div>
  </div>
 </body>
</html>
