1905 3254
703 301 811 332 snss.
839 302 879 333 v.
1442 297 1522 338 153

61 399 180 441 tibus
215 416 312 443 cum
353 418 422 445 res
458 406 716 461 postularet,
754 408 856 451 data
881 410 1025 458 fuerit,
1058 421 1109 455 ut
1145 421 1188 457 et
1219 431 1350 458 sacrae
1382 418 1522 460 literae

60 471 227 523 docent,
251 483 295 517 et
318 477 439 533 apud
460 486 670 530 vetustos,
708 488 752 523 et
783 482 976 526 illustres
1008 486 1216 531 Ecclesiae
1244 490 1451 540 doctores,
1481 499 1524 534 et

60 552 258 602 receptas
281 563 327 589 ae
346 550 554 604 probatas
567 551 770 595 historias
791 555 938 598 videre
962 566 1038 600 est.
1091 561 1209 603 Nam
1231 563 1348 620 quod
1369 564 1522 606 Domi-

59 632 143 658 nus
164 618 286 669 dixit,
306 620 446 662 bibite
467 638 518 663 ex·
542 639 603 671 eo,
627 631 682 673 et,
706 640 865 676 omnes,
883 629 993 670 nihil
1014 633 1190 688 utrique.
1211 637 1372 690 speciei
1392 637 1520 679 laico-

57 704 155 730 rum
188 693 500 746 patrocinatur,
535 711 631 738 cum
664 698 755 740 haec
787 702 925 742 verba
960 705 1198 759 Apostolis,
1234 708 1521 764 quostacer·

56 760 179 802 dotes
199 762 242 803 in
262 778 385 806 coena
400 766 674 819 instituebat,
695 770 854 814 dixisse
869 773 1111 818 Dominum
1131 778 1202 819 vel
1224 795 1277 821 ex
1295 795 1346 822 eo
1365 781 1519 839 liquet,

57 834 176 890 quod
192 836 368 879 Marcus
391 839 464 888 ait,
488 848 532 882 et
556 843 765 887 biberunt
788 862 842 889 ex
864 863 914 889 eo
935 864 1106 900 omnes;
1139 852 1259 907 quod
1279 855 1314 894 si
1338 855 1393 896 ad
1415 857 1519 898 alios

55 906 203 948 fideles
220 908 333 950 illud
354 919 552 967 spectare
575 917 916 961 existimandum
933 929 1008 970 est,
1033 922 1089 964 ad
1109 924 1205 966 illos
1227 925 1404 968 demum
1420 944 1517 984 per-

56 981 229 1030 tinebit,
265 984 343 1039 qui
384 986 621 1030 Sacerdotii
660 1006 844 1034 munera
877 995 1088 1037 obeuntes
1117 998 1162 1038 in
1200 1000 1514 1055 Apostolorum

53 1053 195 1094 locum
216 1067 528 1110 successerunt,
551 1061 630 1104 hoc
649 1071 728 1113 est,
752 1066 1038 1123 Presbyteros
1070 1076 1113 1111 et
1135 1070 1388 1128 Episcopos,
1412 1089 1516 1129 quo-

53 1140 148 1167 rum
185 1134 250 1169 est
273 1129 440 1173 Christi
474 1149 632 1191 corpus
668 1144 712 1179 et
746 1141 1007 1196 sanguinem
1040 1143 1123 1183 sub
1153 1150 1340 1200 utraque
1370 1148 1515 1202 specie

52 1200 290 1256 percipere,
323 1203 428 1247 dum
466 1208 549 1248 sub
582 1216 772 1266 utraque
801 1214 1051 1255 venerabile
1083 1215 1161 1257 hoc
1193 1227 1512 1262 sacramentum

52 1273 296 1324 conficiunt,
331 1279 449 1333 quod
476 1283 751 1336 potissimum
778 1284 982 1327 Christus
1013 1288 1109 1343 ipso
1137 1289 1251 1331 facto
1273 1307 1351 1334 suo
1371 1294 1415 1334 in
1437 1294 1514 1336 illa

53 1346 210 1389 ultima
231 1364 355 1392 coena
377 1366 449 1393 eos
470 1353 622 1397 docere
642 1357 914 1401 intendebat.

112 1420 198 1461 Sed
217 1437 360 1480 neque
382 1425 458 1467 illa
479 1428 613 1469 verba
633 1428 828 1480 Domini,
851 1433 934 1474 nisi
953 1435 1319 1480 manducaveritis
1342 1454 1510 1482 carnem

52 1492 129 1533 filii
160 1493 357 1547 hominis,
398 1507 443 1541 et
475 1501 677 1544 biberitis
717 1506 810 1560 ejus
851 1508 1124 1563 sanguinem,
1167 1526 1252 1552 non
1290 1511 1513 1556 habebitis

50 1565 185 1607 vitain
217 1568 261 1609 in
294 1571 432 1620 vobis,
464 1574 526 1614 ita
559 1575 694 1631 accipi
727 1576 903 1627 debent,
928 1588 976 1621 ut
1004 1582 1110 1637 ipsis
1134 1590 1323 1640 utraque
1345 1587 1511 1642 species

50 1637 172 1680 laicis
201 1643 516 1699 praecipiatur:
548 1662 661 1697 nam,
697 1651 900 1704 quamvis
934 1653 1098 1695 multos
1121 1656 1300 1698 Graecos
1321 1666 1365 1699 et
1387 1659 1509 1701 Lati-

48 1725 125 1751 nos
143 1712 296 1755 Patres
317 1717 536 1771 sequendo
553 1720 873 1764 concedendum
896 1725 963 1771 sit,
987 1727 1123 1767 verba
1143 1728 1262 1769 illius
1282 1731 1436 1785 capitis
1454 1733 1511 1774 ad

47 1782 343 1826 Eucharistiae
379 1797 696 1833 sacramentum
734 1795 983 1848 pertinere3
1017 1812 1100 1837 non
1130 1805 1276 1841 tamen
1312 1816 1366 1843 ex
1397 1818 1509 1859 prae·

49 1855 176 1898 (lictis
198 1859 345 1900 verbis
366 1861 513 1918 colligi
534 1871 680 1919 potest
700 1881 857 1922 panem
878 1869 1245 1922 manducandum,
1267 1882 1312 1916 et
1333 1876 1508 1918 calicem

49 1927 306 1980 bibendum,
341 1931 578 1977 Dominum
621 1940 877 1995 praecepisse
901 1958 908 1981 :
957 1942 1043 1992 scd,
1080 1960 1177 1985 cum
1219 1961 1244 1987 a
1283 1950 1509 1992 vocabulis

49 2002 173 2056 panis
194 2011 237 2044 et
258 2005 401 2046 calicis
419 2008 716 2060 abstinuisset,
736 2027 835 2067 quae
858 2021 961 2055 sunt
983 2031 1006 2056 a
1029 2017 1172 2059 tribus
1188 2020 1505 2078 Evangelistis,

49 2081 92 2115 et
125 2089 150 2117 a
182 2076 323 2119 Paulo
359 2079 414 2120 ad
449 2080 744 2125 Eucharistiae
779 2086 862 2126 sub
892 2094 1079 2144 utraque
1116 2092 1258 2146 specie
1293 2094 1507 2151 significa-

48 2146 207 2189 tionem
229 2159 575 2202 commcmorata,
593 2169 637 2195 se
660 2170 744 2197 non
766 2156 819 2198 de
842 2160 1072 2214 speciebus
1092 2161 1225 2218 loqui,
1250 2165 1327 2206 scd
1346 2166 1399 2208 de
1419 2183 1505 2208 cor-

46 2233 152 2274 pore
173 2235 250 2263 suo
272 2229 317 2264 et
337 2226 566 2281 sanguine,
601 2243 702 2284 quae
739 2230 822 2271 sub
856 2233 1086 2287 speciebus
1117 2235 1302 2291 singulis
1331 2238 1507 2297 integra

47 2294 332 2344 continentur,
356 2304 399 2338 et
421 2300 742 2356 percipiuntur,
760 2304 1037 2360 significavit.
1101 2307 1333 2364 Nusquam
1355 2320 1504 2355 autem

47 2363 263 2409 Dominus
298 2369 374 2411 illo
410 2380 531 2414 sexto
568 2375 725 2431 capite,
768 2376 821 2417 de
855 2378 986 2420 calice
1020 2387 1063 2421 et
1094 2381 1193 2421 vino
1215 2385 1426 2434 meminit,
1461 2393 1506 2428 et

48 2441 294 2484 universam
350 2445 468 2487 illam
515 2463 612 2488 cum
657 2449 966 2506 Caphernaitis
1023 2453 1365 2510 disputationem
1418 2473 1504 2500 uno

48 2513 180 2555 verbo
205 2516 408 2567 absolvit,
432 2519 593 2571 dicens,
616 2523 692 2578 qui
727 2524 960 2567 manducat
993 2526 1107 2568 hunc
1138 2544 1294 2584 panem
1317 2531 1438 2573 vivet
1458 2533 1503 2574 in

47 2592 270 2630 aeternum.
