1905 3254
1891 178 1895 185 '
1892 162 1894 167 ⁴
1892 134 1896 154 Τ
1892 0 1905 126 “’Ῑ“”“”ᾞ““

346 302 430 342 244
983 314 1093 344 sess.
1119 315 1178 345 vl.

348 423 481 470 derio,
513 423 596 463 nisi
618 437 671 463 cx
693 435 903 477 perversa
924 420 1074 476 aliqua
1094 421 1284 468 ratione3
1319 421 1528 476 quoniam
1552 420 1628 476 qui
1651 418 1810 461 Catho-

347 497 457 537 licus
489 503 532 536 ct
565 495 769 542 solicitus,
797 495 884 535 imo
906 495 983 549 qui
1006 494 1114 534 adeo
1134 494 1420 549 pertinaciter
1440 500 1576 534 certat
1596 507 1730 548 super
1750 507 1809 540 re,

350 584 451 624 quae
470 568 578 609 nihil
601 568 781 624 expedit
812 567 867 608 ad
896 567 1096 614 salutem,
1120 567 1156 607 is
1185 582 1236 608 eo
1257 567 1398 623 magis
1420 573 1649 622 suspectus
1669 565 1811 607 reddi-

349 650 436 691 tur,
460 649 503 683 et
525 643 580 683 ab
603 657 653 683 eo
676 641 978 682 vehementius
999 641 1253 682 cavendum.

409 716 466 756 8⁰.
499 715 632 756 Ratio
661 716 739 756 illa
759 715 972 755 Ecclesiae
996 714 1052 754 ob
1085 713 1333 769 periculum
1356 713 1577 754 effusionis
1611 729 1658 754 ac
1687 715 1812 755 sacri-

349 787 456 843 legii
477 787 618 828 adhuc
640 788 809 843 vigebit
823 803 833 836 3
865 801 1095 842 nunquam
1119 787 1247 834 enim,
1285 784 1494 826 adhibitis
1525 786 1654 827 etiam
1677 787 1813 827 omni-

352 861 434 900 bus
467 861 754 907 cautionibus,
790 859 893 900 huic
925 860 988 900 rei
1025 860 1187 914 poterit
1221 858 1457 914 provideri,
1490 860 1735 915 praesertim
1770 860 1816 901 in

352 947 515 988 magna
554 932 838 972 multitudine
878 932 1036 987 populi
1083 931 1240 972 diebus
1282 930 1516 979 paschatis,
1564 932 1644 972 ubi
1684 931 1815 973 cadus

352 1006 443 1045 vini
474 1005 548 1045 vix
583 1005 778 1051 sufficiet,
809 1006 885 1061 qui
918 1021 996 1046 nec
1030 1006 1210 1061 poterit,
1244 1020 1321 1046 nec
1349 1004 1521 1046 decebit
1555 1005 1791 1046 consecrari
1802 1022 1814 1056 3

352 1094 427 1119 nec
450 1079 642 1127 senibus,
675 1094 753 1119 nec
774 1079 1031 1135 paralyticis
1066 1079 1233 1135 absque
1266 1093 1426 1135 magno
1456 1079 1652 1135 periculo
1672 1079 1815 1120 minis-

352 1153 471 1193 trari.

411 1226 468 1267 90.
504 1226 551 1266 Si
583 1225 758 1281 quando
795 1225 994 1266 Ecclesia
1035 1225 1233 1280 permisit
1272 1239 1401 1265 usum
1444 1223 1618 1273 Calicis,
1653 1224 1700 1265 id
1732 1224 1818 1266 fuit

352 1298 698 1339 dissimulatione
738 1298 942 1354 quadam,
985 1304 1028 1339 et
1071 1298 1227 1338 sensim
1261 1297 1511 1345 admissum,
1546 1313 1633 1339 non
1667 1299 1816 1340 statim

354 1371 616 1427 generaliter
637 1371 727 1411 ullo
758 1372 802 1411 in
834 1371 925 1411 loco
958 1370 1257 1411 introductum
1290 1377 1473 1426 propter
1499 1371 1751 1412 scandalum
1773 1378 1818 1413 et

356 1444 441 1485 alia
462 1443 754 1484 incommoda:
786 1458 898 1484 nunc
915 1458 1019 1484 vero
1042 1443 1309 1499 generaliter
1329 1442 1443 1483 illud
1465 1443 1626 1499 Synodi
1642 1444 1816 1486 decreto

355 1518 615 1558 constituere
636 1517 765 1558 nimis
786 1532 949 1557 novum
972 1524 1098 1564 esset,
1132 1523 1176 1557 et
1197 1517 1253 1557 ab
1274 1517 1586 1572 antiquissimis
1608 1517 1818 1561 Patribus

355 1604 581 1643 nunquam
604 1589 854 1644 probatum.

415 1661 496 1701 100.
533 1660 698 1701 Mirum
731 1668 774 1702 et
806 1668 870 1701 tot
903 1661 1009 1701 alias
1042 1675 1143 1702 vere
1182 1660 1429 1703 Catholicas
1470 1662 1682 1712 nationes,
1716 1678 1818 1719 quae
1873 1706 1877 1712 ,

353 1749 581 1789 nunquam
612 1735 655 1774 in
688 1733 772 1775 fide
806 1734 1081 1783 vacillarunt,
1116 1750 1164 1775 ac
1198 1735 1291 1776 zelo
1322 1735 1410 1776 Dei
1441 1743 1485 1778 et
1505 1737 1682 1778 scientia
1703 1753 1816 1794 prae-
1872 1743 1876 1795 ξ

353 1816 482 1858 stant,
520 1824 593 1849 cas
624 1816 767 1850 tamen
799 1824 885 1849 non
920 1809 1060 1849 solum
1093 1808 1172 1849 hoc
1201 1824 1286 1850 non
1320 1817 1543 1866 appetere,
1576 1810 1651 1852 sed
1672 1812 1818 1867 potius
1870 1799 1875 1868 l

1871 1870 1875 1885 t

354 1880 588 1921 detestari:
624 1882 842 1936 quomodo
867 1881 1008 1937 igitur
1039 1882 1391 1923 existimabimus
1412 1882 1502 1930 hos,
1527 1883 1602 1940 qui
1622 1884 1818 1939 quotidie

354 1954 606 2010 improbum
645 1954 813 2010 aliquid
853 1954 1063 1995 adversus
1096 1955 1337 1996 Ecclesiam
1374 1955 1690 2006 machinantur,
1727 1956 1819 1998 sola
1869 1955 1873 2011 J

354 2042 469 2068 nunc
509 2029 675 2083 pietate
717 2043 765 2068 ac
803 2027 892 2068 Dei
931 2027 1066 2075 cultu,
1109 2034 1153 2068 et
1192 2042 1277 2068 non
1316 2028 1464 2083 potius
1503 2029 1686 2078 malitia,
1726 2029 1820 2071 haec
1867 2027 1872 2069 ξ

357 2099 628 2156 efflagitare?
1865 2098 1871 2174 ἓ

419 2175 500 2214 110.
535 2173 582 2214 Si
613 2173 721 2229 quid
754 2172 1076 2214 concedendum
1112 2181 1237 2222 esset,
1274 2174 1320 2215 id
1353 2189 1378 2215 a
1410 2189 1580 2215 summo
1611 2175 1819 2216 Pontifice

356 2247 449 2288 fieri
485 2253 670 2302 oportet,
707 2247 785 2302 qui
816 2261 896 2302 per
931 2248 1024 2302 ejus
1055 2247 1264 2304 Legatos,
1289 2248 1498 2296 Nuncios,
1522 2255 1566 2289 et
1594 2247 1819 2289 Ministros
1864 2291 1867 2305 ¹

356 2326 469 2360 recte
503 2320 744 2360 instructus
779 2334 870 2359 esse
903 2326 1049 2374 potest
1085 2319 1138 2360 de
1179 2321 1385 2369 moribus,
1426 2322 1615 2377 ingenio,
1658 2328 1701 2362 et
1734 2321 1819 2362 fide

355 2393 548 2440 istorum,
591 2392 667 2447 qui
707 2398 874 2447 petant.
953 2393 1016 2433 At
1057 2393 1227 2442 Patres,
1277 2394 1353 2449 qui
1399 2401 1501 2435 sunt.
1539 2395 1583 2435 in
1633 2394 1818 2450 SynodO,
1861 2387 1866 2412 ²

357 2465 525 2505 nullam
548 2465 636 2506 fere
657 2464 813 2505 harum
836 2465 1061 2506 nationum
1084 2466 1288 2507 notitiam
1309 2467 1488 2516 habent,
1511 2483 1590 2509 nec
1606 2472 1703 2509 tuta
1723 2484 1819 2510 con·
1860 2523 1861 2526 Ἴ

357 2538 537 2578 scientia
558 2537 764 2578 videntur
795 2538 841 2578 id
869 2553 995 2593 posse
1023 2538 1268 2594 indulgere,
1292 2554 1389 2580 cum
1410 2540 1602 2581 nesciant
1623 2541 1699 2596 qui
1720 2541 1817 2589 sint,
1859 2535 1864 2560 '

359 2618 573 2666 quantum
597 2611 657 2651 eis
678 2610 913 2660 fidendum,
936 2610 1042 2667 quid
1062 2611 1116 2652 de
1139 2612 1200 2653 eis
1221 2611 1499 2668 sperandum.
1857 2606 1862 2660 Ξ

420 2684 501 2723 120.
534 2683 672 2723 Nullo
704 2698 895 2738 unquam
917 2690 1113 2740 tempore
1137 2691 1201 2725 tot
1220 2684 1408 2726 haereses
1437 2686 1549 2727 circa
1575 2686 1654 2727 hoc
1680 2701 1818 2728 sacra·
1856 2723 1860 2744 Ι

360 2762 556 2796 mentum
590 2755 847 2805 extiterunt,
880 2763 988 2811 quot
1028 2755 1155 2797 hodie
1193 2757 1374 2812 vigent:
1416 2758 1495 2798 ubi
1535 2758 1702 2814 aliquid
1742 2774 1817 2799 nos
1854 2759 1860 2821 J

361 2828 656 2877 immutamus,
694 2829 841 2870 statim
874 2829 1027 2884 aliqua
1066 2829 1244 2871 haeresis
1285 2845 1338 2871 ex
1375 2831 1427 2871 iis
1467 2835 1653 2886 majores
1685 2832 1817 2873 sumit
1855 2826 1859 2861 ’ἶ

1854 2948 1856 2955 >
