<?xml version="1.0" encoding="UTF-8"?>
<!DOCTYPE html PUBLIC "-//W3C//DTD XHTML 1.0 Transitional//EN"
    "http://www.w3.org/TR/xhtml1/DTD/xhtml1-transitional.dtd">
<html xmlns="http://www.w3.org/1999/xhtml" xml:lang="en" lang="en">
 <head>
  <title>
</title>
<meta http-equiv="Content-Type" content="text/html;charset=utf-8" />
  <meta name='ocr-system' content='tesseract 3.04.00' />
  <meta name='ocr-capabilities' content='ocr_page ocr_carea ocr_par ocr_line ocrx_word'/>
</head>
<body>
  <div class='ocr_page' id='page_1' title='image "actaconciliitrid00paleuoft_0197.png"; bbox 0 0 1905 3254; ppageno 0'>
   <div class='ocr_carea' id='block_1_1' title="bbox 665 270 1504 314">
    <p class='ocr_par' dir='ltr' id='par_1_1' title="bbox 665 270 1504 314">
     <span class='ocr_line' id='line_1_1' title="bbox 665 270 1504 314; baseline -0.005 -1"><span class='ocrx_word' id='word_1_1' title='bbox 665 285 779 314; x_wconf 81' lang='lat' dir='ltr'>sEss.</span> <span class='ocrx_word' id='word_1_2' title='bbox 806 284 869 314; x_wconf 77' lang='lat'>111.</span> <span class='ocrx_word' id='word_1_3' title='bbox 1425 270 1504 310; x_wconf 82' lang='lat'>1:25</span> 
     </span>
    </p>
   </div>
   <div class='ocr_carea' id='block_1_2' title="bbox 41 390 1504 2846">
    <p class='ocr_par' dir='ltr' id='par_1_2' title="bbox 41 390 1504 2846">
     <span class='ocr_line' id='line_1_2' title="bbox 46 390 1502 447; baseline -0.003 -12"><span class='ocrx_word' id='word_1_4' title='bbox 46 394 216 435; x_wconf 84' lang='lat' dir='ltr'>tholicae</span> <span class='ocrx_word' id='word_1_5' title='bbox 249 392 349 434; x_wconf 86' lang='lat' dir='ltr'>fidei</span> <span class='ocrx_word' id='word_1_6' title='bbox 380 392 706 439; x_wconf 86' lang='lat' dir='ltr'>incrementum,</span> <span class='ocrx_word' id='word_1_7' title='bbox 737 407 784 432; x_wconf 87' lang='lat' dir='ltr'>ac</span> <span class='ocrx_word' id='word_1_8' title='bbox 819 390 1083 432; x_wconf 83' lang='lat' dir='ltr'>Christianae</span> <span class='ocrx_word' id='word_1_9' title='bbox 1112 391 1390 447; x_wconf 74' lang='lat' dir='ltr'>Reipublicae.</span> <span class='ocrx_word' id='word_1_10' title='bbox 1416 405 1502 431; x_wconf 87' lang='lat' dir='ltr'>am-</span> 
     </span>
     <span class='ocr_line' id='line_1_3' title="bbox 45 462 1503 522; baseline -0.002 -15"><span class='ocrx_word' id='word_1_11' title='bbox 45 466 311 522; x_wconf 90' lang='lat' dir='ltr'>plitudinem</span> <span class='ocrx_word' id='word_1_12' title='bbox 348 465 567 520; x_wconf 86' lang='lat' dir='ltr'>pertinere</span> <span class='ocrx_word' id='word_1_13' title='bbox 601 464 834 519; x_wconf 85' lang='lat' dir='ltr'>putabant,</span> <span class='ocrx_word' id='word_1_14' title='bbox 858 465 970 505; x_wconf 88' lang='lat' dir='ltr'>inter</span> <span class='ocrx_word' id='word_1_15' title='bbox 1002 479 1046 505; x_wconf 91' lang='lat' dir='ltr'>se</span> <span class='ocrx_word' id='word_1_16' title='bbox 1075 464 1354 512; x_wconf 83' lang='lat' dir='ltr'>constituant,</span> <span class='ocrx_word' id='word_1_17' title='bbox 1388 462 1503 504; x_wconf 89' lang='lat' dir='ltr'>unde</span> 
     </span>
     <span class='ocr_line' id='line_1_4' title="bbox 45 536 1504 587; baseline -0.002 -8"><span class='ocrx_word' id='word_1_18' title='bbox 45 553 108 587; x_wconf 86' lang='lat' dir='ltr'>ea,</span> <span class='ocrx_word' id='word_1_19' title='bbox 142 539 334 579; x_wconf 87' lang='lat' dir='ltr'>omnium</span> <span class='ocrx_word' id='word_1_20' title='bbox 368 537 637 578; x_wconf 85' lang='lat' dir='ltr'>authoritate</span> <span class='ocrx_word' id='word_1_21' title='bbox 672 537 858 584; x_wconf 87' lang='lat' dir='ltr'>firmata,</span> <span class='ocrx_word' id='word_1_22' title='bbox 890 551 971 577; x_wconf 86' lang='lat' dir='ltr'>usu</span> <span class='ocrx_word' id='word_1_23' title='bbox 1009 537 1141 577; x_wconf 88' lang='lat' dir='ltr'>etiam</span> <span class='ocrx_word' id='word_1_24' title='bbox 1179 536 1362 577; x_wconf 86' lang='lat' dir='ltr'>celerius</span> <span class='ocrx_word' id='word_1_25' title='bbox 1395 536 1504 577; x_wconf 90' lang='lat' dir='ltr'>rcci-</span> 
     </span>
     <span class='ocr_line' id='line_1_5' title="bbox 46 607 1504 667; baseline -0.002 -17"><span class='ocrx_word' id='word_1_26' title='bbox 46 612 235 667; x_wconf 81' lang='lat' dir='ltr'>piantur,</span> <span class='ocrx_word' id='word_1_27' title='bbox 277 611 487 651; x_wconf 85' lang='lat' dir='ltr'>hactenus</span> <span class='ocrx_word' id='word_1_28' title='bbox 529 609 706 665; x_wconf 91' lang='lat' dir='ltr'>quidem</span> <span class='ocrx_word' id='word_1_29' title='bbox 759 610 836 664; x_wconf 89' lang='lat' dir='ltr'>pia</span> <span class='ocrx_word' id='word_1_30' title='bbox 875 608 1151 649; x_wconf 83' lang='lat' dir='ltr'>solicitudine</span> <span class='ocrx_word' id='word_1_31' title='bbox 1202 607 1312 648; x_wconf 89' lang='lat' dir='ltr'>nihil</span> <span class='ocrx_word' id='word_1_32' title='bbox 1362 608 1504 663; x_wconf 86' lang='lat' dir='ltr'>magis</span> 
     </span>
     <span class='ocr_line' id='line_1_6' title="bbox 45 681 1502 739; baseline -0.001 -15"><span class='ocrx_word' id='word_1_33' title='bbox 45 684 281 731; x_wconf 83' lang='lat' dir='ltr'>contendit,</span> <span class='ocrx_word' id='word_1_34' title='bbox 305 698 435 739; x_wconf 89' lang='lat' dir='ltr'>quam</span> <span class='ocrx_word' id='word_1_35' title='bbox 458 689 508 723; x_wconf 93' lang='lat' dir='ltr'>ut</span> <span class='ocrx_word' id='word_1_36' title='bbox 527 682 722 722; x_wconf 90' lang='lat' dir='ltr'>fidelium</span> <span class='ocrx_word' id='word_1_37' title='bbox 747 681 874 722; x_wconf 90' lang='lat' dir='ltr'>corda</span> <span class='ocrx_word' id='word_1_38' title='bbox 896 696 1069 723; x_wconf 85' lang='lat' dir='ltr'>sursum</span> <span class='ocrx_word' id='word_1_39' title='bbox 1094 682 1352 729; x_wconf 83' lang='lat' dir='ltr'>excitentur,</span> <span class='ocrx_word' id='word_1_40' title='bbox 1383 687 1425 722; x_wconf 87' lang='lat' dir='ltr'>et</span> <span class='ocrx_word' id='word_1_41' title='bbox 1449 697 1502 722; x_wconf 86' lang='lat' dir='ltr'>ex</span> 
     </span>
     <span class='ocr_line' id='line_1_7' title="bbox 45 754 1504 812; baseline -0.001 -15"><span class='ocrx_word' id='word_1_42' title='bbox 45 757 158 797; x_wconf 86' lang='lat' dir='ltr'>vivis</span> <span class='ocrx_word' id='word_1_43' title='bbox 180 756 405 812; x_wconf 85' lang='lat' dir='ltr'>lapidibus</span> <span class='ocrx_word' id='word_1_44' title='bbox 427 755 614 796; x_wconf 86' lang='lat' dir='ltr'>coelestis</span> <span class='ocrx_word' id='word_1_45' title='bbox 637 754 921 795; x_wconf 82' lang='lat' dir='ltr'>Hierusalem</span> <span class='ocrx_word' id='word_1_46' title='bbox 945 754 1182 795; x_wconf 86' lang='lat' dir='ltr'>edificetur.</span> <span class='ocrx_word' id='word_1_47' title='bbox 1228 754 1340 795; x_wconf 88' lang='lat' dir='ltr'>Cum</span> <span class='ocrx_word' id='word_1_48' title='bbox 1365 755 1504 811; x_wconf 86' lang='lat' dir='ltr'>igitur</span> 
     </span>
     <span class='ocr_line' id='line_1_8' title="bbox 42 827 1502 884; baseline -0.001 -15"><span class='ocrx_word' id='word_1_49' title='bbox 42 843 154 869; x_wconf 89' lang='lat' dir='ltr'>nunc</span> <span class='ocrx_word' id='word_1_50' title='bbox 195 829 398 884; x_wconf 88' lang='lat' dir='ltr'>primum,</span> <span class='ocrx_word' id='word_1_51' title='bbox 440 829 504 869; x_wconf 87' lang='lat' dir='ltr'>ita</span> <span class='ocrx_word' id='word_1_52' title='bbox 542 827 823 883; x_wconf 83' lang='lat' dir='ltr'>exigentibus</span> <span class='ocrx_word' id='word_1_53' title='bbox 864 827 1150 883; x_wconf 83' lang='lat' dir='ltr'>temporibus,</span> <span class='ocrx_word' id='word_1_54' title='bbox 1197 828 1410 868; x_wconf 89' lang='lat' dir='ltr'>nonnulla</span> <span class='ocrx_word' id='word_1_55' title='bbox 1449 827 1502 868; x_wconf 91' lang='lat' dir='ltr'>dc</span> 
     </span>
     <span class='ocr_line' id='line_1_9' title="bbox 42 900 1501 955; baseline -0.002 -13"><span class='ocrx_word' id='word_1_56' title='bbox 42 916 211 942; x_wconf 91' lang='lat' dir='ltr'>morum</span> <span class='ocrx_word' id='word_1_57' title='bbox 246 902 549 942; x_wconf 85' lang='lat' dir='ltr'>reformatione</span> <span class='ocrx_word' id='word_1_58' title='bbox 582 900 854 942; x_wconf 87' lang='lat' dir='ltr'>instituenda</span> <span class='ocrx_word' id='word_1_59' title='bbox 889 915 980 941; x_wconf 89' lang='lat' dir='ltr'>esse</span> <span class='ocrx_word' id='word_1_60' title='bbox 1010 900 1239 947; x_wconf 82' lang='lat' dir='ltr'>censuerit,</span> <span class='ocrx_word' id='word_1_61' title='bbox 1274 915 1358 955; x_wconf 87' lang='lat' dir='ltr'>quo</span> <span class='ocrx_word' id='word_1_62' title='bbox 1392 915 1501 940; x_wconf 90' lang='lat' dir='ltr'>com-</span> 
     </span>
     <span class='ocr_line' id='line_1_10' title="bbox 42 971 1502 1030; baseline -0.001 -16"><span class='ocrx_word' id='word_1_63' title='bbox 42 973 214 1015; x_wconf 89' lang='lat' dir='ltr'>modius</span> <span class='ocrx_word' id='word_1_64' title='bbox 247 975 388 1030; x_wconf 90' lang='lat' dir='ltr'>primo</span> <span class='ocrx_word' id='word_1_65' title='bbox 422 989 600 1030; x_wconf 89' lang='lat' dir='ltr'>quoque</span> <span class='ocrx_word' id='word_1_66' title='bbox 635 981 832 1029; x_wconf 82' lang='lat' dir='ltr'>tempore</span> <span class='ocrx_word' id='word_1_67' title='bbox 865 987 964 1028; x_wconf 75' lang='lat' dir='ltr'>quae</span> <span class='ocrx_word' id='word_1_68' title='bbox 986 971 1240 1027; x_wconf 83' lang='lat' dir='ltr'>dogmatum</span> <span class='ocrx_word' id='word_1_69' title='bbox 1264 980 1502 1027; x_wconf 83' lang='lat' dir='ltr'>supersunt</span> 
     </span>
     <span class='ocr_line' id='line_1_11' title="bbox 42 1044 1501 1101; baseline 0 -17"><span class='ocrx_word' id='word_1_70' title='bbox 42 1044 319 1100; x_wconf 89' lang='lat' dir='ltr'>despicienda</span> <span class='ocrx_word' id='word_1_71' title='bbox 352 1052 697 1101; x_wconf 72' lang='lat' dir='ltr'>pertractentur,</span> <span class='ocrx_word' id='word_1_72' title='bbox 732 1045 878 1085; x_wconf 84' lang='lat' dir='ltr'>Multa</span> <span class='ocrx_word' id='word_1_73' title='bbox 909 1059 1026 1090; x_wconf 85' lang='lat' dir='ltr'>sane,</span> <span class='ocrx_word' id='word_1_74' title='bbox 1056 1059 1198 1099; x_wconf 88' lang='lat' dir='ltr'>eaque</span> <span class='ocrx_word' id='word_1_75' title='bbox 1221 1044 1408 1085; x_wconf 84' lang='lat' dir='ltr'>maxime</span> <span class='ocrx_word' id='word_1_76' title='bbox 1431 1059 1501 1085; x_wconf 88' lang='lat' dir='ltr'>nc-</span> 
     </span>
     <span class='ocr_line' id='line_1_12' title="bbox 42 1116 1500 1173; baseline 0.001 -16"><span class='ocrx_word' id='word_1_77' title='bbox 42 1118 239 1166; x_wconf 87' lang='lat' dir='ltr'>cessaria,</span> <span class='ocrx_word' id='word_1_78' title='bbox 282 1117 487 1173; x_wconf 91' lang='lat' dir='ltr'>pluribus</span> <span class='ocrx_word' id='word_1_79' title='bbox 529 1117 925 1159; x_wconf 82' lang='lat' dir='ltr'>consultationibus</span> <span class='ocrx_word' id='word_1_80' title='bbox 961 1116 1197 1172; x_wconf 83' lang='lat' dir='ltr'>diligenter</span> <span class='ocrx_word' id='word_1_81' title='bbox 1238 1118 1500 1165; x_wconf 87' lang='lat' dir='ltr'>examinata,</span> 
     </span>
     <span class='ocr_line' id='line_1_13' title="bbox 42 1189 1502 1246; baseline 0.001 -15"><span class='ocrx_word' id='word_1_82' title='bbox 42 1190 290 1246; x_wconf 85' lang='lat' dir='ltr'>collegerat,</span> <span class='ocrx_word' id='word_1_83' title='bbox 336 1198 385 1231; x_wconf 90' lang='lat' dir='ltr'>ut</span> <span class='ocrx_word' id='word_1_84' title='bbox 425 1190 503 1231; x_wconf 91' lang='lat' dir='ltr'>hoc</span> <span class='ocrx_word' id='word_1_85' title='bbox 544 1192 637 1246; x_wconf 88' lang='lat' dir='ltr'>ipso</span> <span class='ocrx_word' id='word_1_86' title='bbox 678 1190 748 1230; x_wconf 90' lang='lat' dir='ltr'>die</span> <span class='ocrx_word' id='word_1_87' title='bbox 790 1189 968 1245; x_wconf 86' lang='lat' dir='ltr'>publice</span> <span class='ocrx_word' id='word_1_88' title='bbox 1022 1190 1244 1245; x_wconf 87' lang='lat' dir='ltr'>proposita</span> <span class='ocrx_word' id='word_1_89' title='bbox 1284 1192 1502 1232; x_wconf 83' lang='lat' dir='ltr'>communi</span> 
     </span>
     <span class='ocr_line' id='line_1_14' title="bbox 45 1262 1501 1319; baseline 0.001 -15"><span class='ocrx_word' id='word_1_90' title='bbox 45 1264 235 1304; x_wconf 89' lang='lat' dir='ltr'>omnium</span> <span class='ocrx_word' id='word_1_91' title='bbox 257 1265 471 1304; x_wconf 87' lang='lat' dir='ltr'>sententia</span> <span class='ocrx_word' id='word_1_92' title='bbox 492 1264 778 1304; x_wconf 87' lang='lat' dir='ltr'>sancirentur.</span> <span class='ocrx_word' id='word_1_93' title='bbox 831 1262 1011 1303; x_wconf 82' lang='lat' dir='ltr'>Verum.</span> <span class='ocrx_word' id='word_1_94' title='bbox 1036 1278 1129 1302; x_wconf 85' lang='lat' dir='ltr'>cum</span> <span class='ocrx_word' id='word_1_95' title='bbox 1154 1262 1246 1303; x_wconf 70' lang='lat' dir='ltr'>lucc</span> <span class='ocrx_word' id='word_1_96' title='bbox 1268 1264 1376 1319; x_wconf 79' lang='lat' dir='ltr'>ipsa,</span> <span class='ocrx_word' id='word_1_97' title='bbox 1400 1280 1501 1319; x_wconf 80' lang='lat' dir='ltr'>quae</span> 
     </span>
     <span class='ocr_line' id='line_1_15' title="bbox 44 1336 1502 1392; baseline 0.001 -14"><span class='ocrx_word' id='word_1_98' title='bbox 44 1336 98 1378; x_wconf 88' lang='lat' dir='ltr'>ad</span> <span class='ocrx_word' id='word_1_99' title='bbox 131 1337 294 1378; x_wconf 87' lang='lat' dir='ltr'>abusus</span> <span class='ocrx_word' id='word_1_100' title='bbox 326 1337 552 1385; x_wconf 87' lang='lat' dir='ltr'>tollendos,</span> <span class='ocrx_word' id='word_1_101' title='bbox 585 1343 837 1391; x_wconf 84' lang='lat' dir='ltr'>rectamque</span> <span class='ocrx_word' id='word_1_102' title='bbox 871 1351 1037 1376; x_wconf 88' lang='lat' dir='ltr'>morum</span> <span class='ocrx_word' id='word_1_103' title='bbox 1073 1336 1347 1392; x_wconf 85' lang='lat' dir='ltr'>disciplinam</span> <span class='ocrx_word' id='word_1_104' title='bbox 1379 1339 1502 1379; x_wconf 87' lang='lat' dir='ltr'>resti-</span> 
     </span>
     <span class='ocr_line' id='line_1_16' title="bbox 41 1409 1503 1466; baseline 0.002 -16"><span class='ocrx_word' id='word_1_105' title='bbox 41 1409 250 1451; x_wconf 86' lang='lat' dir='ltr'>tuendam</span> <span class='ocrx_word' id='word_1_106' title='bbox 293 1417 504 1466; x_wconf 83' lang='lat' dir='ltr'>spectant,</span> <span class='ocrx_word' id='word_1_107' title='bbox 541 1425 590 1450; x_wconf 90' lang='lat' dir='ltr'>eo</span> <span class='ocrx_word' id='word_1_108' title='bbox 627 1409 800 1450; x_wconf 86' lang='lat' dir='ltr'>facilius</span> <span class='ocrx_word' id='word_1_109' title='bbox 832 1410 874 1449; x_wconf 90' lang='lat' dir='ltr'>in</span> <span class='ocrx_word' id='word_1_110' title='bbox 912 1409 1094 1450; x_wconf 86' lang='lat' dir='ltr'>aliorum</span> <span class='ocrx_word' id='word_1_111' title='bbox 1130 1410 1295 1451; x_wconf 88' lang='lat' dir='ltr'>animos</span> <span class='ocrx_word' id='word_1_112' title='bbox 1334 1411 1503 1453; x_wconf 86' lang='lat' dir='ltr'>soleant</span> 
     </span>
     <span class='ocr_line' id='line_1_17' title="bbox 41 1482 1499 1539; baseline 0.002 -16"><span class='ocrx_word' id='word_1_113' title='bbox 41 1482 178 1531; x_wconf 89' lang='lat' dir='ltr'>illabi,</span> <span class='ocrx_word' id='word_1_114' title='bbox 212 1484 351 1539; x_wconf 88' lang='lat' dir='ltr'>iisque</span> <span class='ocrx_word' id='word_1_115' title='bbox 389 1484 594 1531; x_wconf 86' lang='lat' dir='ltr'>tenacius,</span> <span class='ocrx_word' id='word_1_116' title='bbox 627 1498 673 1524; x_wconf 91' lang='lat' dir='ltr'>ac</span> <span class='ocrx_word' id='word_1_117' title='bbox 710 1487 873 1538; x_wconf 87' lang='lat' dir='ltr'>majore</span> <span class='ocrx_word' id='word_1_118' title='bbox 909 1484 1038 1524; x_wconf 86' lang='lat' dir='ltr'>etiam</span> <span class='ocrx_word' id='word_1_119' title='bbox 1073 1484 1194 1539; x_wconf 86' lang='lat' dir='ltr'>apud</span> <span class='ocrx_word' id='word_1_120' title='bbox 1221 1500 1370 1526; x_wconf 88' lang='lat' dir='ltr'>omnes</span> <span class='ocrx_word' id='word_1_121' title='bbox 1402 1500 1499 1526; x_wconf 92' lang='lat' dir='ltr'>cum</span> 
     </span>
     <span class='ocr_line' id='line_1_18' title="bbox 42 1557 1500 1615; baseline 0.001 -18"><span class='ocrx_word' id='word_1_122' title='bbox 42 1557 361 1598; x_wconf 88' lang='lat' dir='ltr'>existimatione</span> <span class='ocrx_word' id='word_1_123' title='bbox 394 1557 619 1604; x_wconf 85' lang='lat' dir='ltr'>inhaerere,</span> <span class='ocrx_word' id='word_1_124' title='bbox 658 1572 744 1612; x_wconf 87' lang='lat' dir='ltr'>quo</span> <span class='ocrx_word' id='word_1_125' title='bbox 775 1557 905 1597; x_wconf 87' lang='lat' dir='ltr'>variis</span> <span class='ocrx_word' id='word_1_126' title='bbox 933 1557 1167 1597; x_wconf 85' lang='lat' dir='ltr'>multorum</span> <span class='ocrx_word' id='word_1_127' title='bbox 1199 1558 1385 1614; x_wconf 87' lang='lat' dir='ltr'>ingeniis</span> <span class='ocrx_word' id='word_1_128' title='bbox 1408 1559 1500 1615; x_wconf 88' lang='lat' dir='ltr'>ple-</span> 
     </span>
     <span class='ocr_line' id='line_1_19' title="bbox 41 1630 1498 1686; baseline 0.001 -15"><span class='ocrx_word' id='word_1_129' title='bbox 41 1631 139 1671; x_wconf 87' lang='lat' dir='ltr'>nius</span> <span class='ocrx_word' id='word_1_130' title='bbox 189 1645 380 1678; x_wconf 86' lang='lat' dir='ltr'>cxcussa,</span> <span class='ocrx_word' id='word_1_131' title='bbox 429 1646 475 1671; x_wconf 92' lang='lat' dir='ltr'>ac</span> <span class='ocrx_word' id='word_1_132' title='bbox 528 1630 813 1685; x_wconf 88' lang='lat' dir='ltr'>frequentiori</span> <span class='ocrx_word' id='word_1_133' title='bbox 853 1645 1063 1671; x_wconf 91' lang='lat' dir='ltr'>consensu</span> <span class='ocrx_word' id='word_1_134' title='bbox 1110 1631 1241 1672; x_wconf 91' lang='lat' dir='ltr'>fuerit</span> <span class='ocrx_word' id='word_1_135' title='bbox 1285 1633 1498 1686; x_wconf 87' lang='lat' dir='ltr'>probata:</span> 
     </span>
     <span class='ocr_line' id='line_1_20' title="bbox 43 1702 1500 1758; baseline 0.001 -15"><span class='ocrx_word' id='word_1_136' title='bbox 43 1703 285 1758; x_wconf 86' lang='lat' dir='ltr'>Propterea</span> <span class='ocrx_word' id='word_1_137' title='bbox 317 1710 465 1743; x_wconf 88' lang='lat' dir='ltr'>sancta</span> <span class='ocrx_word' id='word_1_138' title='bbox 498 1702 712 1758; x_wconf 79' lang='lat' dir='ltr'>Synodus,</span> <span class='ocrx_word' id='word_1_139' title='bbox 737 1717 837 1757; x_wconf 84' lang='lat' dir='ltr'>quae</span> <span class='ocrx_word' id='word_1_140' title='bbox 860 1704 990 1744; x_wconf 88' lang='lat' dir='ltr'>certis</span> <span class='ocrx_word' id='word_1_141' title='bbox 1011 1704 1181 1743; x_wconf 89' lang='lat' dir='ltr'>nunciis</span> <span class='ocrx_word' id='word_1_142' title='bbox 1209 1719 1349 1758; x_wconf 89' lang='lat' dir='ltr'>nuper</span> <span class='ocrx_word' id='word_1_143' title='bbox 1377 1704 1500 1745; x_wconf 89' lang='lat' dir='ltr'>intel-</span> 
     </span>
     <span class='ocr_line' id='line_1_21' title="bbox 42 1778 1498 1834; baseline 0.001 -15"><span class='ocrx_word' id='word_1_144' title='bbox 42 1778 164 1826; x_wconf 87' lang='lat' dir='ltr'>lexit,</span> <span class='ocrx_word' id='word_1_145' title='bbox 189 1778 476 1834; x_wconf 85' lang='lat' dir='ltr'>quamplures</span> <span class='ocrx_word' id='word_1_146' title='bbox 498 1778 723 1826; x_wconf 79' lang='lat' dir='ltr'>Praelatos,</span> <span class='ocrx_word' id='word_1_147' title='bbox 747 1778 916 1833; x_wconf 87' lang='lat' dir='ltr'>aliquos</span> <span class='ocrx_word' id='word_1_148' title='bbox 947 1778 1076 1818; x_wconf 88' lang='lat' dir='ltr'>etiam</span> <span class='ocrx_word' id='word_1_149' title='bbox 1112 1779 1255 1833; x_wconf 84' lang='lat' dir='ltr'>regios</span> <span class='ocrx_word' id='word_1_150' title='bbox 1277 1778 1498 1826; x_wconf 84' lang='lat' dir='ltr'>Oratores,</span> 
     </span>
     <span class='ocr_line' id='line_1_22' title="bbox 42 1851 1499 1906; baseline 0.002 -16"><span class='ocrx_word' id='word_1_151' title='bbox 42 1851 85 1890; x_wconf 88' lang='lat' dir='ltr'>in</span> <span class='ocrx_word' id='word_1_152' title='bbox 127 1852 281 1892; x_wconf 86' lang='lat' dir='ltr'>itincre</span> <span class='ocrx_word' id='word_1_153' title='bbox 322 1853 429 1906; x_wconf 82' lang='lat' dir='ltr'>ipse,</span> <span class='ocrx_word' id='word_1_154' title='bbox 471 1851 577 1892; x_wconf 88' lang='lat' dir='ltr'>adeo</span> <span class='ocrx_word' id='word_1_155' title='bbox 620 1851 803 1892; x_wconf 82' lang='lat' dir='ltr'>Civitati</span> <span class='ocrx_word' id='word_1_156' title='bbox 844 1851 1062 1906; x_wconf 86' lang='lat' dir='ltr'>proximos</span> <span class='ocrx_word' id='word_1_157' title='bbox 1102 1866 1206 1899; x_wconf 86' lang='lat' dir='ltr'>esse,</span> <span class='ocrx_word' id='word_1_158' title='bbox 1260 1859 1310 1892; x_wconf 90' lang='lat' dir='ltr'>ut</span> <span class='ocrx_word' id='word_1_159' title='bbox 1350 1867 1499 1893; x_wconf 88' lang='lat' dir='ltr'>eorum</span> 
     </span>
     <span class='ocr_line' id='line_1_23' title="bbox 42 1923 1501 1981; baseline 0.001 -17"><span class='ocrx_word' id='word_1_160' title='bbox 42 1923 259 1964; x_wconf 84' lang='lat' dir='ltr'>adventus</span> <span class='ocrx_word' id='word_1_161' title='bbox 290 1924 414 1964; x_wconf 87' lang='lat' dir='ltr'>brevi</span> <span class='ocrx_word' id='word_1_162' title='bbox 450 1923 681 1964; x_wconf 89' lang='lat' dir='ltr'>admodum</span> <span class='ocrx_word' id='word_1_163' title='bbox 715 1923 811 1964; x_wconf 92' lang='lat' dir='ltr'>hinc</span> <span class='ocrx_word' id='word_1_164' title='bbox 848 1923 963 1964; x_wconf 89' lang='lat' dir='ltr'>absit</span> <span class='ocrx_word' id='word_1_165' title='bbox 996 1924 1238 1970; x_wconf 88' lang='lat' dir='ltr'>intervallo,</span> <span class='ocrx_word' id='word_1_166' title='bbox 1261 1940 1501 1981; x_wconf 84' lang='lat' dir='ltr'>congruens</span> 
     </span>
     <span class='ocr_line' id='line_1_24' title="bbox 43 1996 1499 2053; baseline 0.001 -15"><span class='ocrx_word' id='word_1_167' title='bbox 43 2012 134 2038; x_wconf 90' lang='lat' dir='ltr'>esse</span> <span class='ocrx_word' id='word_1_168' title='bbox 167 1998 299 2038; x_wconf 89' lang='lat' dir='ltr'>rebus</span> <span class='ocrx_word' id='word_1_169' title='bbox 329 1996 530 2053; x_wconf 86' lang='lat' dir='ltr'>gerendis</span> <span class='ocrx_word' id='word_1_170' title='bbox 566 1997 851 2045; x_wconf 87' lang='lat' dir='ltr'>existimavit,</span> <span class='ocrx_word' id='word_1_171' title='bbox 890 1997 1066 2052; x_wconf 86' lang='lat' dir='ltr'>negotia</span> <span class='ocrx_word' id='word_1_172' title='bbox 1100 1997 1206 2052; x_wconf 88' lang='lat' dir='ltr'>ipsa,</span> <span class='ocrx_word' id='word_1_173' title='bbox 1240 2012 1334 2053; x_wconf 83' lang='lat' dir='ltr'>quae</span> <span class='ocrx_word' id='word_1_174' title='bbox 1354 1999 1499 2040; x_wconf 91' lang='lat' dir='ltr'>multi-</span> 
     </span>
     <span class='ocr_line' id='line_1_25' title="bbox 45 2069 1499 2127; baseline 0.002 -17"><span class='ocrx_word' id='word_1_175' title='bbox 45 2070 175 2126; x_wconf 90' lang='lat' dir='ltr'>plicia</span> <span class='ocrx_word' id='word_1_176' title='bbox 196 2069 324 2110; x_wconf 86' lang='lat' dir='ltr'>hodie</span> <span class='ocrx_word' id='word_1_177' title='bbox 342 2069 589 2110; x_wconf 86' lang='lat' dir='ltr'>definienda</span> <span class='ocrx_word' id='word_1_178' title='bbox 612 2069 937 2124; x_wconf 88' lang='lat' dir='ltr'>impendebant,</span> <span class='ocrx_word' id='word_1_179' title='bbox 956 2070 1015 2110; x_wconf 85' lang='lat' dir='ltr'>ita</span> <span class='ocrx_word' id='word_1_180' title='bbox 1037 2070 1079 2109; x_wconf 87' lang='lat' dir='ltr'>in</span> <span class='ocrx_word' id='word_1_181' title='bbox 1102 2071 1308 2125; x_wconf 83' lang='lat' dir='ltr'>praesenti</span> <span class='ocrx_word' id='word_1_182' title='bbox 1329 2072 1499 2127; x_wconf 88' lang='lat' dir='ltr'>partiri,</span> 
     </span>
     <span class='ocr_line' id='line_1_26' title="bbox 44 2143 1499 2198; baseline 0.003 -14"><span class='ocrx_word' id='word_1_183' title='bbox 44 2150 93 2184; x_wconf 90' lang='lat' dir='ltr'>ut</span> <span class='ocrx_word' id='word_1_184' title='bbox 127 2143 318 2185; x_wconf 85' lang='lat' dir='ltr'>Decreta</span> <span class='ocrx_word' id='word_1_185' title='bbox 352 2143 442 2191; x_wconf 90' lang='lat' dir='ltr'>illa,</span> <span class='ocrx_word' id='word_1_186' title='bbox 480 2143 639 2198; x_wconf 90' lang='lat' dir='ltr'>quibus</span> <span class='ocrx_word' id='word_1_187' title='bbox 674 2158 840 2184; x_wconf 90' lang='lat' dir='ltr'>morum</span> <span class='ocrx_word' id='word_1_188' title='bbox 877 2144 1128 2185; x_wconf 86' lang='lat' dir='ltr'>reformatio</span> <span class='ocrx_word' id='word_1_189' title='bbox 1164 2146 1420 2194; x_wconf 90' lang='lat' dir='ltr'>continetur,</span> <span class='ocrx_word' id='word_1_190' title='bbox 1457 2148 1499 2188; x_wconf 92' lang='lat' dir='ltr'>in</span> 
     </span>
     <span class='ocr_line' id='line_1_27' title="bbox 43 2215 1499 2273; baseline 0.003 -15"><span class='ocrx_word' id='word_1_191' title='bbox 43 2215 157 2258; x_wconf 87' lang='lat' dir='ltr'>diem</span> <span class='ocrx_word' id='word_1_192' title='bbox 194 2217 318 2258; x_wconf 86' lang='lat' dir='ltr'>Jovis</span> <span class='ocrx_word' id='word_1_193' title='bbox 351 2215 507 2257; x_wconf 89' lang='lat' dir='ltr'>abhinc</span> <span class='ocrx_word' id='word_1_194' title='bbox 539 2223 707 2263; x_wconf 85' lang='lat' dir='ltr'>octava,</span> <span class='ocrx_word' id='word_1_195' title='bbox 746 2232 845 2272; x_wconf 86' lang='lat' dir='ltr'>quac</span> <span class='ocrx_word' id='word_1_196' title='bbox 884 2218 966 2257; x_wconf 92' lang='lat' dir='ltr'>erit</span> <span class='ocrx_word' id='word_1_197' title='bbox 1000 2218 1048 2257; x_wconf 72' lang='lat'>‘21</span> <span class='ocrx_word' id='word_1_198' title='bbox 1092 2217 1285 2273; x_wconf 83' lang='lat' dir='ltr'>ejusdem</span> <span class='ocrx_word' id='word_1_199' title='bbox 1328 2222 1499 2269; x_wconf 88' lang='lat' dir='ltr'>mensis,</span> 
     </span>
     <span class='ocr_line' id='line_1_28' title="bbox 44 2288 1498 2345; baseline 0.005 -15"><span class='ocrx_word' id='word_1_200' title='bbox 44 2288 242 2340; x_wconf 82' lang='lat' dir='ltr'>differat3</span> <span class='ocrx_word' id='word_1_201' title='bbox 275 2305 360 2345; x_wconf 90' lang='lat' dir='ltr'>quo</span> <span class='ocrx_word' id='word_1_202' title='bbox 395 2297 590 2345; x_wconf 90' lang='lat' dir='ltr'>tempore</span> <span class='ocrx_word' id='word_1_203' title='bbox 624 2306 695 2331; x_wconf 90' lang='lat' dir='ltr'>eos</span> <span class='ocrx_word' id='word_1_204' title='bbox 723 2289 790 2331; x_wconf 88' lang='lat' dir='ltr'>hic</span> <span class='ocrx_word' id='word_1_205' title='bbox 823 2290 1054 2331; x_wconf 88' lang='lat' dir='ltr'>adfuturos</span> <span class='ocrx_word' id='word_1_206' title='bbox 1087 2306 1178 2332; x_wconf 91' lang='lat' dir='ltr'>esse</span> <span class='ocrx_word' id='word_1_207' title='bbox 1211 2295 1383 2335; x_wconf 88' lang='lat' dir='ltr'>omnino</span> <span class='ocrx_word' id='word_1_208' title='bbox 1404 2311 1498 2337; x_wconf 90' lang='lat' dir='ltr'>con-</span> 
     </span>
     <span class='ocr_line' id='line_1_29' title="bbox 43 2361 1498 2420; baseline 0.005 -18"><span class='ocrx_word' id='word_1_209' title='bbox 43 2361 165 2403; x_wconf 87' lang='lat' dir='ltr'>fidit:</span> <span class='ocrx_word' id='word_1_210' title='bbox 202 2369 358 2404; x_wconf 79' lang='lat' dir='ltr'>caetera</span> <span class='ocrx_word' id='word_1_211' title='bbox 396 2378 512 2411; x_wconf 90' lang='lat' dir='ltr'>vero,</span> <span class='ocrx_word' id='word_1_212' title='bbox 548 2378 647 2418; x_wconf 67' lang='lat' dir='ltr'>qua}</span> <span class='ocrx_word' id='word_1_213' title='bbox 680 2363 851 2419; x_wconf 85' lang='lat' dir='ltr'>agenda</span> <span class='ocrx_word' id='word_1_214' title='bbox 888 2370 1023 2412; x_wconf 87' lang='lat' dir='ltr'>erant,</span> <span class='ocrx_word' id='word_1_215' title='bbox 1058 2366 1217 2420; x_wconf 87' lang='lat' dir='ltr'>etjam</span> <span class='ocrx_word' id='word_1_216' title='bbox 1254 2373 1349 2406; x_wconf 89' lang='lat' dir='ltr'>acta</span> <span class='ocrx_word' id='word_1_217' title='bbox 1384 2375 1498 2416; x_wconf 83' lang='lat' dir='ltr'>sunt,</span> 
     </span>
     <span class='ocr_line' id='line_1_30' title="bbox 45 2434 1498 2494; baseline 0.004 -19"><span class='ocrx_word' id='word_1_218' title='bbox 45 2434 225 2476; x_wconf 86' lang='lat' dir='ltr'>diversis</span> <span class='ocrx_word' id='word_1_219' title='bbox 252 2435 440 2492; x_wconf 85' lang='lat' dir='ltr'>Regum,</span> <span class='ocrx_word' id='word_1_220' title='bbox 474 2436 934 2492; x_wconf 85' lang='lat' dir='ltr'>Rerumpublicarum,</span> <span class='ocrx_word' id='word_1_221' title='bbox 969 2438 1309 2494; x_wconf 90' lang='lat' dir='ltr'>Principumque</span> <span class='ocrx_word' id='word_1_222' title='bbox 1343 2440 1498 2481; x_wconf 91' lang='lat' dir='ltr'>Orato-</span> 
     </span>
     <span class='ocr_line' id='line_1_31' title="bbox 46 2508 1501 2565; baseline 0.003 -16"><span class='ocrx_word' id='word_1_223' title='bbox 46 2508 167 2549; x_wconf 85' lang='lat' dir='ltr'>ribus</span> <span class='ocrx_word' id='word_1_224' title='bbox 197 2509 478 2565; x_wconf 84' lang='lat' dir='ltr'>excipiendis,</span> <span class='ocrx_word' id='word_1_225' title='bbox 512 2524 627 2550; x_wconf 91' lang='lat' dir='ltr'>nunc</span> <span class='ocrx_word' id='word_1_226' title='bbox 661 2509 740 2550; x_wconf 90' lang='lat' dir='ltr'>hac</span> <span class='ocrx_word' id='word_1_227' title='bbox 774 2511 869 2565; x_wconf 83' lang='lat' dir='ltr'>ipsa</span> <span class='ocrx_word' id='word_1_228' title='bbox 907 2510 1103 2551; x_wconf 84' lang='lat' dir='ltr'>Sessione</span> <span class='ocrx_word' id='word_1_229' title='bbox 1137 2511 1242 2551; x_wconf 87' lang='lat' dir='ltr'>alias</span> <span class='ocrx_word' id='word_1_230' title='bbox 1268 2512 1501 2554; x_wconf 87' lang='lat' dir='ltr'>constituta</span> 
     </span>
     <span class='ocr_line' id='line_1_32' title="bbox 49 2580 1497 2637; baseline 0.003 -15"><span class='ocrx_word' id='word_1_231' title='bbox 49 2580 389 2623; x_wconf 87' lang='lat' dir='ltr'>absolverentur.</span> <span class='ocrx_word' id='word_1_232' title='bbox 453 2583 522 2623; x_wconf 87' lang='lat' dir='ltr'>Sic</span> <span class='ocrx_word' id='word_1_233' title='bbox 556 2583 669 2623; x_wconf 88' lang='lat' dir='ltr'>enim</span> <span class='ocrx_word' id='word_1_234' title='bbox 699 2584 896 2637; x_wconf 89' lang='lat' dir='ltr'>speravit</span> <span class='ocrx_word' id='word_1_235' title='bbox 930 2598 986 2631; x_wconf 88' lang='lat' dir='ltr'>se,</span> <span class='ocrx_word' id='word_1_236' title='bbox 1020 2590 1063 2624; x_wconf 92' lang='lat' dir='ltr'>et</span> <span class='ocrx_word' id='word_1_237' title='bbox 1085 2585 1390 2625; x_wconf 87' lang='lat' dir='ltr'>communibus</span> <span class='ocrx_word' id='word_1_238' title='bbox 1411 2601 1497 2626; x_wconf 90' lang='lat' dir='ltr'>om-</span> 
     </span>
     <span class='ocr_line' id='line_1_33' title="bbox 46 2654 1497 2700; baseline 0.003 -6"><span class='ocrx_word' id='word_1_239' title='bbox 46 2654 165 2695; x_wconf 87' lang='lat' dir='ltr'>nium</span> <span class='ocrx_word' id='word_1_240' title='bbox 201 2655 310 2695; x_wconf 87' lang='lat' dir='ltr'>votis</span> <span class='ocrx_word' id='word_1_241' title='bbox 345 2655 609 2695; x_wconf 90' lang='lat' dir='ltr'>cumulatius</span> <span class='ocrx_word' id='word_1_242' title='bbox 644 2656 979 2700; x_wconf 86' lang='lat' dir='ltr'>satisfacturam,</span> <span class='ocrx_word' id='word_1_243' title='bbox 1017 2663 1060 2696; x_wconf 89' lang='lat' dir='ltr'>et</span> <span class='ocrx_word' id='word_1_244' title='bbox 1098 2657 1334 2698; x_wconf 88' lang='lat' dir='ltr'>maturiore</span> <span class='ocrx_word' id='word_1_245' title='bbox 1367 2658 1497 2700; x_wconf 84' lang='lat' dir='ltr'>etiam</span> 
     </span>
     <span class='ocr_line' id='line_1_34' title="bbox 46 2728 1496 2787; baseline 0.003 -20"><span class='ocrx_word' id='word_1_246' title='bbox 46 2728 220 2769; x_wconf 85' lang='lat' dir='ltr'>consilio</span> <span class='ocrx_word' id='word_1_247' title='bbox 243 2736 378 2784; x_wconf 83' lang='lat' dir='ltr'>atque</span> <span class='ocrx_word' id='word_1_248' title='bbox 401 2729 601 2769; x_wconf 85' lang='lat' dir='ltr'>uberiore</span> <span class='ocrx_word' id='word_1_249' title='bbox 631 2729 777 2769; x_wconf 87' lang='lat' dir='ltr'>fructu</span> <span class='ocrx_word' id='word_1_250' title='bbox 808 2744 950 2769; x_wconf 88' lang='lat' dir='ltr'>rerum</span> <span class='ocrx_word' id='word_1_251' title='bbox 984 2728 1364 2770; x_wconf 86' lang='lat' dir='ltr'>deliberandarum</span> <span class='ocrx_word' id='word_1_252' title='bbox 1400 2747 1496 2787; x_wconf 83' lang='lat' dir='ltr'>gra-</span> 
     </span>
     <span class='ocr_line' id='line_1_35' title="bbox 50 2799 1496 2846; baseline 0.006 -7"><span class='ocrx_word' id='word_1_253' title='bbox 50 2799 174 2842; x_wconf 84' lang='lat' dir='ltr'>vitati</span> <span class='ocrx_word' id='word_1_254' title='bbox 213 2801 456 2843; x_wconf 86' lang='lat' dir='ltr'>consultum</span> <span class='ocrx_word' id='word_1_255' title='bbox 502 2801 566 2842; x_wconf 89' lang='lat' dir='ltr'>iri.</span> <span class='ocrx_word' id='word_1_256' title='bbox 641 2801 850 2843; x_wconf 86' lang='lat' dir='ltr'>Decrevit</span> <span class='ocrx_word' id='word_1_257' title='bbox 901 2801 977 2843; x_wconf 86' lang='lat' dir='ltr'>hoc</span> <span class='ocrx_word' id='word_1_258' title='bbox 1020 2802 1149 2843; x_wconf 86' lang='lat' dir='ltr'>ctiam</span> <span class='ocrx_word' id='word_1_259' title='bbox 1197 2817 1246 2843; x_wconf 91' lang='lat' dir='ltr'>eo</span> <span class='ocrx_word' id='word_1_260' title='bbox 1288 2803 1496 2846; x_wconf 89' lang='lat' dir='ltr'>libentius</span> 
     </span>
    </p>
   </div>
  </div>
 </body>
</html>
