1905 3254
140 525 229 569 III.
266 530 453 576 Fructus
476 540 753 594 applicentur
773 549 981 604 capitulo,
1004 560 1048 595 et
1068 555 1163 597 aliis
1184 559 1269 613 piis
1290 561 1403 604 locis.

150 598 227 640 IV.
264 601 455 649 Careant
476 611 704 657 collatione
725 618 1045 667 beneficiorum.

176 672 226 713 V.
262 675 522 736 Denegetur
542 686 603 726 eis
625 689 737 731 actio
758 692 801 733 in
823 696 1019 749 quolibet
1039 701 1206 755 judicio
1229 721 1326 749 cum
1347 709 1546 756 clausula

288 751 464 796 sublata
491 757 618 800 aliter
641 762 871 817 judicandi
893 768 1104 815 facultate
1126 790 1171 817 re
1192 784 1236 819 et
1257 778 1431 825 decreto
1453 786 1543 828 irri—

285 827 408 867 tanti.

141 890 219 934 VI.
255 895 356 938 Non
393 901 681 949 absolvantur
714 910 757 951 in
793 913 884 956 foro
920 922 1192 966 conscientiae
1229 928 1286 969 ab
1320 931 1410 974 ullo
1443 950 1537 977 con-

284 969 458 1023 fessore,
482 976 626 1033 sitque
648 996 772 1024 casus
792 989 1037 1042 specialiter
1059 1006 1310 1042 reservatus
1331 1003 1477 1061 Papae.

108 1034 214 1079 VII.
251 1040 348 1083 Sint
362 1045 577 1091 inhabiles
593 1052 648 1094 ad
668 1057 813 1099 omnia
829 1061 979 1112 officia,
995 1065 1050 1106 ad
1066 1073 1352 1116 exercendum
1369 1091 1535 1122 omnem

271 1116 632 1174 jurisdictionem,
667 1129 799 1171 etiam
833 1133 888 1174 ad
917 1135 1266 1194 Cardinalatum,
1299 1162 1377 1190 nec
1398 1157 1535 1194 trans-

276 1188 377 1231 ferri
400 1197 566 1248 possint
586 1199 641 1240 ad
662 1201 768 1243 alias
788 1204 1020 1251 Ecclesias.

74 1256 206 1300 VIII.
240 1260 498 1309 Renovetur
520 1269 670 1314 Canon
692 1277 1005 1331 Apostolorum
1029 1287 1094 1327 58.

121 1331 207 1375 IX.
243 1335 409 1380 Nullus
442 1342 635 1387 officialis
669 1350 800 1392 etiam
835 1353 877 1394 in
899 1354 1097 1401 Romana
1120 1361 1257 1406 Curia
1289 1371 1424 1423 possit
1455 1374 1530 1414 ali-

270 1411 379 1465 quid
400 1417 608 1472 expedire
636 1422 679 1461 in
701 1422 894 1468 favorem
929 1431 1116 1489 alicujus
1138 1436 1362 1498 Episcopi,
1387 1454 1462 1488 aut
1485 1449 1525 1489 in

269 1484 363 1538 ejus
385 1490 573 1542 gratiam
598 1507 773 1538 manum
808 1515 1042 1557 apponere,
1073 1509 1154 1551 nisi
1176 1513 1258 1554 sibi
1281 1516 1409 1571 plene
1432 1536 1525 1562 con-

268 1564 352 1599 stet
374 1559 428 1601 de
451 1566 547 1617 ers
568 1568 814 1613 residentia.

140 1625 199 1667 X.
233 1629 334 1671 Non
370 1636 537 1689 possint
571 1655 651 1695 per
692 1643 800 1685 alios
841 1648 883 1688 in
923 1652 1012 1692 suis
1051 1654 1313 1703 Dior-esibus
1353 1666 1521 1710 ordina-

262 1705 401 1747 tiones
442 1708 594 1760 facere,
633 1716 701 1755 vel
737 1733 985 1765 consecrare
1021 1727 1163 1770 oleum
1196 1742 1405 1786 sanctum,
1443 1750 1519 1784 aut

262 1778 638 1826 confirmationem.

117 1845 297 1897 Quarto,
316 1856 500 1906 praemia
521 1859 652 1901 etiam
674 1866 978 1912 constituenda
1000 1873 1051 1913 iis
1072 1874 1291 1928 dixerunt,
1316 1886 1391 1939 qui
1413 1890 1515 1929 assi-

57 1917 143 1960 due
164 1921 208 1962 in
230 1923 434 1968 Ecclesiis
455 1930 537 1971 sibi
560 1937 796 1979 commissis
819 1952 973 1994 essent,
998 1954 1047 1988 ut
1069 1947 1134 1990 his
1156 1953 1401 2013 privilegiis
1429 1977 1512 2004 non

55 1992 193 2036 solum
215 1997 382 2040 firmius
407 2002 451 2042 in
473 2004 612 2047 officio
633 2011 969 2065 continerentur,
993 2020 1069 2061 sed
1091 2024 1221 2066 etiam
1246 2030 1365 2084 apud
1393 2034 1510 2085 alios,

57 2065 193 2109 veluti
215 2072 444 2126 publicum
471 2078 648 2121 virtutis
670 2097 835 2130 eorum,
853 2103 900 2129 ae
921 2095 1114 2135 muneris
1133 2096 1242 2141 bene
1264 2105 1378 2157 gesti
1400 2116 1510 2150 esset

51 2137 371 2187 documentum.
433 2150 504 2192 Ea
526 2161 709 2196 erant—

152 2215 185 2256 Ι.
220 2218 354 2262 Plene
404 2225 629 2279 gaudeant
670 2233 874 2276 omnibus
925 2239 1170 2299 privilegiis
1216 2254 1422 2294 concessis
1463 2256 1503 2297 in

248 2291 383 2336 Bulla
405 2297 533 2339 Pauli
558 2300 650 2350 IV„
674 2311 717 2345 et
739 2306 805 2347 Pii
830 2308 907 2350 IV.

120 2358 180 2400 II.
215 2361 428 2409 Habeant
449 2371 724 2418 collationem
755 2379 938 2424 liberam
961 2385 1002 2425 in
1024 2390 1246 2433 mensibus
1277 2395 1503 2442 alternatis

247 2441 439 2483 omnium
464 2444 783 2501 beneficiorum,
806 2469 889 2496 non
918 2458 1194 2505 obstantibus
1217 2469 1499 2522 quibuscum-

243 2529 329 2570 que
353 2518 712 2575 affectationibus,
742 2535 1122 2587 reservationibus‚
1151 2541 1345 2594 indultis,
1369 2555 1412 2590 ct
1434 2565 1498 2592 re-

240 2588 358 2642 gulis
382 2591 680 2641 Cancellariae.

90 2653 177 2697 III.
212 2659 313 2702 Non
334 2662 463 2707 detur
483 2672 726 2725 appellatio
747 2677 803 2718 ab
826 2693 974 2721 eorum
998 2687 1280 2742 correptione.

99 2726 176 2770 IV.
209 2731 382 2778 Possint
404 2739 631 2786 absolvere
665 2747 706 2789 in
737 2751 1090 2812 quibuscumque
1121 2761 1293 2804 casibus
1327 2766 1371 2807 in
1402 2768 1491 2811 foro

236 2811 519 2855 conscientiae.

1234 2913 1318 2951 112
