1905 3254
683 264 796 294 snss.
821 263 879 294 w.
1429 249 1505 289 2⁴21

53 399 260 445 Articuli
282 399 376 445 duo
397 399 455 445 de
472 398 792 446 Concessione
814 398 1186 446 Commuuionis
1205 399 1292 445 sub
1312 411 1514 461 utraque

122 480 292 544 Specie
331 482 557 544 propositi
595 482 903 528 examinandi
939 481 1176 535 Patribus,
1203 483 1265 527 22
1303 481 1513 543 Augusti

126 566 264 610 1562.

109 660 283 701 Primus
306 661 518 701 articulus
537 677 546 700 ι
580 662 653 701 An
676 662 920 702 communio
942 661 1026 702 sub
1054 668 1245 716 utraque
1268 660 1411 717 specie
1438 675 1512 715 pe-

52 732 135 773 tita
156 732 327 772 nomine
359 747 489 773 sacrae
518 732 735 774 Caesareae
771 733 1019 788 Majestatis
1053 747 1132 788 pro
1168 747 1288 773 sacro
1316 731 1513 772 Romano

54 805 256 862 Imperio,
294 813 514 862 quatenus
545 813 682 848 totam
723 807 1004 848 Germaniam
1041 806 1369 863 complectitur:
1406 806 1512 846 item

51 893 131 935 pro
152 880 297 936 regnis
328 879 578 937 Hungariae
614 887 658 921 et
692 880 933 931 Bohemiae,
968 880 1266 921 Archiducatu
1304 880 1511 926 Austriae,

51 958 95 992 et
118 952 214 993 aliis
235 953 435 993 omnibus
458 954 708 1010 Majestatis
731 969 821 994 suae
848 954 1063 994 Caesarcae
1085 953 1340 1001 Provinciis,
1374 959 1417 993 et
1439 952 1512 993 do-

52 1027 197 1067 miniis
219 1027 273 1067 ad
296 1027 507 1082 praedicta
532 1043 682 1084 regna,
717 1035 758 1068 et
792 1027 1135 1069 Archiducatum
1170 1027 1511 1083 pertinentibus,

49 1099 106 1139 sit
139 1114 164 1139 a
194 1107 342 1141 sancta
368 1100 539 1156 Synodo
571 1101 853 1148 concedenda,
886 1101 969 1141 sub
1003 1100 1286 1155 infrascriptis
1309 1099 1511 1140 conditio-

49 1171 182 1212 nibus
204 1173 286 1212 viz.

111 1247 221 1287 lmo.
255 1247 320 1288 Ut
355 1248 438 1288 sub
473 1255 661 1303 utraque
699 1248 839 1303 specie
873 1247 1191 1288 communicare
1224 1245 1431 1291 volentes,
1471 1246 1511 1285 in

50 1319 232 1376 reliquis
262 1321 463 1363 omnibus
499 1328 586 1361 tam
620 1320 766 1376 quoad
801 1321 1127 1361 Sacramentum
1161 1319 1251 1367 hoc,
1275 1334 1408 1375 quam
1432 1335 1511 1359 ca>-

53 1400 147 1434 tera
171 1394 476 1443 Sacramenta3
501 1394 603 1435 item
629 1395 671 1434 in
694 1408 955 1450 quacunque
978 1393 1173 1441 materia,
1198 1392 1344 1448 quoad
1367 1392 1511 1437 fidem,

53 1466 310 1516 doctrinam,
333 1468 570 1523 ritumque,
600 1468 859 1509 conveniant
887 1466 1029 1513 corde,
1065 1474 1108 1507 et
1140 1467 1226 1507 oris
1247 1466 1513 1507 confessione

51 1556 145 1582 cum
168 1541 219 1581 iis
241 1541 451 1589 omnibus,
486 1556 586 1596 quae
611 1557 635 1581 a
658 1541 717 1580 S‘a
740 1540 936 1581 Romana
964 1540 1163 1581 Ecclesia
1192 1546 1294 1580 sunt
1320 1547 1510 1596 recepta,

49 1626 214 1653 necnon
243 1612 434 1653 Decreta
469 1613 613 1653 omnia
644 1612 776 1668 hujus
809 1613 875 1652 Stae
907 1611 1069 1667 Synodi
1098 1619 1185 1652 tam
1215 1612 1510 1667 promulgata,

52 1701 182 1742 quam
206 1686 543 1741 promulganda,
566 1685 771 1741 religiose
794 1685 1030 1725 admittant
1053 1692 1097 1725 et
1119 1685 1364 1725 observent.

110 1758 206 1799 Qdo.
241 1758 304 1799 Ut
341 1759 543 1799 Pastores
579 1757 794 1798 dictarum
829 1757 1067 1798 Nationum
1095 1763 1139 1797 et
1177 1756 1511 1799 Concionatores

52 1830 228 1871 credant
250 1837 293 1870 et
315 1829 498 1870 doceant
520 1829 877 1871 consuetudinem
901 1830 956 1870 ab
980 1829 1179 1869 Ecclesia
1202 1829 1432 1884 probatam
1467 1836 1512 1870 et

50 1903 126 1944 diu
144 1903 434 1949 observatam,
454 1902 534 1942 viz.
559 1902 905 1943 communicandi
923 1902 1005 1942 sub
1023 1901 1162 1942 altera
1181 1908 1348 1942 tantum
1368 1903 1510 1957 specie

52 1991 136 2017 non
172 1991 263 2017 esse
298 1975 483 2016 alienam
520 1990 545 2015 a
577 1975 727 2016 divino
756 1980 871 2031 jure,
906 1976 991 2015 imo
1023 1975 1305 2024 laudabilem,
1340 1983 1384 2017 ct
1418 1983 1510 2017 tan-

53 2063 181 2105 quam
200 2049 343 2105 legem
365 2047 695 2097 observandam,
718 2048 797 2088 nisi
821 2048 876 2088 ab
899 2048 1098 2089 Ecclesia
1117 2048 1243 2088 aliter
1260 2055 1508 2098 statuatur3

53 2122 260 2178 quodque
296 2122 423 2163 aliter
459 2122 743 2177 pertinaciter
779 2123 1013 2162 sentientes
1044 2121 1256 2162 Haeretici
1289 2129 1391 2163 sunt
1413 2138 1508 2163 cen-

53 2196 196 2237 sendi:
220 2211 297 2237 nec
314 2195 417 2237 dent
439 2195 548 2236 hanc
567 2196 914 2236 communionem
937 2195 1019 2235 sub
1039 2202 1226 2251 utraque
1249 2197 1404 2251 specie,
1428 2197 1511 2237 nisi

55 2268 130 2323 qui
154 2267 418 2309 crediderint
438 2267 546 2308 hanc
569 2269 812 2315 veritatem,
837 2274 880 2307 et
902 2282 995 2308 eam
1015 2266 1195 2307 confessi
1217 2266 1394 2309 fuerint.

112 2341 212 2382 3tio.
249 2340 378 2392 Quod
403 2341 480 2381 Sm0
505 2341 605 2381 Dno
627 2348 774 2382 nostro
797 2342 946 2396 Papae,
971 2346 1020 2380 ut
1043 2340 1240 2395 legitimo
1258 2340 1513 2382 universalis

53 2414 261 2456 Ecclesiae
295 2416 519 2471 Episcopo
553 2422 598 2456 et
628 2415 813 2463 Pastori,
848 2414 1007 2454 debeat
1040 2413 1158 2453 fideli
1187 2413 1341 2460 animo,
1365 2421 1409 2455 et
1430 2415 1510 2455 sin-

54 2503 164 2537 cero,
187 2496 236 2531 ut
256 2496 502 2530 reverentes
524 2489 617 2537 filii,
642 2503 810 2529 omnem
836 2487 1131 2529 obedientiam
1155 2494 1198 2528 et
1220 2488 1509 2529 reverentiam

56 2561 273 2604 exhibere.

110 2636 196 2677 4to.
231 2636 360 2687 Quod
403 2635 767 2692 Archiepiscopis,
806 2635 1052 2690 Episcopis,
1096 2641 1139 2675 et
1177 2634 1272 2674 aliis
1310 2634 1512 2676 Praelatis

56 2708 156 2757 suis,
189 2709 391 2750 similiter
427 2709 620 2750 debitam
658 2708 950 2749 obedientiam
990 2715 1033 2748 et
1068 2707 1358 2747 reverentiam
1399 2722 1510 2762 prae-

57 2786 180 2821 stent.
