1905 3254
665 317 772 349 SEss.
799 318 873 348 vn.
1416 302 1500 342 315

47 431 344 468 conservatam
377 427 566 467 maxime
602 432 825 482 cuperent,
858 432 980 467 tanto
1007 425 1248 466 animorum
1271 423 1425 465 ardore
1445 422 1503 464 ad

48 512 169 538 arma
189 498 466 546 concurrisse,
490 504 652 552 quanto
675 498 776 538 olim
796 495 1152 538 Christianissimi
1173 497 1337 552 Reges¹
1365 496 1499 537 vestri

47 570 180 611 totius
223 570 383 611 Gallici
422 570 604 610 nominis
643 585 852 610 consensu
892 585 972 625 pro
1005 569 1257 610 Christiana
1288 570 1501 625 religione

45 641 335 696 propaganda
380 646 566 697 ejusque
617 641 834 697 dignitate
884 641 1198 697 recuperanda,
1250 640 1502 683 difficillima

45 727 160 768 saepe
183 714 298 754 bella
328 715 618 769 suscepissent
639 730 686 755 ae
708 714 999 755 confecissent.
1064 713 1231 754 Verum
1254 720 1382 754 antea
1402 728 1500 754 cum

43 786 158 826 mala
178 785 271 826 haec
292 793 440 828 sancta
465 787 664 843 Synodus
684 787 924 828 multorum
954 787 1068 828 fama
1099 793 1142 827 et
1176 785 1399 827 auditione
1432 801 1499 827 ac-

45 858 241 913 cepisset,
265 861 460 915 graviter
490 875 593 901 sane
620 860 812 909 dolebat,
842 868 885 901 et
907 866 1167 915 praesentem
1188 860 1335 916 inclyti
1355 860 1501 916 Regni

43 937 205 971 statum
237 933 426 974 maxime
455 932 743 988 deplorabat3
775 933 839 973 ita
875 939 1034 979 tamen,
1060 939 1110 972 ut
1143 932 1268 973 facile
1303 932 1500 973 crederet

42 1003 182 1044 multo
218 1005 302 1044 sibi
334 1005 691 1046 miserabiliorem
733 1006 828 1061 ejus
863 1005 1080 1046 fortunam
1116 1004 1254 1045 videri
1289 1020 1427 1060 posse,
1464 1005 1500 1044 si

44 1090 145 1131 quae
169 1078 340 1118 aurium
362 1092 491 1118 sensu
514 1084 796 1134 praeceperat,
820 1093 994 1119 eernere
1017 1079 1149 1119 etiam
1172 1077 1307 1118 oeulis
1334 1084 1377 1118 et
1399 1092 1496 1132 pro-

43 1149 145 1203 pius
179 1151 325 1190 onmia
357 1155 454 1206 ejus
489 1152 672 1192 vulnera
704 1151 877 1199 intueri,
907 1165 955 1191 ae
978 1151 1151 1206 penitus
1172 1165 1426 1206 pernoscere
1448 1151 1499 1191 li-

43 1222 215 1262 cuisset.
278 1222 408 1272 Quod
441 1223 621 1278 quidem
654 1224 719 1263 illi
758 1238 872 1263 nune
902 1224 1123 1278 insperato
1151 1223 1338 1278 quodam
1372 1223 1499 1264 modo

44 1294 237 1350 contigit.
298 1295 477 1336 Etenim
509 1296 606 1337 Illmi
637 1303 681 1337 et
712 1296 805 1345 ΒΜ,
839 1295 1084 1351 amplitudo
1112 1302 1256 1336 vestra
1286 1295 1501 1336 Christia-

41 1368 205 1408 nissimi
227 1367 362 1423 Regis
383 1369 544 1417 literas,
563 1384 663 1424 quae
686 1384 828 1424 nuper
849 1369 1042 1410 recitatae
1065 1375 1180 1416 sunt,
1204 1369 1397 1408 oratione
1419 1383 1499 1409 sua

41 1441 326 1496 subsequuta,
350 1444 399 1483 ea
420 1442 651 1483 verborum
675 1443 813 1498 copia,
837 1442 1070 1497 gravitate,
1092 1440 1340 1496 prudentia,
1361 1442 1497 1482 Galli-

41 1529 187 1555 carum
220 1529 367 1555 rerum
401 1521 563 1556 statum
598 1521 641 1556 et
676 1514 964 1556 conditionem
1002 1515 1220 1570 exposuit,
1250 1521 1300 1555 ut
1320 1529 1393 1555 eas
1414 1530 1498 1555 non

41 1600 408 1634 commemorasse,
441 1587 517 1628 sed
538 1602 688 1629 eorum
712 1587 851 1628 veluti
874 1601 1124 1641 expressam
1149 1586 1386 1643 imaginem
1408 1601 1497 1626 om-

40 1659 164 1699 nium
199 1659 336 1699 oeulis
370 1661 616 1716 subjecisse.
681 1661 828 1710 Quare
861 1666 1106 1700 constanter
1126 1665 1274 1699 sancta
1296 1658 1499 1713 Synodus

41 1731 238 1779 affirmat,
262 1747 306 1773 se
327 1733 473 1773 nullas
505 1734 545 1773 ei
580 1733 779 1787 proprias
814 1747 862 1772 ac
895 1733 1144 1787 praecipuas
1171 1731 1328 1771 doloris
1350 1737 1497 1785 partes

41 1804 283 1852 concedere,
308 1820 460 1846 verum
484 1820 533 1846 eo
557 1806 754 1845 acerbius
776 1804 884 1845 hanc
907 1804 1199 1845 calamitatem
1221 1804 1345 1850 ferre,
1379 1804 1498 1859 quod

43 1877 285 1932 amplitudo
308 1884 452 1919 vestra
480 1878 607 1918 matri
635 1884 793 1918 sanctae
818 1876 1023 1932 Synodo,²
1053 1876 1312 1918 charissimae
1336 1882 1381 1917 et
1401 1876 1497 1917 dul-

43 1949 221 1990 cissimae
242 1949 343 1990 filiae
362 1964 576 1990 aerumnas
593 1956 636 1990 et
651 1948 921 1990 incommoda
936 1949 1095 1989 defleat
1112 1964 1160 1990 ac
1178 1956 1495 2003 conqueretur3

43 2021 117 2062 sed
134 2022 339 2063 tamenin
356 2022 489 2062 tantis
510 2022 637 2062 malis
660 2022 850 2062 animum
873 2021 1006 2077 erigit
1027 2027 1070 2061 et
1091 2020 1313 2060 confirmat
1329 2036 1340 2069 ;
1363 2020 1496 2075 siqui-

42 2092 138 2134 dem
174 2094 299 2135 brevi
331 2095 531 2135 futurum
565 2093 749 2140 confidit,
787 2101 838 2134 ut
871 2093 995 2134 Deus
1022 2093 1175 2133 reddat
1209 2107 1349 2148 puero
1380 2093 1497 2148 Regi

41 2166 269 2221 pristinam
292 2172 508 2222 maJorum
531 2182 708 2207 suorum
732 2173 775 2207 et
796 2167 1037 2221 praesertim
1074 2167 1162 2207 Avi
1196 2167 1414 2215 Parentis,
1450 2182 1497 2207 ae

41 2238 198 2288 fratris,
234 2239 571 2280 clarissimorum
607 2240 796 2294 Regum,
832 2239 1057 2284 virtutem,
1093 2254 1140 2279 ae
1180 2238 1496 2288 fortitudinem,

43 2324 133 2365 qua
170 2325 256 2352 non
297 2311 437 2351 solum
476 2311 664 2352 nefarios
704 2311 897 2352 hostium
940 2317 1119 2352 conatus
1159 2310 1407 2365 reprimere,
1453 2317 1498 2352 et

41 2381 268 2424 audaciam
290 2384 436 2424 ulcisci
459 2390 606 2439 queat,
629 2382 764 2424 sedin
783 2387 932 2424 tenera
954 2383 1086 2424 etiam
1119 2389 1248 2423 aetate
1270 2382 1496 2437 singulare

41 2453 218 2509 aliquod
237 2455 417 2510 pietatis
436 2456 689 2511 exemplum
713 2455 767 2496 ad
789 2455 1068 2510 pulcherrimi
1086 2456 1187 2496 faeti
1208 2455 1495 2496 imitationem

41 2527 286 2581 posteritati
321 2528 518 2584 prodere.
581 2528 754 2569 Deinde
796 2543 914 2577 vero,
944 2543 1042 2569 cum
1083 2528 1229 2568 divina
1268 2527 1498 2568 clementia

43 2605 172 2654 atque
212 2600 514 2647 misericordia,
551 2608 596 2641 et
631 2601 701 2641 S¹¹¹i
741 2600 819 2640 Dni
844 2601 914 2641 Nri
953 2600 1021 2642 Pii
1062 2600 1283 2642 Pontificis
1317 2599 1496 2641 maximi

85 2719 94 2738 ¹
121 2721 163 2752 So
178 2721 228 2751 the
243 2721 359 2752 edition
375 2722 410 2752 of
423 2722 532 2752 Brixia
547 2721 608 2752 and
625 2722 665 2752 Le
685 2721 772 2751 Plat.
818 2722 847 2750 lt
866 2721 889 2750 is
905 2721 1000 2759 Regis
1016 2720 1047 2749 in
1064 2720 1115 2750 the
1133 2720 1203 2750 MS.

84 2771 97 2790 ²
118 2773 183 2804 The
199 2773 267 2804 MS.
287 2774 446 2813 following
469 2775 518 2805 the
544 2775 662 2806 edition
679 2776 713 2805 os
736 2775 844 2805 Brixia
868 2774 921 2804 has
946 2773 979 2810 it,
999 2774 1105 2804 matris
1120 2773 1236 2803 Sancta
1251 2773 1406 2812 Synodus.
1455 2774 1498 2804 Le

43 2824 137 2856 Plat's
150 2826 277 2865 reading
293 2827 317 2857 is
331 2827 474 2867 adopted.
