1905 3254
686 283 795 314 sess.
828 284 885 313 vi.
1435 271 1518 310 209

57 395 148 428 tam
170 387 299 428 fidem
322 396 454 445 atque
477 389 732 442 doctrinam,
755 399 950 448 tempore
985 391 1063 434 hoc
1088 393 1219 434 multi
1240 393 1392 449 scripti
1414 401 1514 434 sunt

58 459 209 509 libelli,
242 462 381 502 multa
416 478 592 518 quoque
625 463 834 505 docentur
870 472 1002 520 atque
1037 464 1334 521 disputantur,
1366 474 1514 508 sancta

57 531 257 586 Synodus
278 541 375 588 post
396 535 557 575 multos
580 551 825 592 gravesque
842 537 908 577 his
928 537 981 577 de
998 538 1131 578 rebus
1150 545 1323 579 mature
1340 537 1512 580 habitos

54 611 265 646 tractatus
288 607 484 647 unanimi
505 609 689 649 Patrum
711 610 905 650 omnium
935 625 1160 658 consensu,
1185 626 1284 666 quae
1308 610 1408 652 huic
1429 627 1510 667 pu-

52 677 237 718 rissimae
258 678 372 728 fidei,
395 687 644 736 sanctaeque
665 680 872 722 doctrinae
895 681 1190 723 adversantur
1214 682 1436 731 damnare,
1470 691 1514 725 et

52 765 77 790 a
100 758 248 791 sancta
270 751 465 793 Ecclesia
486 752 709 794 eliminare
731 769 811 809 per
843 755 1060 810 subjectos
1082 754 1158 796 hos
1191 755 1392 797 Canones
1413 772 1509 798 con-

51 822 211 864 stituit.

111 895 156 935 Si
177 896 278 951 quis
299 896 472 945 dixerit,
510 898 553 938 in
592 898 730 939 Missa
750 914 835 939 non
857 900 1002 940 offerri
1026 900 1123 941 Deo
1148 916 1298 941 verum
1336 908 1380 942 et
1413 918 1510 958 pro-

53 968 196 1023 prium
219 970 488 1019 sacrificium,
508 978 582 1012 aut
610 972 727 1027 quod
748 972 891 1013 offerri
916 988 997 1013 non
1021 974 1077 1014 sit
1099 974 1221 1014 aliud
1239 989 1369 1029 quam
1387 976 1510 1016 nobis

54 1043 281 1085 Christum
304 1044 359 1085 ad
381 1045 736 1086 manducandum
768 1046 876 1095 dari,
913 1048 980 1088 vel
1003 1055 1173 1088 tantum
1211 1050 1415 1103 prodesse
1438 1065 1507 1090 su-

51 1118 183 1158 menti
201 1135 208 1158 :
242 1118 494 1160 Anathema
515 1120 583 1160 sit.

111 1190 156 1230 Si
179 1191 276 1246 quis
298 1190 468 1240 dixerit,
492 1192 638 1232 Missae
666 1193 923 1233 sacrificium
959 1201 1128 1235 tantum
1163 1210 1254 1235 csse
1289 1195 1432 1237 laudis
1465 1204 1508 1238 et

52 1264 293 1320 gratiarum
317 1264 508 1312 actioniS,
531 1280 613 1305 non
635 1272 780 1306 autem
804 1266 1174 1321 propitiatorium,
1198 1282 1274 1308 nee
1298 1283 1376 1323 pro
1399 1269 1509 1310 vivis

48 1343 92 1377 et
116 1336 348 1386 defunctis,
372 1339 661 1394 propeccatis
692 1345 734 1379 et
770 1340 928 1394 poenis,
964 1347 1007 1380 ct
1043 1340 1139 1380 aliis
1175 1342 1508 1384 necessitatibus

49 1410 195 1452 offerri
219 1411 404 1453 debere:
438 1411 687 1453 Anathema
709 1413 776 1453 sit.

107 1484 153 1524 Si
167 1485 264 1540 quis
277 1484 449 1532 dixerit,
474 1485 558 1525 illis
582 1486 739 1533 verbis,
763 1486 861 1526 Hoc
881 1486 1005 1528 facite
1029 1487 1070 1526 in
1095 1503 1229 1528 meam
1255 1504 1507 1530 commemo-

51 1558 260 1599 rationem
290 1557 530 1606 Christum,
568 1574 651 1599 non
688 1560 931 1600 instituisse
956 1562 1191 1615 Apostolos
1229 1562 1507 1612 Sacerdotes;

49 1635 130 1669 aut
150 1643 233 1668 non
255 1628 488 1678 ordinasse,
507 1637 556 1671 ut
574 1631 656 1685 ipsi
679 1631 840 1686 aliique
857 1632 1109 1673 Sacerdotes
1131 1633 1336 1674 offerrent
1350 1649 1507 1690 corpus

48 1709 94 1743 et
116 1702 378 1758 sanguinem
401 1704 495 1759 ejus
514 1719 521 1743 :
560 1703 809 1744 Anathema
831 1705 899 1745 sit.

111 1776 156 1816 Si
179 1776 276 1831 quis
302 1775 474 1824 dixerit,
511 1776 825 1832 blasphemiam
849 1779 1021 1834 erogari
1043 1780 1310 1820 sanctissimo
1340 1780 1508 1822 Christi

53 1849 261 1889 sacrificio
297 1849 339 1889 in
376 1849 518 1890 Cruce
551 1857 726 1905 peracto
756 1865 834 1906 per
866 1851 1013 1891 Missae
1034 1852 1304 1900 sacrificium,
1336 1861 1414 1895 aut
1447 1854 1508 1895 illi

50 1937 130 1977 per
152 1921 230 1963 hoe
253 1922 455 1979 derogari
476 1939 483 1962 ε
518 1923 768 1964 Anathema
790 1924 857 1964 sit.

112 1995 157 2036 Si
181 1995 278 2051 quis
300 1995 474 2045 dixerit,
508 1997 796 2053 imposturam
819 2012 911 2037 esse
935 1997 1094 2038 Missas
1117 1999 1335 2042 celebrare
1357 2001 1400 2042 in
1432 2001 1506 2043 ho-

54 2082 199 2108 norem
225 2068 495 2116 Sanctorum,
527 2077 569 2110 et
606 2084 685 2124 pro
718 2069 891 2110 illorum
927 2069 1230 2111 intercessione
1253 2071 1506 2121 obtinenda,

54 2142 167 2183 sicut
186 2141 383 2183 Ecclesia
407 2142 616 2183 intendit:
652 2142 899 2183 Anathema
921 2142 987 2183 sit.

112 2215 157 2256 Si
193 2217 292 2270 quis
326 2216 495 2262 dixerit,
536 2215 843 2263 Caeremonias,
882 2222 1032 2262 vestes,
1069 2223 1112 2256 et
1145 2223 1328 2259 externa
1367 2220 1505 2274 signa,

55 2286 216 2342 quibus
236 2287 278 2328 in
300 2288 527 2328 missarum
561 2287 853 2328 celebratione
882 2288 987 2328 Ecca
1027 2287 1161 2328 Catha
1202 2289 1344 2330 utitur
1367 2291 1506 2332 irrita-

56 2357 162 2399 bula
182 2359 420 2415 impietatis
442 2375 533 2401 esse
559 2361 700 2416 magis
722 2375 853 2415 quam
871 2360 1005 2401 officia
1024 2360 1222 2416 pietatis:
1258 2361 1508 2403 Anathema

57 2429 124 2470 sit.

115 2503 161 2543 Si
183 2503 280 2559 quis
301 2503 344 2544 di
355 2505 474 2553 uerit,
497 2505 662 2553 missas,
680 2506 723 2545 in
738 2505 899 2560 quibus
920 2505 1037 2545 solus
1060 2504 1256 2545 sacerdos
1273 2507 1506 2547 communi-

58 2581 138 2624 cat,
161 2575 332 2617 illicitas
353 2592 460 2625 csse,
483 2576 667 2633 ideoque
690 2577 990 2634 abrogandas:
1032 2576 1281 2617 Anathema
1302 2577 1370 2618 sit.

116 2648 162 2688 Si
197 2649 296 2705 quis
331 2649 507 2698 dixerit,
547 2651 658 2691 Eccae
692 2650 827 2691 Romze
863 2651 1012 2699 ritum,
1049 2665 1135 2706 quo
1157 2651 1383 2691 summissa
1407 2667 1508 2693 voce

61 2720 190 2762 verba
231 2723 555 2763 consecrationis
605 2723 901 2778 proferuntur,
945 2721 1240 2763 damnandum
1283 2737 1386 2771 esse,
1430 2732 1508 2766 aut

59 2790 207 2848 lingua
229 2801 398 2835 tantum
423 2795 597 2851 vulgari
621 2796 795 2836 missam
820 2795 1029 2836 celebrari
1049 2794 1222 2842 debere,
1248 2803 1324 2836 aut
1349 2811 1508 2853 aquam

1261 2883 1282 2908 p
