1905 3254
373 274 458 314 222
1001 289 1110 319 snss.
1136 288 1196 317 vl.

431 398 515 437 5to.
549 396 614 438 Ut
635 395 703 436 hic
726 410 834 436 usus
852 395 1012 436 Calicis
1034 395 1095 435 eis
1117 401 1289 436 tantum
1312 395 1608 450 permittatur,
1631 396 1708 451 qui
1729 411 1823 437 con-

371 469 463 509 triti
497 475 539 509 et
561 469 739 509 confessi
770 468 935 509 fuerint
951 469 1081 524 juxta
1104 467 1342 508 Catholicae
1364 467 1572 508 Ecclesiae
1595 476 1823 509 consuetu-

370 540 525 582 dinem.
588 542 714 588 Item,
758 548 808 582 ut
840 541 1045 581 ordinarii
1081 556 1213 596 quam
1251 539 1583 596 diligentissime
1625 542 1825 582 omnibus

371 616 647 656 cautionibus
668 615 945 670 provideant,
968 629 1021 655 ne
1039 614 1081 654 in
1104 613 1476 654 administratione
1499 615 1725 671 sanguinis
1748 615 1823 656 ali-

371 686 490 741 quod
523 687 794 743 sacrilegium
828 694 903 727 aut
939 687 1187 742 profanatio
1221 686 1488 732 admittatur,
1510 700 1642 740 super
1663 687 1824 741 quibus

370 761 573 800 omnibus
592 760 812 816 praedictis
834 775 984 801 eorum
1007 760 1266 801 conscientia
1288 766 1505 800 oneratur.

428 832 656 873 Secundus
690 833 924 873 articulus:
962 833 1035 873 An
1069 833 1123 873 sit
1150 832 1294 872 danda
1320 832 1414 872 haec
1436 832 1621 873 facultas
1642 831 1823 873 Archie·

368 906 556 962 piscopis
593 913 637 947 et
672 906 905 961 Episcopis
942 905 1159 947 dictorum
1196 906 1400 954 locorum,
1437 912 1486 946 ut
1521 906 1824 962 unusquisque

369 994 532 1028 eorum,
566 987 776 1036 tanquam
812 979 1047 1035 delegatus
1086 978 1210 1020 Sedis
1245 979 1526 1035 Apostolicae,
1552 980 1689 1034 possit
1712 995 1823 1020 com-

368 1053 541 1094 mittere
584 1053 760 1094 Curatis
800 1053 1099 1093 Ecclesiarum
1141 1053 1422 1095 existentium
1458 1053 1573 1094 intra
1603 1052 1825 1094 Dioecesin

368 1139 504 1173 suam,
527 1131 578 1165 ut
599 1125 917 1165 communicent
935 1131 1135 1180 petentes
1153 1126 1235 1166 sub
1259 1131 1447 1181 utraque
1468 1125 1611 1180 specie
1633 1125 1678 1165 in
1699 1125 1825 1166 dictis

368 1197 576 1237 Ecclesiis
597 1204 782 1246 tantum,
807 1198 890 1238 sub
914 1198 1234 1239 conditionibus
1257 1204 1403 1239 tamen
1426 1198 1746 1254 suprascriptis,

426 1269 598 1319 Postea,
632 1277 864 1326 antequam
900 1270 993 1311 dies
1029 1271 1222 1311 dicendae
1254 1271 1307 1312 de
1335 1271 1403 1312 his
1434 1272 1662 1312 sententiae
1694 1271 1823 1312 adve-

366 1342 491 1391 niret,
509 1358 606 1383 cum
628 1343 898 1398 intelligeret
917 1343 1408 1398 Quinqueecclesiensis,
1432 1344 1645 1385 Praelatos
1665 1345 1825 1385 multos

369 1416 424 1456 ab
447 1431 498 1456 ea
519 1416 730 1472 petitione
753 1416 918 1456 alienos
941 1416 1094 1463 videri,
1117 1416 1234 1472 quod
1257 1417 1299 1456 in
1316 1416 1456 1471 primo
1478 1417 1657 1457 articulo
1679 1432 1826 1458 omnes

369 1489 624 1538 Provinciae,
660 1490 964 1545 Civitatesque
999 1505 1117 1530 sacro
1152 1490 1347 1530 Romano
1385 1490 1578 1546 Imperio
1613 1491 1824 1546 subjectae

368 1562 710 1611 includerentur,
744 1578 833 1618 qua
866 1578 919 1603 ex
948 1578 994 1602 re
1030 1562 1190 1603 multas
1211 1578 1387 1618 quoque
1410 1563 1607 1603 civitates
1628 1563 1670 1602 in
1694 1563 1826 1603 Italia

368 1634 696 1690 comprehendi,
739 1635 879 1675 veluti
915 1641 1051 1675 totam
1097 1635 1329 1675 Senensem
1368 1635 1588 1683 ditionem,
1632 1635 1825 1692 aliasque

367 1706 465 1747 hinc
507 1707 712 1747 finitimas
752 1707 953 1762 regiones
993 1707 1035 1746 in
1076 1707 1219 1756 Istria,
1261 1707 1498 1756 Dalmatia,
1541 1715 1675 1764 atque
1714 1708 1824 1750 hanc

366 1780 505 1835 ipsam
543 1780 764 1821 civitatem
799 1780 1120 1828 Tridentinam,
1158 1795 1259 1835 quae
1300 1780 1355 1821 ad
1391 1795 1604 1822 cameram
1643 1782 1825 1838 Imperii

367 1852 577 1893 dicuntur
610 1854 845 1909 pertinere,
880 1860 1128 1909 propterea,
1169 1869 1223 1894 ne
1255 1853 1361 1909 quid
1392 1854 1489 1894 hinc
1522 1855 1825 1910 impedimenti

369 1926 579 1968 adversus
623 1927 879 1975 Germanos,
924 1927 1177 1982 Hungaros,
1220 1927 1530 1983 Bohemosque
1567 1930 1822 1978 exoriretur,

367 2014 552 2054 quarum
594 2015 724 2040 causa
762 1999 874 2040 hunc
917 1999 1106 2040 Calicem
1149 2000 1372 2055 praecipue
1413 2001 1665 2056 cupiebant,
1703 2009 1824 2043 curat

366 2073 495 2128 primi
528 2075 699 2115 articuli
734 2075 869 2115 verba
898 2075 940 2114 in
967 2074 1081 2115 hunc
1104 2090 1275 2115 sensum
1299 2076 1623 2124 accommodari,
1646 2084 1696 2118 ut
1717 2093 1822 2133 qua-

366 2153 494 2187 tenus
526 2147 580 2188 de
612 2149 719 2189 sacri
754 2147 938 2189 Romani
974 2148 1156 2204 Imperii
1176 2149 1282 2190 locis
1302 2150 1350 2191 fit
1370 2150 1544 2198 mentio,
1565 2150 1611 2191 id
1632 2150 1687 2192 ad
1710 2151 1822 2192 Ger-

364 2220 550 2260 maniam
573 2228 744 2262 tantum
767 2221 986 2277 pertinere
1008 2221 1300 2277 dignoscatur

424 2292 698 2335 Mantuanus
719 2295 866 2342 etiam,
891 2295 978 2350 qui,
1012 2295 1104 2335 sive
1126 2295 1245 2350 quod
1267 2310 1438 2351 aequam
1464 2310 1510 2336 ac
1527 2300 1689 2350 justam
1711 2294 1820 2337 hanc

367 2368 554 2410 Caesaris
584 2370 838 2425 petitionem
872 2370 1153 2418 existimaret,
1193 2371 1282 2411 sive
1325 2369 1442 2425 quod
1480 2370 1541 2411 ita
1575 2386 1600 2411 a
1641 2371 1820 2411 Summo

364 2441 507 2483 Pontce
531 2442 739 2483 mandata
760 2442 1009 2498 accepisset,
1042 2443 1152 2484 forte
1176 2445 1307 2484 etiam
1330 2443 1448 2499 quod
1470 2445 1562 2500 ejus
1582 2444 1750 2484 familia
1773 2458 1820 2484 ac
1880 2459 1884 2502 g

363 2518 544 2566 nepotes
577 2518 695 2552 arcto
729 2511 1073 2566 propinquitatis
1107 2527 1153 2552 ac
1174 2512 1503 2553 necessitudinis
1525 2513 1697 2554 vinculo
1719 2529 1818 2554 cum

365 2583 540 2625 Caesare
567 2585 663 2640 ipso
693 2591 816 2625 erant
848 2586 1078 2640 conjuncti,
1107 2585 1284 2626 mirifice
1316 2601 1489 2626 causam
1512 2587 1619 2642 ejus,
1641 2587 1819 2642 publice
1877 2615 1884 2623 -

363 2657 660 2713 privatimque
677 2662 848 2713 juvare,
871 2657 1014 2698 oblata
1039 2673 1085 2698 ac
1103 2658 1286 2713 quaesita
1310 2659 1543 2704 occasione,
1571 2674 1655 2700 non
1677 2660 1819 2702 desiit.

363 2729 479 2770 Nam
500 2731 614 2771 inter
635 2738 807 2777 caetera,
831 2746 917 2786 quo
938 2731 1008 2771 die
1031 2731 1240 2772 Patribus
1262 2733 1431 2773 articuli
1452 2734 1495 2773 in
1519 2734 1683 2789 Congne
1710 2734 1819 2776 editi

364 2800 553 2849 fuorunt,
576 2804 815 2843 maximum
834 2804 1020 2845 Caesaris
1042 2804 1236 2845 studium
1262 2806 1458 2860 graviter
1480 2806 1639 2846 Pribus
1662 2806 1819 2861 praedi-

1903 934 1905 942 Α

1903 946 1905 982 ἔ

1902 990 1905 1031 ἐ

1902 1036 1905 1045 .

1901 1050 1905 1065 l
