1905 3254
672 330 785 362 sess.
809 331 884 362 vn.
1427 314 1510 357 313

51 445 289 495 tempestas
321 438 415 479 haec
437 445 532 479 orta
552 444 629 486 est,
652 437 749 479 Viri
779 438 933 478 fratres
947 454 957 487 3
989 444 1224 493 propterea
1253 438 1411 478 mittite
1431 452 1509 479 nos

49 512 94 552 in
115 526 256 552 mare:
290 510 397 566 quid
429 509 586 551 addam
619 510 837 565 amplius?
897 509 1089 550 Habetis
1120 511 1372 552 confitentes
1403 525 1505 551 nos:

52 584 97 624 in
119 599 202 631 eos,
232 590 283 624 ut
310 583 433 631 libet,
463 581 808 623 animadvertite.
873 582 1004 623 Nune
1033 582 1249 637 judicium
1282 584 1462 639 incipiat
1484 599 1509 624 a

50 655 178 696 domo
199 655 299 703 Dei,
324 662 368 696 et
387 654 652 695 mundentur
684 654 761 709 qui
795 654 941 694 ferunt
973 669 1079 694 vasa
1098 654 1291 696 Domini.
1353 657 1509 697 Atten-

52 726 208 767 damus
246 726 386 775 nobis,
427 732 471 766 et
512 726 716 765 universo
758 725 896 780 gregi.
978 725 1265 775 Quiescamus
1305 741 1509 782 perverse

53 813 197 854 agere,
227 805 270 839 et
291 797 509 839 discamus
540 798 652 838 bene
683 812 827 853 agere.
892 798 987 838 Imo
1007 799 1168 853 potius,
1200 805 1250 839 tu
1272 799 1511 841 misericors

49 877 92 912 et
108 871 220 912 bone
237 870 375 918 Deus,
399 885 479 926 per
496 870 661 910 viscera
676 870 981 911 misericordiae
997 877 1100 919 tuae,
1119 871 1297 921 attendi,
1318 872 1507 927 placare,

50 950 93 984 et
121 943 199 990 fae,
233 942 404 997 adauge
438 941 562 982 nobis
593 941 734 989 fidem,
768 950 831 990 ut,
856 943 944 984 sine
976 944 1141 990 timore,
1177 944 1231 984 de
1268 959 1399 985 manu
1429 945 1508 985 ini-

48 1015 260 1056 micorum
287 1014 476 1060 liberati,
511 1014 752 1055 serviamus
784 1015 882 1055 tibi.
944 1015 1075 1056 Nunc
1098 1016 1266 1056 viribus
1297 1031 1407 1071 opus
1428 1022 1507 1064 est,

49 1088 216 1136 Patres,
249 1102 365 1128 nunc
398 1094 574 1142 pectore
608 1088 743 1127 firmo.
806 1086 892 1127 Sed
923 1103 1087 1135 vereor,
1120 1087 1217 1128 Illmi
1251 1087 1340 1128 Dni
1362 1095 1405 1129 et
1426 1076 1510 1129 Rmi

49 1162 272 1217 Episcopi,
307 1176 360 1202 ne
393 1162 523 1201 nimis
554 1162 804 1216 importune
827 1175 980 1216 agam:
1014 1176 1098 1201 non
1133 1168 1197 1202 est
1219 1163 1332 1202 enim
1355 1168 1509 1217 sponte

52 1233 332 1274 currentibus
368 1232 616 1273 addendum
652 1233 817 1282 calcar3
859 1234 985 1273 finem
1024 1234 1161 1289 igitur
1193 1234 1361 1273 faciam.
1425 1235 1511 1275 Est

51 1306 163 1347 enim
185 1320 283 1346 mea
302 1305 396 1345 haec
418 1305 624 1361 expedita
656 1321 681 1346 a
708 1305 830 1361 Rege
853 1305 1067 1361 Legatio:
1101 1305 1137 1344 si
1168 1304 1275 1359 quid
1305 1305 1410 1345 seire
1433 1321 1510 1346 vos

50 1378 237 1433 amplius
277 1378 511 1433 oportebit,
553 1378 644 1418 haec
685 1378 828 1419 omnia
864 1378 1088 1418 clarissimi
1128 1378 1266 1434 Regis
1302 1378 1511 1421 Oratores

51 1451 283 1492 curabunt.
346 1451 448 1506 Ego
471 1466 588 1498 vero,
607 1458 649 1492 et
672 1466 839 1491 mecum
863 1465 950 1491 una
973 1452 1048 1506 qui
1070 1466 1123 1492 ex
1147 1451 1304 1492 Galliis
1326 1452 1508 1494 advene-

47 1530 165 1571 runt,
182 1523 264 1564 Rmi
288 1523 566 1579 Co-episeopi
584 1525 625 1564 in
642 1524 721 1564 hac
743 1524 997 1565 universalis
1014 1524 1220 1565 Ecclesiae
1242 1533 1510 1567 sacrosancta

50 1595 224 1651 Synodo
256 1603 467 1637 testamur
501 1598 659 1637 Beatmo
692 1596 791 1638 Dno
824 1597 904 1637 Pio
938 1598 1063 1638 Pont.
1094 1597 1214 1638 Max.
1240 1606 1338 1653 post
1359 1599 1507 1640 Deum

48 1668 93 1708 in
116 1675 385 1723 perpetuum
419 1668 617 1709 subditos
647 1683 738 1709 esse
763 1669 901 1717 velle;
935 1670 1029 1724 ejus
1060 1670 1173 1710 enim
1207 1685 1282 1710 nos
1313 1671 1356 1710 in
1381 1672 1510 1712 terris

51 1741 289 1796 primatum
325 1756 459 1797 super
496 1756 644 1781 omnes
675 1741 891 1781 Ecclesias
923 1742 1209 1796 agnoscimus,
1243 1744 1368 1797 eujus
1399 1758 1508 1784 nun-

53 1829 183 1870 quam
208 1814 394 1869 imperia
425 1814 777 1854 detractabimus.
840 1813 1050 1854 Ecclesiae
1085 1820 1232 1855 autem
1271 1815 1508 1858 Catholicae

53 1900 100 1927 ac
124 1887 266 1927 Saerae
291 1886 521 1926 Generalis
545 1885 705 1941 Synodi
728 1885 902 1926 decreta
924 1901 1195 1927 veneramur.
1238 1887 1376 1928 Vobis
1399 1889 1510 1929 Ill¹¹¹i⁹

49 1973 98 1999 ae
119 1959 213 1999 R¹¹²⁵⁸
234 1959 420 2014 Legatis
451 1958 585 1998 fasces
617 1958 928 2005 submittimus,
954 1958 1243 1999 Sanctissimis
1275 1960 1507 2016 Episcopis

51 2031 253 2072 dexteras
274 2031 491 2071 societatis
513 2030 746 2077 afferimus,
770 2037 814 2070 et
836 2030 1092 2070 clarissimos
1126 2029 1237 2071 Ores
1259 2038 1391 2073 testes
1411 2048 1505 2074 sen-

51 2104 285 2144 tentiarum
308 2110 554 2144 nostrarum
577 2102 644 2142 hic
668 2102 816 2142 adesse
840 2102 1121 2144 vehementer
1144 2103 1433 2158 gratulamur,
1455 2113 1506 2146 ut

52 2175 219 2230 Spiritu
259 2175 413 2215 Sancto
454 2174 576 2221 duce,
615 2175 657 2214 in
693 2174 905 2219 omnibus,
940 2189 1019 2229 per
1053 2174 1208 2222 omnia,
1243 2182 1287 2215 et
1320 2190 1502 2231 semper,

50 2245 355 2288 honorificetur
377 2246 502 2287 Deus
519 2253 562 2286 et
586 2246 636 2285 Pr
657 2246 700 2286 D
739 2246 796 2286 N.
821 2246 930 2286 Jesu
954 2245 1131 2286 Christi.

108 2318 217 2359 Fine
252 2317 419 2359 dicendi
453 2318 564 2358 facto
599 2333 624 2358 a
654 2317 956 2373 Lotharingio,
991 2324 1086 2358 tum
1110 2317 1357 2358 Cardinalis
1379 2319 1504 2360 Man-

53 2395 215 2430 tuanus
235 2391 278 2430 in
297 2389 408 2430 hane
429 2390 687 2430 sententiam
712 2397 776 2431 est
799 2390 1122 2445 subsequutus;
1147 2389 1402 2438 decrevisse,
1426 2392 1503 2432 sei-

50 2461 162 2509 licet,
187 2463 389 2503 Sanctam
413 2462 638 2518 Synodum
661 2463 1057 2517 Arehiepiscopum
1074 2460 1347 2508 Jadrensem,
1364 2463 1504 2504 virum

52 2536 222 2577 doctum
246 2543 291 2577 et
310 2536 586 2592 prudentem,
610 2537 686 2591 qui
709 2536 762 2576 ad
780 2536 1041 2591 elegantem,
1064 2533 1296 2581 eruditam,
1319 2549 1367 2575 ae
1387 2536 1503 2589 piam

51 2610 284 2650 orationem
328 2608 574 2650 Cardinalis
616 2608 893 2663 Lotharingii
939 2606 1200 2662 respondeat
1220 2622 1230 2655 3
1280 2621 1324 2646 se
1365 2608 1504 2650 laetari

54 2682 256 2728 maxime,
274 2681 391 2736 quod
414 2683 584 2722 nomine
606 2682 740 2736 Regis
762 2696 809 2722 ac
831 2681 1014 2735 Regina}
1036 2679 1188 2719 matris
1210 2678 1322 2719 ΙΙΙΠιὶΒ
1335 2678 1392 2720 D.
1413 2695 1503 2721 suae

55 2766 150 2792 cum
192 2753 307 2793 bona
346 2759 472 2807 parte
509 2753 802 2793 Praelatorum
844 2759 887 2793 et
927 2751 1255 2806 Theologorum
1296 2751 1504 2793 Ecclesiae

59 2823 297 2865 Gallicanae
318 2823 402 2865 huc
424 2839 469 2865 se
490 2825 745 2865 contulerit:
779 2838 953 2879 sperare
976 2823 1088 2864 enim
1111 2838 1155 2863 se
1186 2823 1501 2867 incrementum
