1905 3254
715 293 831 324 sess.
857 293 936 324 vn.
1473 280 1557 319 405

95 396 152 438 tis
175 396 394 452 capitibus
415 396 631 446 ordinum,
654 398 794 454 iisque
813 415 912 455 quae
934 400 1039 456 ipsis
1053 401 1238 441 subsunt
1261 399 1554 444 Mouasteriis,

96 477 141 511 et
157 485 257 525 quae
280 469 474 525 capitula
496 470 659 512 faciunt
678 474 910 527 generalia,
934 480 978 514 et
998 474 1049 514 iis
1074 474 1366 522 Monasteriis,
1391 473 1556 528 quibus

97 542 245 582 multis
282 543 371 598 jam
413 549 528 583 retro
568 543 753 591 saeculis,
797 544 1074 586 evidentibus
1114 547 1373 601 scriptorum
1406 559 1556 585 monu-

99 615 256 655 mentis
289 622 456 656 constat
490 614 637 656 datam
673 631 762 657 esse
796 618 1144 672 exemptionem;
1190 634 1290 673 quae
1324 626 1469 660 tamen
1502 633 1556 658 ne

97 703 124 729 a
160 689 420 729 correctione
461 689 604 730 animo
644 705 688 730 se
724 690 929 738 eximant,
969 691 1118 747 aliqua
1152 693 1318 733 ratione
1354 691 1556 748 provide-

97 768 212 803 atur.

155 837 224 879 27.
278 836 392 877 Cum
428 837 680 892 Episcopus
721 840 767 878 esi
811 837 1127 879 ‚Jurisdictione
1169 839 1234 879 uti
1275 855 1359 880 non
1398 839 1558 879 debeat

95 910 334 951 secundum
370 911 554 967 antiqua
586 911 774 958 decreta,
811 913 891 953 nisi
922 913 1119 953 consulto
1154 913 1379 969 Capitulu,
1410 928 1558 968 quem-

98 984 330 1025 admodum
367 985 437 1025 vel
470 985 554 1025 alia
591 1000 682 1025 suae
716 985 932 1026 Did-cesis
969 986 1122 1041 gravia
1151 987 1325 1041 negotia
1358 992 1558 1033 tractare,

98 1057 244 1099 danda
264 1066 328 1099 est
349 1058 534 1114 diligens
565 1073 710 1113 opera,
746 1065 796 1099 ut
819 1058 1025 1100 Canonici
1055 1059 1386 1100 Cathedralium
1413 1059 1559 1100 Eccle-

98 1130 258 1171 siarum
292 1131 375 1172 sint
407 1130 581 1171 assiduo
616 1130 658 1170 in
694 1131 797 1171 Ecca
829 1130 1097 1178 Cathedrali,
1136 1132 1258 1172 bonis
1291 1131 1486 1172 moribus
1517 1136 1561 1171 et

98 1204 279 1244 seientia
301 1203 489 1259 praediti,
519 1204 684 1258 quique
705 1203 858 1244 saltem
884 1204 1142 1259 vigesimum
1167 1205 1373 1260 quintum
1397 1219 1559 1245 annum

101 1277 344 1332 attingant3
377 1291 490 1323 nam,
526 1283 623 1317 ante
656 1276 775 1316 illam
809 1282 1001 1326 aetatem,
1038 1292 1133 1317 cum
1168 1292 1252 1317 non
1286 1278 1451 1333 possint
1482 1293 1562 1333 per

99 1350 220 1406 leges
252 1349 464 1390 humanas
501 1350 633 1390 rebus
664 1350 754 1389 suis
791 1350 1053 1405 prospicere,
1092 1350 1309 1405 quomodo
1346 1351 1562 1407 Episcopo

98 1424 321 1464 consulere
345 1425 579 1479 poterant?

160 1497 228 1537 28.
262 1496 554 1537 Retineantur
589 1496 774 1551 antiqui,
811 1503 887 1536 aut
921 1511 1004 1536 non
1037 1497 1357 1538 constituantur
1389 1512 1563 1538 consan-

103 1571 349 1625 guinitatis,
392 1571 626 1617 affinitatis,
670 1570 739 1610 vel
783 1571 1050 1624 cognationis
1091 1572 1334 1626 spiritualis
1385 1571 1562 1626 gradus,

102 1644 216 1684 intra
238 1658 345 1699 quos
366 1658 451 1683 non
473 1643 603 1684 liceat
624 1643 807 1684 obtentu
841 1644 1035 1697 cujusvis
1060 1643 1395 1699 dispensationis
1417 1644 1563 1684 matri-

102 1716 295 1756 monium
316 1716 583 1763 eontrahere,
607 1716 799 1771 exceptis
822 1715 924 1755 solis
946 1715 1148 1771 Regibus
1166 1722 1244 1756 aut
1267 1715 1562 1770 Principibus,

103 1796 286 1845 propter
309 1790 471 1830 bonum
497 1789 741 1845 publicum.

163 1863 230 1903 29.
267 1862 381 1903 Cum
405 1864 561 1903 nostris
584 1863 858 1918 temporibus
889 1862 1028 1902 exorti
1051 1868 1152 1902 sunt
1177 1861 1463 1909 Iconomachi,
1486 1863 1564 1917 qui

106 1936 326 1992 Imagines
367 1935 624 1977 evertendas
665 1942 852 1983 censent,
890 1942 931 1975 et
966 1935 1168 1975 111aximae
1210 1935 1565 1989 perturbationes

105 2010 302 2066 plurimis
322 2011 365 2050 in
397 2010 502 2051 locis
533 2025 585 2050 ex
608 2025 658 2050 co
690 2010 776 2050 sint
807 2009 1070 2057 exercitatae,
1095 2008 1322 2064 provideat
1345 2010 1403 2050 Sta
1433 2010 1564 2064 Syno-

106 2081 200 2131 dus,
223 2090 273 2123 ut
302 2083 509 2124 doceatur
533 2082 726 2138 populus
749 2081 856 2137 quid
879 2081 932 2121 de
957 2081 1095 2121 Cultu
1122 2081 1371 2137 Imaginum
1395 2084 1450 2124 sit
1471 2098 1563 2124 sen-

106 2154 318 2203 tiendum,
356 2163 582 2211 curetque,
611 2162 661 2195 ut
697 2155 731 2195 si
768 2170 868 2209 quae
905 2154 946 2193 in
982 2154 1034 2193 iis
1071 2153 1260 2193 colendis
1292 2154 1565 2209 irrepserunt

106 2229 440 2284 superstitiones
461 2236 504 2271 et
525 2230 689 2270 abusus
712 2228 948 2269 tollantur:
973 2226 1091 2282 quod
1113 2226 1255 2281 ipsum
1274 2240 1449 2281 quoque
1470 2242 1565 2282 pro-

106 2301 252 2343 videat
290 2303 334 2343 in
369 2302 666 2358 indulgentiis,
708 2299 1154 2357 peregrinationibuS,
1198 2298 1396 2352 reliquiis
1434 2299 1565 2340 Sanc-

108 2383 264 2426 torum,
287 2384 330 2418 et
351 2377 403 2417 iis
425 2377 760 2424 Sodalitatibus,
784 2390 892 2431 quas
916 2380 1068 2414 vocant
1091 2372 1420 2414 Fraternitates,

164 2450 230 2490 30.
267 2450 483 2500 Quoniam
515 2465 631 2505 saepe
664 2450 720 2490 ob
754 2449 883 2489 unius
912 2461 1086 2488 enorme
1114 2446 1321 2486 delictum
1357 2446 1568 2502 affligitur

106 2522 336 2563 universus
369 2523 576 2579 populus,
611 2538 742 2578 quem
776 2522 829 2562 (le
864 2520 1051 2576 proximi
1074 2519 1262 2575 peccatis
1284 2519 1500 2560 solicitum
1524 2527 1569 2561 et

109 2596 285 2637 anxium
318 2612 409 2637 esse
439 2603 624 2652 oportet,
654 2596 915 2637 restituatur
951 2593 1161 2634 Ecclesiae
1195 2592 1447 2641 Catholicae,
1484 2608 1567 2634 non

109 2670 247 2710 solum
291 2670 472 2725 antiqua
512 2670 602 2711 vita
641 2676 823 2725 propter
868 2683 1023 2724 graves
1058 2673 1102 2707 et
1145 2665 1341 2722 publicas
1371 2666 1568 2716 offensas,

109 2743 379 2799 publicaque
407 2743 683 2799 poenitentia,
708 2741 782 2783 sed
805 2741 857 2782 ad
882 2741 987 2781 iram
1013 2740 1097 2780 Dei
1122 2738 1377 2794 placandam
1405 2740 1571 2796 jejunia

112 2821 154 2856 et
174 2815 316 2857 luctus
338 2816 517 2871 publici.

169 2888 236 2930 31.
273 2887 477 2944 Cumque
499 2888 904 2930 Excommunicatio
927 2887 982 2927 sit
1004 2887 1114 2926 Ecc'd'
1129 2900 1359 2941 supremus
1379 2885 1570 2941 gladius>
