1905 3254
733 266 842 297 SEss.
868 265 926 295 v1.
1474 249 1550 290 261

100 372 306 414 instantia
336 373 520 428 relinqui
553 372 794 414 Ordinariis
824 372 1029 413 locorum.
1092 370 1289 412 Tandem
1313 370 1464 412 Canon
1495 372 1558 412 ita

102 446 246 488 fuerat
279 453 560 503 temperatus,
597 453 646 487 ut
684 447 798 487 ultra
829 453 998 486 montes
1028 445 1186 486 Causae
1227 460 1368 501 usque
1403 444 1458 486 ad
1490 444 1558 492 50,

102 521 210 561 citra
231 528 398 561 montes
422 534 557 574 usque
579 520 635 560 ad
648 520 702 559 24
724 519 1078 574 relinquerentur
1095 518 1354 560 Ordinariis.
1402 520 1560 560 Postea

102 608 199 633 cum
232 593 419 634 ministri
452 591 717 633 Marchionis
750 592 940 633 Pescarii
964 591 1160 631 Oratoris
1193 590 1329 646 Regis
1360 590 1560 646 Philippi

101 666 296 721 graviter
327 666 532 721 conqueri
554 665 803 721 coepissent,
828 665 946 720 quod
976 664 1210 720 privilegia
1231 664 1376 720 Regni
1399 664 1560 704 Siciliae

101 744 143 778 et
170 741 268 793 ejus
289 737 566 785 Monarchiae,
591 752 688 793 quae
712 737 931 793 quaslibet
953 752 1103 778 causas
1124 738 1168 777 in
1199 737 1337 792 prima
1358 737 1562 778 instantia

96 809 324 866 judicandi
351 811 426 866 jus
456 809 634 858 habent,
667 825 751 851 non
784 810 1057 851 mediocriter
1078 810 1177 851 hinc
1198 810 1444 859 laederetur,
1466 810 1560 865 pla-

101 884 192 924 cuit
212 883 290 924 hoe
311 890 445 940 caput
464 885 508 925 in
531 884 653 925 aliud
674 891 847 940 tempus
863 884 1057 925 differre:
1086 884 1217 925 multi
1239 892 1385 925 tamen
1408 884 1563 925 Patres

102 957 281 999 aiebant
302 972 354 998 ea
374 958 605 1014 privilegia
628 964 705 998 aut
725 971 808 996 non
831 964 993 1003 extare,
1027 964 1105 998 aut
1127 972 1219 998 esse
1240 957 1534 997 commentitia
1551 973 1562 1006 3

101 1045 203 1071 nam
226 1045 324 1071 cum
357 1030 461 1071 olim
494 1030 539 1070 id
566 1045 748 1085 regnum
783 1030 866 1070 sub
898 1029 1061 1070 ditione
1094 1028 1401 1070 Ecclesiastica
1438 1035 1562 1077 esset,

102 1119 240 1160 eoque
272 1104 319 1145 P.
349 1104 398 1145 P.
430 1104 626 1160 Legatos
657 1119 756 1145 suos
790 1119 888 1144 cum
921 1117 1090 1144 summa
1113 1103 1309 1143 mitteret
1330 1109 1562 1158 potestate,

102 1185 255 1234 postea
277 1194 327 1219 eo
348 1178 558 1219 translato
579 1178 623 1218 in
645 1179 817 1234 regium
835 1181 922 1232 jus,
946 1177 1081 1217 fuisse
1103 1192 1128 1217 a
1149 1177 1349 1232 Regibus
1366 1176 1410 1216 id
1430 1177 1563 1217 etiam

102 1253 280 1308 oblique
313 1259 544 1299 retentum,
586 1250 706 1307 quod
741 1258 869 1292 antea
903 1250 1141 1292 Pontificiis
1174 1250 1359 1305 Legatis
1390 1256 1564 1292 tantum

95 1327 195 1382 jure
216 1325 388 1368 licebat.

161 1399 318 1455 Itaque
360 1399 550 1441 Decreta
586 1399 729 1440 omnia
768 1399 1109 1440 Reformationis
1150 1398 1350 1440 undecim
1391 1406 1590 1441 tantum-

102 1473 321 1529 capitibus
360 1473 557 1514 conclusa
597 1473 773 1514 fuerant
808 1488 858 1514 eo
901 1472 1064 1520 ordine,
1104 1488 1190 1528 quo
1222 1472 1351 1515 hodie
1388 1481 1540 1514 extant
1553 1490 1564 1523 3

103 1561 289 1601 quorum
311 1547 513 1602 primum,
531 1547 787 1602 petentibus
805 1546 1070 1587 Oratoribus
1088 1546 1291 1595 Caesaris,
1311 1547 1365 1587 ad
1387 1548 1565 1587 nimiam

106 1619 373 1660 Clericorum
397 1619 644 1660 Germaniae
675 1620 893 1660 licentiam
926 1619 1226 1668 cohibendam,
1260 1620 1380 1675 quod
1401 1628 1445 1661 et
1466 1620 1565 1661 reli-

105 1693 205 1748 quis
228 1693 329 1733 usui
350 1692 548 1733 futurum
571 1699 835 1748 speraretur,
858 1692 1084 1747 przecipue
1106 1692 1192 1733 fuit
1213 1694 1515 1748 compositum.

163 1766 216 1807 In
241 1765 282 1807 ’7ο
316 1765 513 1805 nonnulli
534 1764 674 1806 adhuc
707 1764 806 1805 addi
834 1765 1057 1820 petebant,
1091 1772 1143 1806 ut
1169 1766 1491 1820 promovendus
1522 1767 1566 1808 in

103 1839 375 1895 Episcopum
398 1844 509 1879 esset
529 1837 678 1878 ordine
700 1837 957 1878 sacerdotali
971 1837 1176 1887 initiatus,
1201 1846 1251 1879 ut
1275 1840 1565 1895 Segobiensis‚

103 1913 404 1968 Legionensis,
449 1911 721 1959 Ostunensis,
765 1911 990 1959 Lucensis,
1029 1911 1277 1966 Aquensis3
1310 1914 1385 1954 sed
1420 1921 1565 1956 tamen

105 1987 314 2042 apparuit
336 1986 600 2027 contrarium
624 1985 846 2026 Innocent.
874 1984 965 2025 ΙΙΙ.
1002 1984 1045 2025 in
1067 2000 1098 2025 c.
1125 2000 1149 2026 a
1169 1987 1318 2027 multis
1348 1987 1402 2029 de
1426 1995 1496 2030 aet.
1522 1995 1567 2030 et

104 2060 273 2116 qualit„
297 2067 341 2100 et
372 2060 605 2101 Urbanum
640 2059 807 2113 Papam
842 2058 884 2097 in
915 2073 948 2098 c.
972 2058 1122 2099 nullus
1153 2058 1208 2098 60
1241 2059 1355 2101 Dist.
1387 2076 1564 2117 respon·

103 2133 241 2183 disse;
275 2140 410 2188 atque
436 2131 733 2173 Subdiaconos
757 2130 810 2171 ad
833 2131 1148 2186 Episcopatum
1171 2133 1418 2186 promoveri
1440 2149 1565 2189 posse

104 2206 329 2252 censuisse,
356 2205 642 2259 additumque
675 2210 740 2244 est
774 2203 883 2243 illud
905 2203 958 2244 de
991 2204 1134 2259 spatio
1159 2218 1235 2244 sex
1266 2206 1493 2255 mensium,
1515 2215 1566 2249 ut

104 2278 245 2334 magis
275 2277 417 2318 idonei
451 2277 732 2332 eligerentur.
797 2276 849 2316 In
881 2274 1031 2316 codem
1054 2275 1183 2315 etiam
1215 2274 1319 2315 dum
1343 2277 1491 2332 agitur
1511 2278 1565 2319 de

105 2352 282 2393 scientia
315 2352 447 2399 illius,
487 2351 562 2407 qui
594 2351 844 2406 Episcopus
885 2348 1094 2390 creandus
1133 2355 1210 2395 cst,
1245 2349 1567 2391 contendebant

106 2426 314 2474 nonnulli,
337 2426 451 2467 clare
481 2425 655 2465 omnino
679 2423 878 2479 exprimi,
902 2437 1001 2463 eum
1034 2421 1220 2477 gradum
1242 2436 1327 2462 non
1348 2422 1431 2463 nisi
1452 2422 1565 2464 Doc-

105 2501 273 2541 toribus
294 2499 628 2547 decernendum,
653 2497 831 2538 adducti
853 2497 903 2536 B.
928 2495 1057 2536 Pauli
1088 2495 1347 2536 auctoritate
1370 2495 1426 2536 ad
1447 2496 1563 2538 Tim.

103 2574 133 2614 i.
167 2573 273 2614 dum
307 2574 368 2614 ait
399 2579 573 2629 oportet
603 2572 877 2628 Episcopum
912 2584 1002 2609 esse
1030 2568 1277 2615 Doctorum,
1306 2568 1415 2617 &c.;
1449 2569 1567 2625 quod

105 2653 249 2688 tamen
273 2647 345 2687 alii
365 2647 686 2702 improbarunt,
710 2660 808 2686 cum
840 2644 944 2684 satis
973 2642 1028 2683 sit
1049 2657 1149 2683 eum
1174 2642 1252 2682 tali
1274 2657 1365 2683 csse
1388 2643 1567 2685 scientia

105 2720 357 2776 praeditum,
396 2735 484 2776 qua
517 2719 572 2761 ad
604 2720 709 2760 alios
741 2717 953 2759 docendos
985 2716 1040 2756 sit
1074 2714 1267 2762 idoneus,
1300 2715 1417 2771 quod
1448 2716 1567 2772 apud

107 2794 296 2836 Paulum
317 2794 359 2834 in
384 2794 540 2835 Graeco
563 2794 841 2849 perspicuum
866 2798 944 2839 cst,
977 2790 1191 2831 dicentem
1215 2793 1413 2830 ἐπισκοπον
1433 2789 1562 2831 διδακ-
