1905 3254
708 306 814 338 sEss.
844 307 886 336 vi
897 307 918 337 1.
1462 286 1544 329 503

86 420 220 470 atque
255 428 356 454 eum
393 413 448 454 ad
482 413 714 453 Moronum
747 414 960 469 rejiciunt.
1032 412 1254 461 Moronus,
1283 410 1544 453 servandum

87 500 248 526 morem
274 485 536 533 Germaniae,
571 491 621 526 ut
642 484 728 525 duo
751 484 1005 525 Thuribula
1033 483 1349 524 adhibeantur:
1383 482 1544 524 Letha-

86 556 254 611 ringius
286 556 440 596 acriter
471 556 631 604 renuit,
666 570 823 611 resque
862 554 916 595 ad
952 555 1160 596 Oratores
1203 553 1398 594 Gallicos
1436 569 1546 609 praeu

88 629 249 670 fertur:
270 628 335 668 illi
352 628 648 684 indignantur,
667 629 875 673 fremunt,
894 628 1122 682 multaque
1140 627 1297 667 minari
1318 626 1546 681 incipiunt.

88 701 249 757 Legati
271 701 350 741 ubi
371 715 462 741 rem
485 701 633 756 quiete
656 700 840 755 transigi
861 715 945 740 non
966 714 1092 755 posse
1115 699 1278 746 vident,
1313 699 1434 739 varia
1455 713 1548 739 eon-

87 774 185 814 silia
218 774 432 829 incipiunt
465 788 721 829 proponere,
756 787 809 812 ne
847 772 1026 812 Sacrum
1065 771 1339 826 perturbent,
1381 770 1462 811 viz.
1498 777 1549 810 ut

87 845 231 885 neutri
271 859 325 885 ex
365 844 626 885 Oratoribus
668 843 967 884 Thuribulum
1011 843 1295 890 ministretur,
1339 842 1409 883 vel
1451 842 1551 882 solis

88 917 284 973 Legatis,
307 917 476 957 omissis
499 918 595 957 aliis
617 917 789 957 duobus
814 915 1149 965 cardinalibus3
1179 915 1249 956 vel
1271 930 1396 970 aeque
1419 915 1551 956 omni-

89 991 173 1031 bus
194 990 413 1031 offeratur.
476 991 571 1031 Nee
596 989 714 1029 Galli
738 1004 815 1030 nec
839 989 1030 1043 Hispani
1063 989 1386 1038 assentiuntur3
1418 988 1551 1028 immo

91 1062 323 1118 Hispanus
356 1064 401 1103 in
435 1078 485 1103 eo
519 1063 730 1117 persistit,
769 1069 819 1103 ut
849 1062 1011 1117 Legati
1039 1063 1162 1118 jussa
1194 1061 1421 1101 Pontifieia
1451 1074 1549 1101 exe·
1582 1084 1585 1087 >

90 1142 296 1190 quantur.
332 1136 479 1184 Quare
502 1135 664 1190 Legati
686 1141 729 1175 et
754 1135 827 1175 alii
849 1134 937 1175 duo
961 1133 1216 1175 Cardinales
1238 1134 1279 1174 in
1303 1134 1551 1174 Sacristiam

89 1208 340 1249 interiorem
373 1207 428 1248 ad
459 1222 549 1248 rem
583 1207 853 1248 tractandam
878 1206 1112 1247 secedunt:
1149 1222 1245 1246 cum
1268 1206 1321 1246 iis
1345 1206 1553 1246 Oratores

92 1281 296 1327 Caesarei,
335 1287 378 1321 et
415 1281 550 1327 Galli,
589 1287 632 1320 et
675 1280 836 1320 Orator
877 1280 1080 1327 Polonus,
1125 1279 1305 1319 Praelati
1346 1278 1551 1325 nonnulli,

93 1354 394 1400 Granatensis,
420 1353 691 1399 Senonensis,
722 1358 764 1392 et
788 1352 1132 1392 Aurelianensis.
1200 1350 1381 1391 Interim
1408 1352 1449 1391 in
1472 1350 1553 1391 Ee-

91 1427 221 1468 clesia
241 1441 362 1467 saera
391 1426 534 1466 concio
565 1425 829 1471 habebatur,
865 1423 1180 1479 Lotharingius
1214 1431 1257 1464 et
1293 1424 1411 1464 Galli
1445 1423 1552 1463 Ora-

93 1505 208 1539 tores
242 1497 449 1538 mandata
481 1497 623 1552 Regia
655 1497 834 1551 Legatis
867 1490 1115 1544 obtendunt,
1150 1504 1199 1537 ut
1220 1497 1254 1536 si
1276 1496 1382 1552 quid
1405 1496 1554 1551 hujus-

92 1570 208 1612 modi
228 1571 476 1618 innovetur,
510 1569 607 1610 hine
629 1570 775 1610 statim
800 1569 1035 1615 discedant,
1071 1577 1206 1624 atque
1231 1570 1285 1609 ab
1307 1568 1555 1609 obedientia

93 1644 161 1685 Pii
194 1644 241 1684 4²³
277 1650 368 1684 toto
404 1648 498 1698 ejus
531 1643 792 1684 Pontificatu
827 1642 1055 1683 deficiant:
1101 1641 1268 1682 addunt
1310 1641 1392 1681 alia
1424 1641 1555 1681 verba

95 1716 262 1757 acerbis
284 1716 583 1771 quaerimoniis
612 1715 754 1771 plena,
821 1715 1114 1769 Interponunt
1145 1728 1189 1753 se
1221 1713 1428 1753 Oratores
1461 1712 1554 1753 Cae-

94 1789 203 1830 sarei
237 1796 281 1829 et
319 1788 494 1843 reliqui,
528 1788 603 1829 sed
636 1788 811 1829 frustra.
878 1787 1164 1827 Granatensis
1197 1785 1448 1841 Hispanum
1482 1786 1553 1827 ad-

94 1868 238 1903 monet
256 1862 411 1909 vereri,
435 1876 492 1909 se,
516 1876 568 1901 ne
592 1860 699 1916 quid
721 1860 819 1900 hine
836 1860 1132 1900 calamitosum
1158 1858 1333 1913 publice
1355 1857 1552 1912 prodeat,

95 1933 214 1990 quod
238 1934 423 1989 ipsemet
456 1933 712 1974 Catholieus
745 1933 841 1973 Rex
875 1934 930 1973 sit
955 1932 1262 1973 detestaturus.
1328 1930 1556 1986 Hispanus

96 2007 317 2063 respondit
357 2006 468 2047 nihil
500 2007 583 2047 sibi
616 2021 641 2047 a
674 2006 799 2061 Rege
842 2021 920 2046 suo
962 2005 1215 2046 mandatum
1258 2003 1378 2059 quod
1419 2005 1556 2058 possit

97 2081 340 2122 tumultum
365 2095 530 2136 parere.
593 2079 759 2121 Verum
795 2079 839 2120 id
873 2079 1002 2133 Papae
1041 2084 1313 2133 praeceptum
1346 2092 1450 2125 esse,
1487 2078 1555 2117 eui

97 2154 259 2209 Legati
280 2153 441 2194 debent
463 2154 779 2208 obtemperare.
826 2152 1026 2199 Polonus,
1045 2150 1268 2191 deficiente
1294 2149 1455 2195 Gallia,
1480 2150 1554 2197 ait,

99 2225 150 2266 de
173 2225 329 2281 Regno
351 2241 428 2266 suo
460 2241 598 2281 prope
630 2232 774 2266 actum
807 2224 891 2265 dici
924 2238 1062 2279 posse.
1126 2221 1419 2269 Madrueeius,
1443 2221 1557 2262 velle

99 2313 143 2339 se
165 2299 309 2353 inquit
329 2306 431 2339 ante
455 2298 641 2338 Concilii
674 2297 890 2338 auxilium
925 2296 1169 2351 implorare,
1204 2302 1248 2335 et
1284 2294 1555 2349 singulorum

100 2369 281 2410 Patrum
317 2370 441 2410 sedes
474 2370 608 2417 obire,
632 2384 872 2423 eorumque
906 2367 1145 2413 eonsilium,
1180 2365 1286 2420 quid
1307 2363 1479 2405 tandem
1503 2364 1556 2405 de

99 2441 180 2482 hae
201 2458 245 2483 re
262 2442 472 2497 judicent,
495 2444 737 2498 exquirere.
791 2442 857 2482 Re
881 2442 940 2482 ita
962 2440 1233 2495 perturbata,
1257 2439 1381 2479 Deus
1403 2438 1559 2479 author

101 2516 217 2570 pacis
249 2516 473 2556 eonsilium
509 2517 722 2572 suggerit,
759 2522 807 2556 ut
845 2530 894 2555 eo
928 2513 997 2554 die
1033 2528 1110 2553 nee
1148 2511 1440 2559 thuribulum,
1484 2526 1559 2552 nec

102 2587 194 2629 Pax
235 2589 454 2644 cuiquam,
498 2604 575 2630 nee
617 2589 798 2644 Legatis
841 2587 944 2642 ipsis
981 2585 1202 2625 offeratur.
1266 2584 1560 2639 Aequiescunt

105 2659 240 2708 Galli,
274 2666 316 2703 et
339 2660 541 2716 Hispani.
606 2661 765 2715 Legati
790 2658 937 2699 itidem
956 2673 962 2695 :
998 2656 1073 2697 sed
1096 2655 1287 2710 amplius
1310 2654 1495 2710 exigunt
1516 2655 1561 2695 id

105 2731 160 2772 ab
183 2731 388 2788 Hispano
411 2733 656 2787 efflagitari,
692 2740 741 2772 ut
764 2733 805 2771 in
831 2730 946 2770 illius
970 2728 1154 2785 gratiam
1178 2726 1223 2766 id
1245 2726 1405 2767 factum
1428 2726 1560 2768 fuisse

106 2819 236 2859 penes
259 2806 602 2853 Sanctissimum,
626 2805 973 2860 quandocunque
996 2806 1189 2841 constare
1210 2798 1358 2854 possit.
1423 2798 1561 2840 Missa

107 2884 296 2930 peracta,
322 2882 568 2933 magnaque
593 2893 737 2919 omnes
762 2876 893 2917 animi
915 2874 1194 2928 suspensione
1216 2872 1400 2912 liberati.
