1905 3254
362 266 445 306 400
984 276 1089 307 sssss.
1115 276 1192 306 vu.

364 384 586 426 conditum
621 388 699 430 est,
731 381 932 422 solemnis
954 387 1072 421 erat:
1105 395 1213 427 ecce,
1237 379 1388 421 eadem
1415 379 1498 426 die,
1528 382 1697 435 peracta
1726 383 1817 434 Jam

364 457 698 512 supplicatione,
713 454 913 494 Nuntius
930 468 982 494 ex
999 453 1155 502 Gallia,
1171 454 1477 508 inexpectatus
1493 467 1539 493 ac
1555 452 1674 500 felix,
1688 452 1821 492 refert

365 529 636 571 commissum
668 527 801 568 fuisse
834 526 1043 582 proelium
1076 527 1190 566 inter
1214 525 1462 566 Catholicos
1493 532 1535 566 et
1555 525 1818 580 Ugonottos.

364 604 408 644 in
433 618 519 659 quo
551 602 756 656 Princeps
789 614 938 640 eorum
961 599 1014 640 de
1038 599 1187 640 Conde
1210 605 1363 655 captus
1393 599 1559 645 fuisset,
1594 605 1637 639 et
1671 612 1817 638 eorum

364 677 582 718 exercitus
602 673 764 730 partim
787 673 921 721 fusus,
949 673 1108 728 partim
1143 672 1400 713 trucidatus.
1463 672 1595 719 Tum,
1620 671 1821 711 omnibus

363 749 609 791 incredibili
640 747 798 788 laetitia
833 746 992 792 effusis,
1027 746 1187 802 Legati
1223 745 1368 786 statim
1405 760 1501 786 cum
1534 744 1734 785 Praelatis
1767 742 1821 784 ad

367 821 679 864 Cathedralem
701 825 907 875 pergunt,
930 819 1081 873 ibique
1107 818 1312 873 Hymnus
1334 817 1400 858 Te
1417 816 1565 857 Deum
1586 816 1821 857 laudamus

368 896 462 943 &c.,
487 894 542 935 ab
564 893 764 933 omnibus
785 892 948 948 gratias
969 890 1066 931 Deo
1088 890 1322 945 agentibus
1343 905 1439 930 cum
1464 904 1634 930 summa
1658 888 1821 945 jubila-

364 968 480 1008 tione
514 965 733 1021 psallitur.
796 963 901 1004 Inde
934 963 1124 1003 solemne
1164 977 1333 1002 sacrum
1372 961 1619 1002 Cardinalis
1659 960 1821 1001 Lotha-

365 1041 536 1096 ringius
554 1053 634 1095 pro
653 1038 771 1079 felici
793 1037 984 1084 victoria,
1009 1035 1218 1091 postridie
1241 1035 1426 1076 alterum
1448 1035 1699 1090 Episcopus
1712 1033 1823 1074 Mel-

365 1111 509 1152 densis
542 1125 621 1166 pro
646 1109 789 1150 Gallis
810 1107 1024 1149 defunctis
1057 1107 1347 1148 celebrarunt.
1411 1106 1569 1147 Oravit
1591 1120 1693 1147 vero
1714 1105 1822 1160 Epi-

365 1200 522 1241 scopus
544 1183 754 1224 Metensis
776 1182 982 1238 graviter,
1006 1188 1049 1222 et
1070 1180 1327 1221 luculenter.

425 1259 530 1299 Post
551 1257 645 1297 haec
665 1256 872 1296 Oratores
891 1254 1060 1301 Gallici,
1076 1268 1178 1309 quae
1200 1254 1244 1293 in
1261 1252 1479 1293 mandatis
1501 1268 1524 1293 a
1546 1251 1671 1308 Rege
1692 1251 1822 1292 habe-

367 1331 488 1379 bant,
510 1338 560 1371 ut
582 1329 636 1370 ad
661 1328 895 1385 Synodum,
918 1327 971 1368 de
992 1341 1160 1367 morum
1183 1325 1473 1373 restitutione,
1501 1324 1724 1372 referrent,
1748 1325 1822 1365 tri-

368 1405 493 1461 ginta
513 1410 702 1459 quatuor
720 1400 953 1456 Capitibus
976 1398 1282 1454 comprehensa
1305 1397 1486 1452 Legatis
1507 1397 1700 1445 tradunt,
1725 1411 1824 1452 quae

368 1483 491 1519 erant
512 1476 630 1517 talia.

426 1549 740 1590 Constitutum¹
784 1546 909 1587 nobis
951 1545 1114 1586 Ofibus
1167 1550 1258 1584 erat
1304 1542 1568 1598 jampridem
1609 1557 1661 1583 ex
1700 1542 1826 1583 officii

367 1622 502 1663 nostri
526 1621 707 1667 ratione,
747 1625 790 1660 et
814 1616 1176 1658 Christianissimi
1197 1616 1335 1671 Regis
1357 1615 1576 1665 mandato,
1614 1614 1669 1655 ad
1694 1616 1820 1656 Sanc-

367 1703 456 1737 tam
480 1693 701 1749 Synodum
724 1707 776 1733 ea
796 1691 957 1731 referre
980 1704 1078 1745 quae
1100 1689 1178 1729 hoc
1207 1689 1366 1744 scripto
1389 1689 1674 1729 continentur.
1740 1687 1825 1728 Sed

369 1783 466 1810 cum
491 1767 697 1808 Caesarea
713 1768 918 1820 majestas
932 1778 1012 1819 per
1033 1763 1134 1804 R¹¹¹⁰S
1149 1768 1191 1803 et
1213 1762 1471 1802 clarissimos
1488 1763 1603 1802 viros
1620 1761 1825 1802 Oratores

367 1856 466 1882 suos
509 1839 660 1880 eadem
704 1837 794 1878 fere
837 1836 960 1876 vobis
1000 1835 1281 1891 proponenda
1328 1842 1531 1883 curasset,
1591 1840 1824 1889 nostraque

370 1914 508 1955 omnis
530 1913 687 1969 petitio
705 1925 804 1951 cum
827 1924 975 1950 eorum
998 1908 1232 1965 postulatis
1254 1908 1433 1949 mirifice
1455 1907 1717 1958 conveniret,
1733 1921 1824 1947 sus-

369 1988 580 2029 tinuimus
614 1983 939 2040 aliquantulum
978 1988 1268 2038 expectantes,
1306 1980 1409 2021 dum
1451 1980 1615 2036 aliquid
1652 1996 1677 2021 a
1703 1980 1826 2020 vobis

369 2060 689 2101 decerneretur.
754 2055 871 2106 Quid
903 2055 1030 2101 enim,
1052 2054 1205 2094 multis
1237 2053 1481 2108 postulatis,
1515 2053 1690 2093 minime
1711 2053 1826 2092 inter

370 2148 413 2174 se
435 2130 754 2188 pugnantibus,
788 2129 862 2169 vix
890 2128 1020 2168 etiam
1044 2126 1234 2173 diversis,
1271 2126 1472 2167 molestos
1491 2125 1613 2165 vobis
1633 2140 1725 2166 esse
1748 2139 1822 2164 ne-

370 2222 485 2248 cesse
507 2206 623 2246 fuit?
654 2202 899 2259 praesertim
922 2216 1019 2242 cum
1042 2215 1093 2240 ea
1114 2215 1214 2255 quae
1238 2198 1483 2254 adjicienda*
1499 2199 1681 2239 fortasse
1709 2197 1825 2238 vide-

370 2282 516 2329 batur,
538 2279 609 2320 vel
642 2278 773 2319 tacite
804 2277 1004 2323 inessent,
1028 2273 1099 2314 vel
1129 2273 1414 2313 necessariam
1449 2287 1502 2313 ex
1528 2272 1827 2327 superioribus

371 2353 725 2410 consequentiam
756 2350 984 2391 haberent.
1026 2348 1183 2402 Itaque
1215 2347 1475 2387 restitimus²
1495 2353 1629 2401 atque
1660 2345 1824 2387 distuli-

371 2444 469 2469 mus
492 2434 608 2469 certo
630 2425 820 2482 judici03
852 2437 967 2464 nunc
990 2428 1137 2462 autem
1161 2419 1377 2475 Principis
1397 2419 1532 2459 nostri
1551 2418 1688 2459 literis
1710 2417 1825 2464 victi,

371 2508 414 2543 et
437 2501 542 2557 quia
566 2499 818 2540 Caesareum
855 2495 968 2536 illud
1003 2493 1228 2550 negotium
1272 2492 1448 2548 longius
1488 2490 1826 2547 protrahebatur

374 2590 503 2630 quam
522 2588 622 2629 spes
641 2572 799 2617 fuerat,
823 2567 1110 2610 differendum
1134 2565 1325 2621 amplius
1347 2564 1523 2604 minime
1544 2563 1643 2611 rati,
1668 2564 1827 2618 quanta

417 2660 424 2677 ¹
451 2659 527 2689 This
541 2658 711 2688 document
725 2665 787 2685 was
805 2653 926 2694 printed
941 2658 971 2682 at
991 2652 1074 2691 Ripa
1089 2650 1188 2680 under
1204 2649 1255 2679 the
1271 2648 1349 2680 title.
1362 2646 1650 2689 Petitiones:Caroli
1665 2645 1757 2684 Noni,
1771 2646 1828 2675 &m

373 2713 404 2742 in
423 2713 513 2742 1563.
560 2712 589 2740 It
605 2710 629 2740 is
645 2708 782 2739 likewise
798 2707 829 2736 in
847 2707 891 2736 Le
907 2705 991 2735 Plat.
1037 2703 1101 2733 The
1118 2713 1234 2733 answer
1249 2702 1283 2731 of
1305 2701 1354 2730 the
1375 2701 1504 2739 Legates
1518 2703 1549 2730 to
1564 2698 1639 2730 each
1654 2697 1782 2740 petition
1802 2695 1827 2726 is

371 2766 455 2795 there
470 2762 632 2803 subjoined
647 2762 725 2792 from
744 2758 941 2799 Raynaldus.
982 2757 1039 2787 See
1054 2760 1128 2787 tom.
1146 2766 1175 2785 v.
1193 2765 1242 2795 pp.
1260 2753 1441 2783 629—643.

418 2816 430 2832 ²
453 2818 493 2845 So
509 2816 559 2845 the
576 2815 657 2855 Ripa
673 2813 802 2844 edition.
849 2811 915 2840 The
936 2811 1004 2841 MS.
1022 2810 1075 2839 has
1090 2808 1292 2839 restituimus.
