1905 3254
372 272 427 313 82
1018 289 1125 319 snss.
1150 290 1211 319 ιη,

375 394 502 435 matis
542 409 647 449 ergo
689 409 765 434 nos
805 394 912 435 adeo
952 394 1264 450 imprudentes,
1307 394 1600 451 vecordesquc
1641 410 1746 444 esse,
1783 401 1832 436 ut

376 468 512 508 simus
533 483 604 509 eos
627 469 798 524 passuri
820 468 926 509 talia
946 468 1125 523 publice
1151 470 1317 524 jactare
1337 470 1351 511 ?
1396 468 1561 525 Magna
1587 476 1702 510 certe
1723 469 1831 510 stul-

376 540 485 581 titiae
507 542 752 596 suspicione
774 542 1086 590 laboraremus,
1111 543 1145 582 si
1166 541 1257 583 haec
1280 542 1365 583 sibi
1386 543 1620 599 quisquam
1653 557 1831 598 persua-

377 611 515 653 deret.
578 613 704 654 Tunc
736 614 767 654 J
770 614 1375 669 ustinopolitanus-Tacebo
1415 615 1568 670 igitur,
1601 613 1760 669 potius,
1795 613 1831 653 si

374 686 437 726 ita
452 686 634 742 loquens
651 687 873 744 displiceo.
908 688 996 728 Cui
1014 688 1269 736 Simonetta,
1287 689 1463 729 minime
1480 703 1597 736 vero,
1614 687 1690 728 scd
1706 687 1751 727 id
1768 686 1830 727 di-

373 760 522 809 cimus,
544 762 708 802 nemini
729 762 1021 803 dubitandum
1043 778 1150 811 esse,
1173 763 1284 804 velle
1305 778 1381 802 nos
1401 762 1656 817 permittere
1678 776 1749 801 eos
1770 761 1834 801 ita

374 833 501 873 abuti
523 834 693 875 Sanctae
718 835 879 890 Synodi
901 837 1188 891 benignitate.
1253 835 1501 877 Concedam
1523 834 1673 891 igitur,
1689 832 1832 889 inquit

371 906 403 946 J
406 907 789 962 ustinopolitanus,
812 915 855 949 et
876 909 1145 963 conquiesco.

430 979 805 1029 B1·ixiensis,licet
837 981 1205 1037 Archiepiscopus
1236 982 1468 1037 Pragensis
1501 996 1739 1022 sermonem
1776 980 1831 1021 ad

370 1066 414 1092 sc
436 1060 632 1108 spectare
653 1053 955 1102 intellexisset,
978 1053 1217 1109 prudenter
1245 1061 1389 1095 tamen
1422 1069 1510 1095 rem
1542 1053 1829 1102 dissimulans,

371 1125 542 1179 placere
564 1127 662 1175 sibi,
686 1127 846 1183 inquit,
868 1128 1050 1168 formam
1072 1128 1341 1183 propositam
1362 1144 1370 1168 :
1403 1127 1521 1183 quod
1554 1128 1588 1168 si
1612 1127 1718 1183 quid
1742 1142 1828 1168 am-

368 1199 487 1253 plius
506 1199 727 1255 agendum
745 1208 870 1249 esset,
886 1216 1010 1256 posse
1028 1216 1107 1242 suo
1123 1208 1320 1256 tempore
1337 1201 1523 1257 privatis
1539 1200 1594 1241 ad
1608 1200 1827 1242 Caesarem

367 1271 505 1312 literis
526 1273 761 1328 provideri.

429 1347 647 1395 Sutrinus,
670 1348 714 1387 in
735 1347 813 1388 hac
835 1347 918 1388 fide
951 1347 1142 1403 publica,
1166 1363 1267 1403 quae
1302 1347 1357 1388 ad
1388 1348 1494 1389 alios
1526 1349 1657 1389 etiam
1693 1349 1828 1404 porri-

371 1418 492 1473 gitur
521 1419 635 1459 illud
667 1434 711 1459 se
744 1418 992 1460 desiderare
1024 1419 1147 1469 dixit,
1171 1428 1220 1461 ut
1241 1421 1372 1461 etiam
1394 1419 1695 1462 haeresiarehae
1718 1435 1826 1461 com-

367 1491 708 1546 prehendantur,
731 1493 894 1547 quibus
925 1493 1036 1534 forte
1068 1493 1293 1548 generalia
1314 1497 1410 1549 ejus
1429 1493 1564 1534 verba
1595 1508 1681 1533 non
1711 1493 1827 1534 suffi-

368 1565 495 1606 cient.
558 1566 736 1621 Reliqui
758 1567 910 1607 Patrcs
942 1567 1211 1621 propositam
1245 1567 1425 1607 formam
1460 1566 1713 1622 simpliciter
1749 1582 1822 1622 ap-

367 1639 638 1694 probarunt:
691 1654 876 1695 cumque
917 1639 1042 1680 dictis
1081 1641 1308 1681 sententiis
1355 1655 1502 1680 omnes
1546 1647 1824 1696 exurgerent,
1883 1652 1888 1662 “

366 1712 600 1752 nunciatur
636 1711 702 1752 his
743 1711 969 1752 advenisse
1004 1712 1168 1753 Doctor
1191 1713 1510 1768 Sigismundus,
1539 1713 1824 1754 Consiliarius
1882 1727 1887 1734 ’

368 1785 509 1826 Ducis
539 1786 758 1834 Bavariae,
792 1800 890 1826 cum
921 1786 1058 1827 literis
1090 1801 1199 1842 quas
1232 1786 1403 1827 Sanctae
1437 1786 1609 1842 Synodo
1644 1786 1824 1828 reddere
1880 1784 1885 1829 ἶ

367 1859 502 1914 cupit.
548 1859 719 1899 Sistunt
741 1873 785 1899 se
807 1874 968 1908 omnes,
991 1860 1149 1915 illeque
1170 1860 1478 1909 introducitur,
1503 1876 1528 1901 a
1549 1875 1636 1916 quo
1657 1861 1826 1902 oblatas
1880 1910 1883 1922 ‚

365 1933 513 1973 literas
536 1932 805 1973 Secretarius
827 1933 1005 1988 publice
1027 1933 1150 1989 legit.

765 2050 870 2100 Lrae
899 2052 1049 2100 Ducis
1076 2053 1307 2100 Bavariae.
1345 2054 1423 2100 fol.

425 2158 517 2199 Illis
547 2157 762 2212 perlectis,
784 2157 899 2198 idem
922 2157 1220 2205 Consiliarius,
1244 2165 1476 2214 postquam
1508 2160 1652 2201 multa
1682 2160 1821 2201 Patri-

366 2232 450 2272 bus
470 2231 523 2272 de
543 2231 637 2272 Illmi
656 2231 872 2286 Principis
893 2230 961 2271 sui
982 2245 1088 2286 erga
1105 2231 1309 2271 Sanctam
1325 2232 1564 2287 Synodum,
1582 2232 1667 2274 fide
1688 2240 1820 2289 atque
1874 2216 1878 2246 .·

363 2305 640 2346 observantia
668 2305 836 2351 retulit,
858 2304 975 2345 mitti
1007 2318 1063 2352 se,
1084 2303 1211 2352 dixit,
1233 2320 1348 2345 nunc
1371 2305 1426 2346 ab
1448 2320 1498 2346 eo
1520 2305 1575 2346 ad
1597 2307 1821 2348 Sanctissi-

363 2395 482 2420 mum
504 2379 614 2420 N1·m
637 2379 822 2434 privatis
842 2376 1107 2433 quibusdam
1139 2377 1192 2418 de
1222 2379 1366 2427 rebus,
1386 2379 1667 2435 noluisseque
1697 2381 1818 2422 illum

361 2452 471 2493 hanc
502 2451 766 2493 occasionem
791 2466 816 2491 a
836 2465 879 2491 se
901 2451 1194 2505 praetermitti,
1218 2466 1304 2506 quo
1335 2453 1480 2492 minus
1501 2454 1654 2494 Patres
1674 2468 1819 2495 omnes

361 2526 585 2573 salutaret,
609 2523 664 2565 ad
696 2538 806 2580 quos
837 2522 1006 2579 pridem
1039 2530 1269 2578 optaverat
1290 2532 1457 2566 certum
1480 2526 1719 2575 Nuncium,
1741 2526 1816 2582 qui
1867 2544 1871 2556 ⁴·

360 2601 455 2655 ejus
494 2599 666 2639 nomine
706 2597 775 2638 hic
814 2602 1033 2651 perpetuo
1076 2596 1320 2647 adsisteret,
1361 2600 1563 2649 mittere3
1609 2599 1816 2641 hactenus
1865 2595 1871 2610 ””
1903 2596 1905 2604 '

360 2679 505 2713 tamen
537 2672 745 2712 idoneum
774 2671 961 2726 aliquem
984 2670 1270 2728 Theologum,
1294 2674 1362 2713 eui
1396 2689 1558 2714 munus
1590 2674 1669 2715 hoc
1699 2689 1815 2715 man-

360 2744 500 2792 daret,
523 2760 606 2785 non
628 2744 854 2800 recipisse:
889 2758 1042 2784 verum
1065 2759 1241 2799 sperare
1264 2761 1363 2786 eum
1386 2747 1511 2787 brevi
1533 2746 1611 2788 hoc
1643 2762 1688 2789 se
1720 2762 1814 2789 con·
1863 2795 1866 2803 ι

359 2824 680 2871 sequuturum:
724 2831 884 2871 cupere
926 2817 1098 2858 interim
1141 2818 1235 2873 ejus
1274 2818 1599 2860 excusationem
1640 2819 1696 2860 ab
1731 2818 1815 2859 illis
