1905 3254
366 302 444 343 172
1003 314 1113 343 SEss.
1141 313 1181 341 Υ.

363 420 420 460 ob
442 434 541 475 quae
562 417 782 459 nonnullae
805 417 1044 472 provinciae
1067 423 1110 456 et
1139 416 1336 455 nationes
1367 428 1392 454 a
1426 412 1665 454 Catholicae
1700 411 1813 452 Eccae
1835 418 1838 422 ’

365 491 449 531 fide
473 496 604 546 atque
624 489 873 531 obedientia
895 489 1128 530 videantur
1148 487 1403 535 discessisse,
1422 485 1601 533 censuit,
1624 499 1688 533 ea,
1717 499 1815 540 quae

367 563 422 604 ad
452 563 586 620 hujus
613 563 883 604 Sacramenti
912 561 1158 617 legitimum
1192 575 1319 601 usum
1351 560 1586 615 pertinent,
1613 557 1695 598 hoc
1724 557 1817 598 loco

366 635 620 690 exponenda
640 650 740 676 esse.
803 635 1098 689 Quapropter,
1131 632 1293 674 cunctis
1329 631 1495 673 Christi
1522 630 1727 672 fidelibus
1756 630 1817 669 in-

367 708 549 755 terdicit,
571 722 626 748 ne
646 706 825 762 posthac
847 706 900 747 de
922 707 972 746 iis
994 706 1131 754 aliter,
1163 705 1234 745 vel
1256 704 1442 751 credere,
1468 703 1539 744 vel
1561 703 1724 751 docere,
1748 701 1818 743 vel

366 779 601 836 praedicare
633 779 863 835 quisquam
901 778 1073 826 audeat,
1107 793 1237 834 quam
1262 784 1324 818 est
1356 778 1408 817 iis
1429 777 1611 818 decretis
1632 776 1817 831 explica-

368 860 461 893 tum
486 859 616 905 atque
638 851 882 892 definitum.

426 924 643 978 Principio
675 923 826 978 itaque
862 924 1021 964 Sancta
1055 923 1269 979 Synoclus,
1297 938 1322 964 a
1358 923 1525 978 Spiritu
1549 922 1718 967 Sancto,
1743 921 1819 976 qui

369 998 562 1052 Spiritus
607 1003 672 1037 cst
712 997 937 1051 sapientiae
979 1003 1022 1037 et
1057 997 1324 1043 intellectus,
1360 995 1551 1051 Spiritus
1583 994 1749 1036 consilii
1776 1000 1819 1034 et

366 1070 558 1125 pietatis,
582 1069 747 1118 edocta,
771 1075 904 1124 atque
935 1069 1074 1124 ipsius
1106 1069 1220 1110 1Ξοοὃἓ
1249 1069 1466 1125 judicium
1500 1075 1542 1109 et
1569 1082 1819 1109 consensum

367 1148 530 1190 secuta,
566 1142 760 1183 declarat
793 1158 840 1183 ac
873 1142 1009 1188 docet,
1038 1141 1159 1182 nullo
1191 1156 1245 1182 ex
1269 1141 1408 1182 Sacris
1428 1141 1564 1182 literis
1586 1146 1820 1196 praeceptO,

367 1216 495 1256 laicos
530 1222 574 1256 et
609 1217 782 1257 clericos
812 1231 896 1255 non
930 1215 1198 1256 conficientes
1225 1215 1413 1271 obligari
1445 1214 1499 1255 ad
1531 1213 1820 1255 Eucharistiae

372 1288 698 1328 Sacramentum
728 1288 810 1328 sub
843 1294 1031 1342 utraque
1064 1287 1207 1342 specie
1243 1287 1515 1331 sumendum,
1555 1301 1697 1341 neque
1734 1286 1822 1326 ullo

370 1370 497 1417 pacto
529 1363 649 1403 salva
675 1362 759 1402 fide
794 1361 989 1402 dubitari
1014 1376 1152 1417 posse,
1183 1361 1301 1416 quin'
1336 1361 1423 1400 illis
1458 1360 1640 1401 alterius
1666 1359 1822 1415 speciei

369 1435 612 1475 communio
644 1434 699 1474 ad
731 1434 916 1475 salutem
940 1434 1135 1474 sufficiat.
1197 1433 1365 1473 Multas
1397 1433 1511 1473 enim
1545 1433 1823 1474 difficultates

370 1521 641 1548 communem
663 1507 803 1548 calicis
820 1521 948 1547 usum
966 1506 1177 1561 impedire
1198 1506 1426 1547 manifesto
1443 1514 1641 1561 apparet,
1660 1507 1823 1561 quibus

369 1580 489 1620 nulla
510 1579 699 1621 humana
719 1580 885 1620 ratione
908 1584 950 1619 et
970 1578 1183 1618 industria
1210 1580 1373 1619 occurri
1401 1579 1561 1634 possit3
1595 1586 1646 1620 ut
1677 1581 1713 1620 si
1743 1578 1823 1620 hoc

370 1659 641 1708 praeceptum
676 1652 763 1692 Dfii
796 1652 928 1692 fuisse
965 1651 1193 1692 credamus
1223 1652 1525 1698 necessarium,
1558 1651 1673 1693 illud
1692 1652 1824 1693 etiam

371 1731 681 1779 consequatur,
705 1723 850 1764 Deum
875 1722 1055 1779 aliquod
1076 1723 1345 1778 impossibile
1360 1723 1551 1779 jussisse.
1604 1724 1721 1764 Nam
1744 1724 1825 1764 etsi

374 1796 575 1836 Christus
597 1796 692 1836 Dfis
712 1797 755 1836 in
778 1796 934 1837 ultima
956 1810 1078 1837 coena
1100 1795 1352 1836 venerabile
1384 1794 1462 1836 hoc
1495 1796 1823 1837 Sacramentum

372 1871 413 1909 in
437 1869 567 1909 Panis
595 1876 638 1909 et
660 1868 763 1909 Vini
793 1869 1021 1925 speciebus
1050 1868 1258 1916 instituit,
1293 1875 1337 1908 et
1370 1869 1598 1924 Apostolis
1630 1869 1823 1917 tradidit,

373 1955 457 1980 non
492 1947 636 1981 tamen
670 1941 747 1981 illa
779 1941 997 1981 institutio
1033 1947 1075 1981 et
1112 1940 1287 1981 traditio
1320 1956 1369 1981 eo
1405 1942 1556 1989 tendit,
1594 1950 1645 1983 ut
1678 1957 1825 1984 omnes

373 2013 610 2054 Christiani
647 2013 797 2054 fideles
830 2020 994 2055 statuto
1030 2013 1118 2054 Dfii
1152 2013 1208 2054 ad
1242 2021 1477 2070 utramque
1510 2015 1697 2070 speciem
1720 2017 1824 2056 acci-

373 2088 577 2143 piendam
617 2088 934 2144 astringantur.
999 2086 1085 2128 Sed
1121 2102 1267 2142 neque
1311 2102 1363 2128 ex
1398 2102 1592 2129 sermone
1625 2089 1701 2129 illo
1736 2089 1825 2130 Dfii

372 2159 493 2215 apud
515 2160 544 2200 J
549 2175 729 2200 oannem
744 2160 872 2201 VItam
895 2165 1008 2200 recte
1031 2159 1266 2215 colligitur,
1283 2160 1516 2215 utriusque
1537 2161 1695 2216 speciei
1716 2176 1825 2202 com-

373 2232 620 2274 munionem
643 2248 668 2273 a
688 2233 790 2274 1)ὖο
812 2248 892 2288 per
912 2248 956 2274 se
978 2233 1207 2288 probatam
1229 2249 1344 2283 esse3
1377 2249 1567 2289 namque
1595 2235 1672 2290 qui
1703 2234 1825 2284 dixit,

371 2307 453 2346 nisi
489 2307 820 2348 manducaveris
855 2321 1027 2347 carnem
1063 2306 1142 2346 filii
1177 2306 1374 2355 hominis,
1417 2314 1461 2348 et
1499 2308 1698 2349 biberitis
1732 2313 1827 2364 ejus

373 2380 627 2435 sanguinem
650 2395 735 2420 non
758 2379 976 2420 habebitis
999 2380 1134 2420 vitam
1166 2380 1210 2419 in
1246 2381 1383 2428 vobis,
1420 2380 1532 2421 dixit
1565 2396 1756 2436 quoque,
1791 2383 1827 2422 si

376 2453 474 2507 quis
497 2452 825 2493 manducaverit
851 2467 904 2492 ex
930 2451 1008 2493 hoc
1034 2467 1146 2508 pane
1179 2453 1299 2494 vivet
1331 2454 1374 2493 in
1410 2461 1650 2504 aeternum3
1686 2461 1728 2495 et
1749 2455 1828 2510 qui

375 2525 498 2573 dixit,
522 2526 598 2580 qui
618 2525 853 2566 manducat
875 2540 1015 2565 meam
1047 2540 1220 2566 carnem
1252 2533 1294 2566 et
1328 2526 1440 2566 bibit
1473 2541 1618 2567 meum
1651 2527 1826 2582 sangui-

375 2613 472 2638 nem
501 2598 636 2639 habet
665 2598 800 2639 vitam
836 2605 1060 2644 aeternam,
1093 2598 1206 2638 dixit
1243 2600 1386 2646 etiam,
1420 2600 1552 2640 Panis
1587 2615 1715 2655 quem
1746 2616 1827 2656 ego

375 2670 487 2711 dabo
507 2670 621 2711 Caro
643 2686 738 2712 mea
760 2677 824 2711 est
846 2686 926 2726 pro
947 2670 1101 2710 mundi
1129 2671 1218 2711 vita
1232 2688 1242 2721 ;
1276 2679 1318 2712 et
1351 2672 1567 2728 deinceps,
1599 2673 1676 2729 qui
1706 2674 1826 2721 dixit,

378 2745 452 2798 qui
473 2744 707 2786 manducat
728 2760 868 2786 meam
895 2743 1081 2785 Carnem
1104 2751 1146 2785 et
1168 2745 1281 2786 bibit
1302 2761 1447 2786 meum
1482 2747 1752 2802 Sanguinem
1784 2749 1827 2789 in

984 2838 991 2855 ¹
1019 2839 1125 2877 Queri,
1145 2840 1214 2869 MS.
