1905 3254
700 276 811 306 sEss.
836 276 911 306 vn.
1453 265 1535 303 555

79 382 162 423 nisi
183 395 345 437 urgens
364 381 609 429 necessitas,
628 381 718 429 Sec„
735 397 834 438 quae
855 383 1045 438 repetita
1067 389 1131 424 est
1149 384 1193 424 in
1210 384 1343 424 variis
1367 383 1529 425 Canon.

80 453 250 495 omnino
271 452 451 493 tollatur
464 470 473 502 3
509 467 608 493 nam
630 453 732 495 licet
755 454 857 494 olim
880 456 924 495 in
946 455 1169 496 veteribus
1193 455 1446 496 Canonibus
1470 471 1533 497 re·

80 526 292 582 periatur,
313 532 461 566 tamen
477 532 580 566 tunc
603 527 894 568 servabantur
910 528 1129 569 Canones:
1153 528 1279 570 hodie
1296 535 1442 570 autem
1460 528 1534 569 da-

79 605 151 640 tur
170 599 332 639 occasio
353 599 676 655 importunitati
692 601 954 655 petentium,
971 608 1020 642 ut
1047 602 1190 642 omnia
1206 609 1532 657 pervertantur.

80 671 261 727 Duplex
290 671 393 711 olim
415 678 609 721 tonsura,
645 673 846 728 simplex,
869 688 968 728 quae
992 673 1095 714 olim
1117 674 1160 714 in
1182 674 1382 729 qualibet
1405 681 1534 715 aetate

80 745 398 793 conferebatur,
422 746 465 785 in
495 745 598 785 Can.
620 746 707 786 xiv.
731 746 775 786 in
800 746 901 802 Syn.
927 747 968 794 7,
992 753 1036 787 et
1065 746 1109 787 in
1137 762 1169 787 c.
1195 762 1292 787 cum
1315 748 1537 803 contingat

77 819 132 860 de
154 825 270 861 aetat.
294 825 337 860 et
358 820 527 875 qualit,
543 821 573 862 J
577 820 822 861 ustinianus
841 820 1000 862 novell.
1022 821 1078 869 ii„
1096 835 1198 876 quae
1218 835 1302 861 non
1323 821 1538 862 efficiebat

79 892 316 942 Clericum,
350 892 426 934 sed
458 893 706 934 destinabat
738 900 909 934 tantum
949 893 1049 934 huic
1081 894 1267 935 muneri.
1330 895 1434 935 Alia
1470 902 1536 936 est

79 967 280 1007 solemnis
312 967 543 1016 ordinatio,
579 975 627 1008 ut
657 968 700 1008 in
736 967 849 1009 dicto
889 967 1052 1009 Canon.
1081 968 1145 1014 14,
1179 968 1458 1009 Justinianus
1490 969 1534 1009 in

76 1040 232 1080 novell.
267 1041 363 1081 123.
397 1039 593 1081 Isidorus
633 1040 686 1080 de
718 1040 886 1080 Eccles.
922 1040 1028 1081 offic.
1063 1040 1299 1081 Balsamon
1340 1041 1383 1081 in
1419 1040 1536 1082 dicta

79 1111 250 1169 Synodo
274 1113 311 1155 7.
374 1112 506 1154 Unde
530 1127 735 1168 cuperem
757 1111 836 1152 hoc
857 1111 1094 1160 observari,
1119 1118 1168 1153 ut
1201 1127 1426 1168 nunquam
1460 1112 1534 1153 da-

75 1192 197 1227 retur
217 1186 359 1241 prima
381 1186 583 1227 Tonsura
604 1186 768 1240 absque
791 1185 937 1240 aliquo
960 1200 1012 1225 ex
1033 1186 1276 1226 minoribus
1297 1185 1533 1227 ordinibus.

77 1259 130 1301 In
152 1275 280 1308 nono,
305 1260 383 1300 ubi
415 1259 574 1301 dicitur
594 1261 639 1300 in
660 1260 700 1301 fi.
724 1259 868 1300 animo
890 1259 1143 1307 deliberato,
1168 1260 1263 1307 &c.,
1285 1273 1369 1299 non
1392 1259 1536 1313 placet

74 1347 160 1374 non
176 1332 316 1373 solum
334 1333 438 1388 quia
454 1332 639 1373 difficilis
660 1332 875 1388 probatio,
893 1331 970 1372 scd
988 1331 1093 1386 quia
1109 1338 1332 1387 repugnat
1351 1331 1534 1373 Constit.

74 1405 199 1462 regni
230 1405 463 1461 Hispaniae
497 1405 690 1446 obtentoe
727 1420 752 1445 a
788 1404 966 1445 Summo
1003 1404 1224 1451 Pontifice,
1260 1403 1338 1444 ubi
1377 1403 1536 1444 Clerici

74 1494 156 1520 non
188 1478 432 1520 deferentes
464 1477 666 1519 habitum
690 1484 788 1534 post
810 1484 1001 1533 quatuor
1022 1492 1190 1518 menses
1211 1477 1420 1518 amittunt
1449 1477 1535 1532 pri-

77 1552 288 1609 vilegium
319 1552 411 1592 fori.
474 1551 598 1592 Idem
632 1551 677 1592 in
710 1551 912 1606 Regibus
936 1550 1097 1590 Galliae
1131 1551 1192 1591 ait
1229 1549 1465 1591 Cassianus
1491 1550 1535 1590 in

74 1624 328 1666 consuetud.
371 1623 622 1681 Burgund.,
673 1630 716 1665 et
758 1623 873 1664 idem
923 1623 968 1663 in
1011 1622 1258 1678 Portugall.
1304 1622 1536 1662 affirmavit

74 1697 180 1738 mihi
211 1704 356 1739 orator
387 1697 639 1739 Lusitanus.
702 1696 846 1737 Probo
876 1711 976 1752 quae
1002 1694 1121 1736 dicta
1142 1702 1244 1736 sunt
1265 1694 1534 1750 providenda

73 1785 164 1812 esse
185 1770 308 1825 feirca
342 1770 594 1811 electionem
629 1768 943 1817 Cardinalium,
967 1774 1011 1808 et
1046 1767 1100 1808 de
1133 1767 1360 1808 collatione
1392 1768 1534 1809 Bene·

72 1843 281 1885 ficiorum.

132 1915 468 1971 Senogalliensis
507 1914 734 1956 damnavit
774 1914 817 1954 in
858 1915 1112 1955 universum
1152 1913 1346 1955 ordinem
1378 1913 1533 1955 horum

72 2002 298 2037 canonum,
313 1995 356 2029 et
370 1988 551 2029 formam
565 1988 823 2044 praesertim,
839 2002 935 2028 cum
950 1988 994 2028 in
1011 1988 1162 2029 multis
1180 1988 1235 2028 sit
1250 1988 1530 2043 prooemium,

74 2061 191 2118 quod
212 2075 297 2101 non
319 2067 384 2101 est
404 2061 704 2107 necessarium.
766 2060 835 2101 De
857 2061 1000 2115 primo
1021 2061 1098 2101 fiat
1121 2060 1207 2101 alia
1223 2060 1374 2109 forma,
1396 2068 1531 2116 prout

74 2150 99 2176 a
119 2135 425 2191 Lotharingio,
462 2150 539 2176 seu
578 2134 814 2176 Senonensi
837 2133 1094 2174 adnotatum
1128 2134 1226 2174 fuit.
1290 2135 1343 2175 In
1373 2135 1432 2175 4ῑο
1456 2134 1535 2175 tol-

72 2209 221 2250 lantur
239 2209 479 2258 Titulares‚
502 2224 585 2249 non
607 2209 714 2264 quia
727 2208 819 2249 veri
835 2221 919 2248 non
934 2207 1019 2247 sint
1035 2207 1262 2263 Episcopi,
1286 2223 1382 2248 cum
1401 2208 1532 2249 etiam

72 2282 209 2337 possit
231 2282 330 2338 quis
350 2282 579 2338 legitimus
603 2281 855 2337 Episcopus
877 2294 967 2320 esse
990 2280 1156 2334 absque
1178 2280 1322 2334 plebis
1345 2282 1536 2336 assigna-

73 2355 200 2402 tione,
223 2354 300 2395 sed
327 2355 433 2410 quia
457 2354 626 2395 vilescit
645 2353 854 2409 Episcopi
876 2367 1045 2400 nomen,
1065 2359 1108 2392 et
1127 2351 1226 2392 hinc
1244 2353 1432 2393 maxime
1455 2368 1534 2395 nu-

71 2429 203 2470 tritur
235 2428 419 2469 aliorum
441 2428 742 2484 episcoporum
766 2427 1051 2483 negligentia.
1117 2425 1340 2482 Cuperem
1375 2433 1534 2474 tamen,

73 2507 123 2542 ut
156 2516 240 2542 non
272 2500 370 2542 idco
413 2501 671 2542 Cardinalcs
718 2500 928 2556 Episcopi
970 2514 994 2539 a
1035 2498 1123 2539 suis
1162 2498 1368 2539 Ecclesiis
1416 2499 1534 2541 abes-

73 2581 180 2624 sent,
215 2581 388 2616 utentcs
429 2590 561 2631 opere
598 2574 990 2630 suffraganeorum,
1028 2586 1125 2612 cum
1158 2570 1228 2612 hic
1271 2572 1432 2613 abusus
1467 2573 1534 2614 sit.

79 2645 173 2687 Nec
194 2645 432 2701 respondeo
454 2661 538 2702 ego
561 2646 615 2687 ad
647 2647 703 2694 id,
737 2661 788 2686 an
821 2645 950 2685 liceat
969 2644 1021 2684 iis
1041 2643 1204 2684 habere
1226 2643 1535 2699 Episcopatus,

75 2721 278 2777 quoniam
302 2736 415 2763 nunc
447 2737 532 2763 non
575 2721 802 2776 quaeritur,
837 2718 911 2759 sed
933 2719 967 2758 si
1007 2721 1303 2773 quaereretur,¹
1328 2732 1463 2758 essem
1493 2718 1536 2758 in

661 2807 664 2821 ¹
692 2810 867 2844 Quaervtur,
885 2808 917 2836 M
924 2808 955 2837 S.
