1905 3254
658 274 765 304 sess
795 274 868 304 vn.
1411 264 1493 304 585

39 379 205 420 habent
223 378 402 425 reditus,
427 386 559 434 prout
582 387 683 421 sunt
704 381 1056 437 frequentissime
1074 384 1117 423 in
1131 383 1278 425 Italia.
1344 385 1496 425 Sebas-

37 453 182 494 tianus
202 452 455 507 Episcopus
471 452 777 496 Viterbiensis.

93 525 147 566 R.
171 525 228 566 D.
266 525 516 567 Lesinensis
545 526 665 567 dedit
696 527 949 568 schedulam
986 530 1145 570 tenoris
1176 530 1496 586 subsequentis,

38 597 265 639 videlicet:

93 671 244 712 Prima
274 685 377 726 pars
398 671 578 713 Decreti
600 671 653 713 de
682 672 941 714 Rcsidentia
962 674 1069 715 mihi
1096 689 1180 716 non
1217 676 1379 731 placet,
1405 685 1498 718 tum

37 744 142 799 quia
163 743 338 785 videtur
359 744 466 785 mihi
490 744 745 785 virtualiter
769 745 990 787 adversari
1012 746 1216 787 secundae
1240 748 1357 802 parti
1384 750 1496 804 ejus-

37 816 150 866 dem,
183 824 277 858 tum
311 818 443 859 etiam
467 818 572 874 quia
602 818 702 859 nolo
737 818 845 859 mihi
882 834 1074 875 unquam
1111 820 1241 876 objici
1265 835 1404 875 posse,
1427 836 1495 861 me

35 891 236 935 tenuisse,
264 891 333 932 vel
356 892 608 933 tenentibus
630 892 907 940 consensisse,
924 892 1200 934 residentiam
1219 894 1302 935 dici
1325 894 1378 935 de
1395 896 1494 950 jure

35 963 196 1011 divino,
209 964 286 1006 sed
307 965 416 1006 bene
439 980 533 1006 eam
552 966 742 1006 tenuisse
760 965 813 1006 de
832 970 932 1021 jure
950 967 1151 1021 positivo,
1171 974 1304 1022 prout
1320 967 1494 1008 videtur

36 1035 141 1078 mihi
162 1037 359 1078 concludi
379 1038 423 1078 in
445 1039 487 1078 2³
507 1045 648 1093 parte,
672 1053 772 1093 quae
806 1053 1084 1094 summopere
1112 1039 1218 1080 mihi
1249 1041 1418 1096 placet;
1451 1046 1494 1081 et

33 1116 137 1164 peto
151 1110 278 1151 istam
293 1125 434 1152 meam
451 1112 710 1152 sententiam
730 1112 832 1167 poni
845 1113 888 1152 in
906 1113 1012 1153 actis
1027 1114 1253 1168 praesentis
1271 1114 1493 1154 Sessionis.

35 1181 252 1223 Horatius
275 1184 459 1225 Graecus
481 1184 701 1239 Trojanus
722 1183 809 1239 Ep.
833 1184 1090 1225 Lesinensis.

91 1255 146 1297 R.
181 1256 239 1297 D.
272 1256 469 1298 Vicensis
503 1256 748 1298 Provinciae
784 1257 1050 1298 Surrentinae
1082 1257 1203 1298 dedit
1239 1257 1493 1298 schedulam

37 1329 197 1369 tenoris
218 1329 538 1384 subsequentis,
563 1329 788 1370 videlicet:

90 1402 332 1444 Decretum
365 1402 418 1444 de
455 1402 713 1444 Rcsidentia
748 1402 901 1458 placet,
936 1402 1061 1443 modo
1093 1418 1177 1443 non
1218 1403 1495 1459 intelligatur

33 1492 113 1533 per
133 1476 248 1518 illud
268 1476 450 1525 definiri,
480 1476 598 1532 quod
634 1476 874 1532 personalis
911 1477 1141 1517 Pastorum
1172 1476 1405 1518 residentia
1440 1478 1494 1517 sit

33 1551 167 1593 divini
188 1551 218 1592 J
223 1552 326 1607 uris,
347 1558 390 1592 et
414 1551 685 1607 adjungatur
705 1550 783 1591 hoc
804 1551 846 1591 in
861 1551 964 1591 actis
983 1549 1176 1590 Concilii.
1238 1550 1494 1591 Dominicus

35 1623 319 1671 Casablanca‚
345 1624 523 1665 Ordinis
544 1623 685 1665 Praed.
703 1625 832 1679 Epus
845 1623 1042 1664 Vicensis
1059 1623 1297 1663 Provinciae
1314 1623 1490 1664 Surren.

90 1698 143 1739 R.
168 1698 226 1739 D.
251 1698 546 1739 Abrincensis.
609 1698 758 1739 Placet
773 1697 952 1743 additio,
977 1712 1073 1752 quae
1097 1697 1213 1737 faeta
1234 1704 1299 1737 est
1316 1696 1368 1737 de
1385 1696 1491 1738 Car-

32 1772 254 1814 dinalibus
284 1773 327 1813 in
361 1772 533 1814 decreto
569 1771 622 1813 de
655 1771 911 1813 Rcsidentia
952 1771 1036 1811 sub
1078 1786 1154 1826 spe
1191 1770 1493 1811 declarationis

32 1845 204 1894 futurae,
235 1844 355 1900 quod
390 1844 444 1885 de
477 1851 630 1886 caetero
666 1843 909 1884 assumendi
950 1842 1004 1883 ad
1038 1842 1371 1882 Cardinalatum
1407 1857 1490 1882 non

32 1918 198 1973 possint
237 1932 333 1959 cum
375 1916 664 1957 Cardinalatu
700 1917 1021 1971 Episcopatum
1063 1915 1264 1963 retinere,
1299 1922 1375 1956 aut
1417 1915 1491 1955 ob-

36 1989 191 2030 tinere.

89 2062 142 2103 R.
165 2062 224 2102 D.
248 2061 577 2102 Neoeastrensis
599 2060 738 2109 dixit3
771 2061 814 2100 in
837 2061 978 2115 capite
1002 2061 1276 2102 functionum
1311 2061 1365 2102 ad
1399 2077 1491 2102 ver-

34 2135 154 2184 bum,
173 2136 428 2192 Conjugati,
450 2135 585 2176 vellet
608 2134 721 2179 addi.
742 2141 842 2175 ante
860 2135 1186 2176 matrimonium
1209 2143 1355 2176 tamen
1377 2135 1490 2176 ordi-

34 2210 140 2250 nati.

90 2281 145 2322 R.
169 2281 226 2322 D.
249 2280 525 2327 Nicosiensis‚
549 2279 602 2320 de
625 2279 851 2329 abusibus,
875 2286 918 2320 et
954 2279 1261 2327 functionibus,
1294 2280 1426 2321 refert
1447 2295 1491 2320 se

34 2352 88 2394 ad
125 2360 275 2394 votum
310 2352 462 2394 datum
497 2351 747 2393 secretario.
811 2351 879 2391 Dc
911 2350 1165 2391 Residentia
1195 2366 1297 2391 vero
1332 2352 1488 2406 placet,

32 2412 267 2467 dummodo
299 2441 378 2481 per
408 2426 553 2480 ipsum
601 2424 708 2464 nihil
744 2423 1070 2469 determinetur,
1115 2437 1212 2477 quo,
1256 2423 1356 2470 scil„
1389 2425 1490 2479 jure

32 2506 237 2540 tenentur
257 2499 472 2555 Episcopi
493 2498 691 2543 residere,
715 2503 849 2552 prout
870 2496 953 2536 fuit
974 2495 1188 2536 sententia
1208 2495 1387 2536 Patrum
1412 2511 1490 2552 pro

33 2573 186 2628 maj0ri
209 2580 358 2628 parte:
392 2579 435 2613 et
456 2571 535 2613 hoc
558 2571 734 2627 postulo
756 2569 975 2625 designari
998 2569 1041 2608 in
1064 2569 1171 2609 actis
1195 2568 1384 2609 Concilii.

91 2645 209 2687 And³
231 2646 482 2687 Mocenicus
503 2646 630 2701 Epus
654 2642 950 2685 Nimosiensis.

90 2719 144 2761 R.
156 2719 212 2759 D.
225 2719 468 2761 Lucerinus
481 2718 603 2760 dedit
618 2716 867 2759 schedulam
884 2715 1046 2756 tenoris
1059 2714 1380 2770 subsequentiS,
1394 2716 1487 2764 viz„

34 2794 176 2835 omnia
196 2792 324 2834 hodic
347 2793 459 2834 lecta
487 2799 530 2833 et
564 2791 790 2847 publicata
810 2803 890 2844 per
913 2788 963 2828 R.
992 2787 1049 2828 D.
1073 2787 1360 2829 celebrantem
1385 2789 1489 2830 mihi
