1905 3254
757 289 872 318 sess.
900 290 925 319 1.
1522 276 1572 316 13

118 393 244 435 Hanc
276 394 490 436 licentiam
523 410 619 436 cum
653 395 925 436 Vandomius
958 396 1136 436 occultis
1166 395 1353 437 consiliis
1385 397 1447 437 rei
1477 411 1569 436 suae

116 471 254 515 causa,
278 475 328 508 ut
350 468 537 516 aiebant,
570 468 726 509 foverit
747 469 907 524 potiuS,
931 468 1092 509 nedum
1115 468 1349 517 cohiberet,
1374 485 1424 511 eo
1445 469 1570 510 brevi

116 556 184 582 res
218 542 466 583 Galliarum
500 549 600 582 sunt
632 542 865 597 prolapsae,
894 549 943 582 ut
980 549 1121 583 totum
1151 542 1196 583 id
1223 558 1409 599 regnum
1439 544 1569 584 intes-

114 616 215 655 tinis
245 616 510 656 tumultibus
541 617 725 663 concuti,
759 615 1026 671 ancipitique
1052 616 1190 656 fluctu
1217 617 1363 672 palam
1387 617 1570 672 coeperit

114 696 299 729 estuare.
363 688 474 730 Haec
496 704 592 729 cum
615 688 831 730 Catholici
852 689 972 729 illius
990 690 1115 745 regni
1138 689 1272 731 Cives
1294 690 1568 731 animadver-

113 768 266 809 terent,
301 769 556 803 vererentur
576 762 720 809 etiam,
753 777 806 802 ne
830 762 1102 818 quorundam
1132 762 1391 804 factionibus
1415 763 1568 805 Conci-

112 833 234 881 lium,
270 834 387 890 quod
416 835 635 875 nationale
669 842 834 881 vocant,
872 838 987 888 (nam
1021 834 1158 875 literis
1179 836 1312 891 regiis
1335 835 1567 877 denuncia-

113 909 241 960 tum,)
275 908 441 964 injussu
475 908 693 949 Pontifieis
726 909 768 949 in
804 908 952 949 Gallia
984 915 1227 964 cogeretur,
1260 909 1481 964 supplices
1511 909 1566 950 ad

112 981 241 1022 Pium
266 981 360 1029 IV„
383 982 461 1037 qui
482 981 633 1022 eodem
655 996 765 1022 anne
789 982 994 1022 Summus
1016 982 1219 1022 Pontifex
1242 982 1385 1023 fuerat
1409 998 1566 1024 renun-

82 1053 260 1101 .ciatus,
312 1054 586 1110 confugiunt,
628 1054 704 1109 qui
752 1054 1069 1110 ingravescenti
1112 1055 1264 1095 morbo
1304 1063 1566 1110 praesentem

112 1141 238 1182 opem
272 1128 437 1169 afferat.
500 1128 618 1175 Pius,
651 1128 870 1183 sapienter
905 1143 1050 1169 secum
1081 1129 1225 1169 omnia
1256 1136 1398 1171 mente
1432 1131 1566 1171 consi-

110 1201 259 1256 lioque
275 1202 560 1257 perlustrans,
583 1201 708 1242 nulla
725 1202 884 1257 aptiori
901 1202 1082 1249 ratione,
1105 1217 1190 1242 non
1209 1203 1371 1243 Galliac
1393 1210 1564 1244 tantum

110 1273 186 1314 sed
206 1280 248 1315 et
268 1274 448 1330 reliquis
470 1274 716 1330 provinciis,
741 1274 907 1315 consuli
929 1288 1056 1329 posse
1078 1275 1245 1322 statuit,
1279 1290 1410 1330 quam
1438 1292 1566 1332 gene-

110 1347 214 1388 ralis
237 1347 422 1388 Concilii
443 1348 745 1389 celebratione.

169 1420 334 1461 Verum
357 1421 587 1476 ancipitem
611 1436 709 1461 cum
733 1420 825 1461 haee
845 1421 1052 1476 cogitatio
1073 1420 1311 1469 detinebat,
1345 1421 1566 1463 Tridenti-

110 1509 272 1535 numne
291 1494 534 1535 Concilium
552 1494 654 1534 olim
674 1494 756 1535 sub
774 1494 898 1535 Julio
917 1494 1006 1535 III.
1030 1495 1324 1536 intermissum
1342 1497 1564 1552 repeterit,

111 1581 164 1606 an
196 1581 297 1607 vero
324 1581 377 1607 ex
409 1566 580 1622 integro
608 1581 766 1607 novum
802 1565 1046 1608 Concilium
1076 1567 1309 1609 inchoaret.
1373 1569 1567 1610 Videbat

110 1638 368 1695 Philippum
397 1654 558 1695 regem,
589 1639 902 1695 Hispanosque
926 1640 1150 1688 Praelatos,
1181 1642 1371 1682 maxime
1393 1657 1564 1698 cupere,

111 1719 203 1753 acta
222 1714 371 1768 priora
392 1713 536 1753 omnia
557 1713 855 1767 comprobari:
878 1719 1037 1760 contra,
1058 1716 1301 1756 Germanos
1324 1716 1564 1772 Gallosque

110 1785 189 1827 hoc
204 1801 359 1826 nomen
376 1786 534 1826 veteris
550 1784 799 1826 Tridentini
819 1785 1002 1826 Concilii
1024 1787 1272 1828 abhorrere.
1307 1788 1563 1845 Philippum

112 1859 276 1900 moveri
298 1858 447 1900 eadem
469 1873 598 1900 eausa
619 1858 856 1907 dicebatur,
881 1859 998 1914 quod
1023 1875 1120 1900 cum
1144 1859 1302 1901 Carolo
1325 1863 1418 1917 ejus
1440 1869 1566 1917 patre

111 1931 320 1973 suadente
354 1931 599 1972 Concilium
629 1931 708 1973 hoc
743 1932 846 1973 olim
879 1933 1034 1973 fuisset
1069 1934 1331 1981 institutum,
1363 1934 1565 1991 illudque

111 2007 204 2062 ipse
236 2005 451 2062 deinceps,
488 2012 581 2046 tum
614 2012 834 2047 oratorum
870 2021 1048 2046 suorum
1089 2013 1182 2048 tum
1220 2006 1455 2063 Hispaniae
1492 2024 1564 2050 na-

108 2080 236 2120 tionis
272 2080 505 2135 praesentia
536 2086 580 2120 et
615 2080 782 2120 auxilio
818 2079 962 2121 fovere
998 2095 1080 2121 non
1117 2080 1325 2131 desiisset,
1363 2083 1481 2138 quin,
1524 2091 1567 2125 et

109 2153 284 2196 decreta
316 2154 485 2210 aliquot
519 2154 687 2210 pridem
730 2155 773 2194 in
817 2169 867 2195 eo
900 2154 1064 2195 sancita
1099 2155 1142 2195 in
1175 2155 1322 2210 regnis
1359 2156 1447 2197 suis
1484 2173 1565 2198 usu

110 2227 242 2283 recipi
274 2227 545 2283 imperasset,
571 2227 800 2283 indignum
826 2242 938 2267 nunc
959 2227 1082 2282 regia
1103 2230 1198 2281 ejus
1219 2225 1435 2283 dignitate
1457 2229 1565 2269 exis-

109 2299 263 2340 timare
291 2306 475 2355 poterat,
509 2300 544 2340 si
575 2315 626 2340 ea
660 2299 804 2340 omnia
837 2299 1153 2355 posthabenda,
1188 2314 1235 2340 ae
1269 2300 1409 2341 veluti
1443 2301 1566 2342 irrita

110 2370 322 2412 censenda
355 2379 508 2414 essent.
572 2372 752 2413 Praelati
790 2372 994 2427 Hispani,
1034 2379 1126 2413 tum
1164 2372 1282 2427 regis
1317 2373 1383 2413 sui
1422 2388 1564 2422 causa,

110 2448 236 2500 cujus
275 2446 566 2486 nominatione
607 2445 661 2485 ad
704 2451 905 2486 vacantes
955 2444 1077 2499 regni
1118 2443 1238 2484 illius
1279 2444 1500 2486 Ecclesias
1542 2462 1567 2487 a

111 2517 289 2558 Summo
329 2518 540 2559 Pontifice
581 2517 898 2573 provehuntur,
941 2518 1254 2572 efflagitabant,
1298 2524 1390 2557 tum
1432 2519 1563 2561 etiam

110 2590 227 2646 quod
247 2591 394 2646 priora
410 2591 488 2632 illa
506 2591 691 2632 Concilii
713 2590 886 2632 decreta
901 2591 1221 2647 Episcoporum
1241 2589 1563 2640 authoritatem,

110 2665 353 2718 praesertim
387 2664 442 2705 ad
463 2664 728 2706 dirimendas
750 2680 846 2706 cum
871 2665 1086 2706 canonicis
1107 2672 1150 2704 et
1172 2663 1375 2718 capitulis
1398 2664 1488 2705 suis
1509 2665 1563 2706 de

106 2736 404 2790 jurisdictione
425 2739 753 2786 controversias,
786 2738 1021 2794 plurimam
1051 2735 1335 2791 adjuvabant,
1369 2735 1563 2792 adeoque

112 2824 163 2850 ea
192 2818 286 2852 rata
316 2819 359 2852 et
389 2812 513 2852 firma
538 2827 629 2853 esse
653 2812 931 2853 vehementer
953 2810 1198 2866 cupiebant.
1262 2808 1427 2849 Verum
1454 2811 1562 2853 Ger-
