1905 3254
709 272 818 304 sess.
840 275 902 304 1x.
1451 263 1534 304 6:37

79 374 335 422 Nonnullos,
352 377 426 424 ait,
439 392 634 433 quaerere
648 394 789 420 moras
803 380 1101 436 interponere3
1124 388 1359 438 propterea
1376 397 1533 437 cupere

80 447 136 488 ab
158 448 220 488 eis
240 448 500 505 intelligere,
524 451 642 506 quod
663 451 838 492 tandem
861 452 1196 496 deliberandum
1216 470 1306 496 csse
1320 455 1534 496 videatur.

126 518 455 576 Lotha1·ingiuS‚
469 522 723 563 absolvendi
735 523 979 565 Concilium
994 526 1226 567 maximam
1238 527 1534 568 necessitatem

78 592 223 633 omnia
242 608 413 649 urgere,
436 601 529 635 tum
554 596 684 636 variis
707 597 961 646 rationibus,
994 605 1089 639 tum
1123 600 1347 655 praecipue
1380 600 1435 640 ob
1467 615 1535 641 res

81 664 255 705 Galliae.
320 666 415 707 Sibi
436 668 715 708 constitutum
740 684 831 709 esse
853 675 952 709 ante
973 669 1087 710 diem
1117 670 1275 711 festum
1295 671 1536 711 nativitatis

79 738 170 779 Dfii
203 739 321 795 apud
357 740 526 796 Regem
565 742 725 782 Galliac
759 757 849 782 esse
883 742 925 782 in
962 741 1187 782 Comitatu
1219 742 1534 798 Lotharingiae,

79 826 166 867 quo
208 812 300 853 loco
340 813 433 868 ipse
475 812 572 854 Rex
618 814 851 855 adfuturus
894 821 958 855 est
999 814 1218 869 baptismo
1250 814 1327 854 filii
1355 814 1536 854 Comitis

78 884 404 941 Lotharingiae:
431 887 522 942 jam
546 902 589 927 se
613 902 637 927 a
659 887 783 943 Rege
807 887 1059 927 accersitum
1085 902 1176 927 esse
1199 887 1254 927 ob
1278 887 1382 926 alias
1405 886 1534 927 etiam

80 959 361 1014 gravissimas
396 975 550 1001 causas
594 961 838 1002 Provinciae
883 961 1068 1001 Galliae:
1122 975 1218 1001 cum
1257 974 1306 1000 eo
1347 967 1391 1000 et
1433 959 1537 999 alios

80 1030 293 1071 Praelatos
328 1031 480 1072 Gallos
521 1034 806 1074 abscessuros.
890 1033 1049 1083 Quare,
1092 1032 1127 1072 si
1167 1047 1311 1087 operae
1344 1032 1535 1087 pretium

79 1110 253 1158 putant,
292 1111 342 1145 ut
376 1105 547 1147 Gallica
570 1107 690 1146 natio
714 1104 986 1147 terminando
1008 1103 1108 1144 huie
1132 1104 1326 1145 Concilio
1354 1104 1534 1152 intersit,

79 1190 167 1216 rem
194 1177 444 1219 nullatenus
462 1178 580 1219 ultra
597 1178 711 1219 diem
730 1179 937 1219 Scssionis
952 1177 1154 1218 indictam
1169 1176 1509 1233 protrahendam
1527 1193 1535 1216 τ

80 1251 292 1291 rationem
318 1267 420 1292 vero
444 1252 659 1293 tractandi
682 1252 867 1306 reliqua,
893 1266 992 1306 quac
1015 1257 1268 1306 supersunt,
1286 1265 1381 1290 eam
1404 1250 1535 1305 aptis-

80 1324 230 1364 simam
246 1332 288 1365 et
299 1325 577 1366 utilissimam
592 1326 804 1373 futuram,
819 1331 870 1365 ut
884 1323 1096 1364 brevibus
1110 1322 1294 1363 decretis
1307 1337 1357 1363 ea
1371 1322 1536 1363 conclu-

80 1397 253 1444 dentur,
265 1413 365 1454 quae
380 1399 493 1439 omni
508 1398 823 1454 disceptatione
834 1404 996 1446 carent,
1007 1403 1049 1437 et
1064 1412 1087 1437 a
1103 1396 1274 1436 nemine
1286 1396 1536 1452 autnegari,

82 1478 158 1513 aut
179 1471 223 1511 in
244 1470 429 1512 dubium
453 1472 595 1512 vocari
618 1478 800 1527 possunt
820 1489 828 1520 ;
863 1477 997 1525 atque
1020 1470 1082 1510 ita
1112 1469 1166 1509 de
1194 1470 1470 1524 Purgatorio,
1495 1476 1538 1510 et

80 1543 135 1585 de
160 1543 450 1600 Imaginibus,
474 1550 708 1591 statuatur,
732 1543 937 1598 quoniam
959 1541 1122 1582 Galliae
1152 1541 1337 1581 maxime
1360 1541 1538 1596 expedit

80 1616 133 1657 de
157 1616 434 1672 Imaginibus
454 1615 523 1657 hie
547 1615 713 1671 aliquid
734 1615 918 1664 definiri,
941 1614 1104 1669 quibus
1124 1613 1209 1669 ipsi
1242 1613 1347 1653 satis
1376 1613 1534 1654 iufesti¹

80 1696 207 1740 sunt3
239 1704 293 1729 ne
315 1689 520 1744 alioquin,
543 1687 621 1729 hoc
659 1688 964 1744 praetermisso,
987 1687 1050 1727 illi
1077 1687 1209 1727 rebus
1242 1686 1334 1741 ejus
1369 1685 1424 1726 ab
1457 1685 1537 1726 hae

82 1764 145 1804 Sta
167 1763 341 1820 Synodo
363 1777 447 1803 non
466 1763 571 1803 satis
593 1763 817 1817 provisum
841 1767 1008 1816 putent.

140 1836 426 1878 Granatensis
449 1836 689 1876 Sessionem
713 1835 781 1876 die
801 1834 1052 1890 praestituta
1067 1832 1227 1873 habere
1249 1832 1408 1888 probat
1428 1849 1438 1882 3
1461 1831 1537 1872 sed

80 1925 131 1952 ea
151 1910 262 1965 lege,
287 1917 337 1951 ut
357 1917 456 1965 post
479 1924 573 1950 eam
608 1909 694 1950 alia
716 1915 974 1965 sequeretur
1004 1908 1119 1948 intra
1151 1906 1397 1961 quindecim
1429 1904 1536 1955 dies,

80 1985 124 2025 in
146 1999 234 2040 qua
255 1983 522 2024 commodius
543 1984 682 2024 omnia
707 1983 1048 2023 absolverentur.
1112 1979 1235 2020 Idem
1269 1985 1311 2020 et
1344 1978 1535 2033 Hispani

79 2058 255 2114 reliqui,
279 2073 325 2098 ae
346 2057 542 2097 nonnulli
565 2057 681 2103 Itali,
707 2054 1037 2111 responderunt.
1101 2053 1214 2094 Ores
1237 2051 1430 2092 Caesarei
1453 2065 1536 2091 non

79 2131 404 2189 repugnabant,
428 2131 533 2186 quia
554 2130 597 2170 in
619 2130 690 2170 die
723 2130 919 2170 Sessione
950 2126 1112 2167 indicta
1144 2124 1386 2165 Concilium
1419 2123 1534 2164 clau-

80 2206 283 2247 deretur:
316 2204 392 2246 sed
424 2204 678 2260 cupiebant,
721 2210 772 2244 ut
814 2202 945 2243 etiam
987 2199 1040 2240 de
1075 2197 1383 2253 IndulgentiiS,
1422 2195 1535 2236 unde

80 2280 305 2336 praecipua
338 2278 527 2320 Lutheri
562 2277 746 2318 defectio
785 2282 974 2331 sequuta
1005 2280 1084 2321 est,
1119 2271 1288 2327 aliquid
1320 2277 1538 2326 ageretur.

83 2353 211 2404 Quod
233 2353 269 2393 si
290 2352 499 2408 temporis
516 2351 734 2408 angustiae
766 2349 811 2389 id
832 2363 916 2388 non
940 2352 1207 2402 paterentur,
1231 2350 1275 2384 et
1306 2342 1535 2383 Lotharin-

82 2428 223 2484 gium²
257 2425 356 2467 hinc
388 2425 604 2466 discedere
636 2437 808 2465 neeesse
842 2427 967 2467 esset,
1003 2417 1254 2475 probabant
1286 2416 1434 2471 potius
1466 2414 1536 2455 die

82 2500 330 2558 praestituta
353 2499 599 2540 Concilium
634 2498 762 2541 finiri,
795 2495 873 2536 hoe
898 2507 1074 2550 quoque
1107 2491 1265 2546 Capite
1296 2489 1349 2530 de
1381 2487 1535 2529 Indul-

84 2574 242 2631 gentiis
274 2573 442 2620 omisso,
479 2586 612 2627 quam
646 2571 689 2611 in
730 2567 904 2623 longius
940 2565 1181 2607 Sessionem
1214 2561 1345 2604 trahi:
1377 2561 1537 2617 reliqui

127 2697 136 2716 ¹
161 2695 287 2730 Infecti,
313 2694 382 2725 MS.

125 2752 139 2770 ²
162 2751 229 2782 The
244 2761 316 2782 near
331 2750 468 2782 mention
493 2750 527 2781 os
550 2748 666 2779 Luthcr
689 2746 850 2777 ‹loubtless
875 2743 1058 2776 occasioned
1085 2743 1135 2773 the
1162 2739 1294 2773 mistake
1318 2741 1354 2771 os
1378 2740 1429 2771 the
1451 2741 1538 2773 word

85 2805 199 2837 Lother
212 2805 294 2835 here.
