1905 3254
733 276 843 308 sEss.
873 279 926 310 w.
1477 279 1553 317 241

100 368 264 412 frustra
300 373 539 418 Concilium
576 381 842 435 permisisset
876 386 1114 442 aliquando
1147 406 1270 446 posse
1303 398 1478 445 mutari,
1516 399 1553 438 si

100 454 213 483 nunc
234 459 318 484 non
339 448 599 491 conceditur.

156 514 209 555 3²².
246 517 372 567 Quod
394 520 561 562 Paulus
584 524 673 566 III.
698 526 741 567 id
762 530 886 569 certis
908 532 1227 576 conditionibus
1249 538 1291 577 in
1317 540 1551 582 Germania

94 589 314 636 concessit,
337 605 412 632 nec
431 607 545 635 nova
566 595 657 637 haec
678 605 742 639 est
762 603 999 655 permissio.
1063 605 1158 646 Imo
1185 607 1314 650 hodie
1336 612 1379 651 in
1402 613 1552 654 Gallia

93 659 293 700 monachi
314 663 444 704 etiam
467 666 636 722 aliquot
656 685 740 712 non
763 673 1030 717 celebrantes
1053 678 1240 729 missam,
1263 689 1308 723 et
1322 684 1418 725 Rex
1440 686 1547 741 ipse,

92 730 216 770 certis
247 736 516 790 temporibus
549 746 779 798 utramque
813 747 998 800 speciem
1024 751 1171 799 sumit,
1197 760 1240 794 et
1261 760 1352 796 tota
1376 756 1549 799 Graeeia

90 801 310 854 observat,
329 813 372 847 et
404 808 491 851 alia
521 812 652 854 etiam
685 814 777 857 loca
808 818 973 875 absque
1006 822 1098 864 ullo
1129 826 1330 868 scandalo
1362 844 1439 870 seu
1472 846 1545 886 pe-

88 873 236 917 riculo.

143 948 199 988 4²².
234 949 403 1008 Magna
424 955 678 1013 efflagitatio
710 966 952 1017 majestatis
981 966 1211 1020 Caesareae,
1243 974 1311 1013 cui
1333 973 1425 1016 haec
1445 976 1542 1033 dig-

83 1019 195 1061 nitas
217 1026 504 1068 committitur
526 1030 582 1070 ab
606 1031 725 1081 Ecca,
759 1033 838 1076 hac
871 1040 1094 1095 praecipue
1127 1042 1181 1083 de
1212 1059 1353 1094 causa,
1387 1055 1436 1089 ut
1460 1049 1542 1090 Ca-

83 1091 285 1137 tholicam
327 1098 602 1157 Religionem
649 1112 830 1148 tueatur
875 1117 917 1150 et
960 1121 1132 1169 augeat.
1198 1117 1402 1175 Cumque
1444 1126 1540 1177 ejus

83 1165 322 1210 authoritas
363 1172 442 1214 hac
482 1176 525 1216 in
559 1184 682 1231 parte
718 1180 802 1222 fide
839 1184 1019 1237 publica
1058 1189 1236 1236 nitatur,
1271 1198 1315 1231 et
1347 1192 1539 1236 diffidere

79 1238 199 1280 nefas
222 1242 409 1293 videtur,
432 1247 555 1303 isque
577 1266 690 1293 nunc
712 1254 887 1297 assiduo
910 1266 1040 1314 urget
1057 1267 1100 1301 ct
1122 1269 1406 1316 protestatur,
1429 1265 1538 1308 hanc

77 1324 167 1352 rem
202 1314 351 1357 utilem
397 1321 583 1363 maxime
621 1324 687 1364 S¹ae
718 1326 831 1367 Εςοω
871 1329 1066 1372 futuram
1108 1334 1143 1373 si
1183 1336 1454 1387 concedatur,
1495 1346 1537 1380 et

77 1382 328 1430 damnosam
350 1391 385 1431 si
406 1401 610 1450 negetur,
634 1397 784 1454 itaque
806 1401 868 1441 illi
892 1404 1038 1457 potius
1060 1406 1320 1450 credendum
1344 1426 1437 1453 esse
1460 1415 1536 1469 qui

74 1455 134 1496 ita
156 1458 352 1511 affirmat,
377 1478 508 1519 quam
533 1468 626 1509 aliis
649 1472 726 1525 qui
749 1478 919 1515 tantum
943 1475 1093 1518 dicunt
1115 1493 1159 1519 se
1179 1482 1331 1522 vereri.

130 1531 186 1571 5³.
221 1533 523 1589 Apponuntur
555 1547 618 1582 tot
639 1543 900 1587 conditiones
930 1548 972 1588 in
1002 1555 1095 1605 ejus
1118 1567 1215 1601 usu,
1240 1561 1289 1595 ut
1312 1559 1449 1613 major
1471 1560 1532 1599 in-

73 1601 271 1646 ducenda
292 1607 347 1648 sit
369 1611 523 1667 religio
543 1614 586 1653 in
609 1614 676 1655 his
708 1618 958 1661 nationibus
984 1622 1018 1662 si
1045 1625 1302 1668 concedatur
1331 1644 1461 1684 quam
1495 1633 1531 1672 si

70 1684 271 1732 negetur.

126 1749 181 1791 6².
214 1750 484 1809 Exemplum
523 1758 792 1810 Graecorum,
831 1766 907 1819 qui
941 1765 1104 1808 habent
1137 1784 1263 1812 usum
1297 1773 1448 1824 calicis,
1486 1784 1528 1818 et

66 1826 211 1863 tamen
233 1825 289 1865 ab
311 1826 418 1868 Ecca
439 1843 523 1870 non
545 1839 646 1872 sunt
668 1836 883 1889 separati:
916 1837 1161 1897 diciturque
1183 1844 1244 1884 eis
1272 1846 1401 1887 etiam
1432 1864 1526 1890 con-

64 1908 231 1935 cessum
254 1896 385 1940 fuisse
406 1901 691 1958 privilegium
715 1921 740 1946 a
765 1907 910 1950 Paulo
933 1910 1022 1952 III.
1085 1915 1178 1955 Nec
1200 1918 1320 1972 apud
1347 1935 1418 1960 eos
1450 1937 1524 1962 au-

62 1964 196 2014 ditur,
222 1969 363 2011 ullum
382 1974 624 2027 periculum
640 1977 872 2029 effusionis,
892 1991 1023 2038 prout
1041 1993 1309 2032 attestantur
1333 1994 1519 2047 praelati,

62 2039 138 2092 qui
158 2039 226 2082 hic
248 2042 421 2094 adsunt,
443 2054 485 2088 et
508 2047 672 2091 habent
694 2051 797 2093 EccS
817 2069 917 2096 suas
938 2057 980 2097 in
1002 2058 1053 2098 iis
1074 2059 1187 2101 locis.

120 2111 173 2153 7²².
209 2114 345 2158 Certa
364 2121 575 2174 pernicies
596 2129 661 2164 tot
682 2125 918 2171 nationum,
943 2136 986 2170 et
1002 2132 1229 2174 concitatio
1251 2151 1399 2179 eorum
1422 2156 1517 2183 con-

60 2190 126 2226 tra
152 2186 415 2241 Catholicos,
449 2194 484 2234 si
515 2196 576 2235 eis
608 2197 908 2251 prohibeatur,
945 2210 988 2243 et
1024 2219 1185 2261 magna
1220 2223 1318 2264 spes
1352 2212 1514 2255 incolu-

58 2259 234 2310 mitatis,
257 2263 293 2303 si
315 2267 589 2317 concedatur,
623 2276 671 2310 ut
702 2287 848 2314 omncs
881 2275 911 2314 ii
943 2276 1171 2327 affirmant,
1208 2282 1284 2335 qui
1316 2286 1512 2328 notitiam

55 2343 206 2373 eorum
227 2332 402 2385 habent,
426 2353 508 2379 non
531 2347 703 2383 tantum
727 2343 907 2387 Praelati
930 2348 1168 2390 nationales
1200 2358 1244 2393 et
1267 2352 1513 2409 Imperator

53 2401 160 2458 ipse,
193 2405 270 2447 sed
302 2409 430 2452 etiam
468 2413 543 2453 alii
575 2420 876 2474 quuscunque
907 2421 1081 2470 ordinis,
1116 2423 1255 2465 veluti
1291 2425 1420 2469 Card.
1451 2431 1507 2472 N.

53 2474 165 2518 Item
187 2479 387 2523 Nuncius
408 2484 544 2541 Papae
569 2488 622 2528 ad
645 2489 977 2545 Imperatorem,
1012 2494 1268 2552 Theologus
1291 2498 1506 2552 Canisius,

51 2554 94 2589 et
114 2550 203 2600 alii,
225 2553 311 2595 imo
334 2555 457 2612 Papa
488 2559 593 2614 ipse,
627 2563 704 2617 qui
737 2563 779 2603 in
814 2565 893 2606 illis
926 2566 1026 2607 locis
1058 2569 1157 2609 olim
1189 2578 1386 2615 versatus
1404 2576 1502 2625 fuit,

50 2625 307 2667 concessioni
329 2629 432 2669 satis
455 2633 741 2687 acquiescere.

105 2696 162 2737 8².
196 2697 411 2754 Magnum
435 2705 676 2757 periculum
700 2711 986 2764 perturbandi
1020 2721 1063 2754 ct
1092 2715 1356 2770 impediendi
1390 2721 1501 2764 Con-

48 2766 130 2808 cilii
161 2784 214 2812 ex
244 2774 453 2827 proximis
487 2776 687 2821 Comitiis
726 2782 975 2825 Germaniae
1008 2786 1042 2825 si
1077 2787 1137 2826 cis
1170 2787 1426 2845 denegetur,
1459 2803 1501 2837 et

1242 2877 1265 2901 n
