1905 3254
717 304 826 334 sess
851 305 894 335 11.
1485 289 1538 328 53

76 414 218 454 tribus
241 413 467 459 recitabat,
487 412 660 454 eosdem
684 427 854 469 rogans,
879 428 931 453 an
955 412 1022 453 his
1042 413 1187 454 verbis
1203 413 1407 469 placeret,
1425 413 1535 453 Ora-

75 495 189 528 tores
209 502 299 528 csse
321 485 626 542 suscipiendos.
689 486 759 526 Ea
782 486 917 528 ferme
941 492 1034 526 erat
1056 486 1098 526 in
1130 486 1240 527 hanc
1263 487 1534 535 sententiam,

76 567 125 601 ut
147 559 393 601 ostenderet
417 559 632 615 Synodus,
668 575 713 600 se
736 574 941 615 magnam
971 574 1144 615 semper
1175 559 1229 600 de
1263 575 1416 601 eorum
1441 561 1533 616 pie-

76 640 168 675 tate
188 641 318 689 atque
336 633 614 674 observantia
644 648 748 689 erga
774 633 975 674 Sanctam
1010 633 1253 673 Ecclesiam
1288 634 1536 688 opinionem

76 706 305 747 habuisse:
339 707 477 747 laetari
501 721 604 747 vero
626 721 740 747 nunc
769 706 956 746 maxime
979 720 1077 746 cum
1102 721 1155 746 ex
1179 721 1327 746 eorum
1362 721 1538 761 quoque

76 779 222 820 verbis
243 779 342 820 illos
365 779 419 820 ad
442 779 702 820 Christi-anre
726 778 969 834 Religionis
992 778 1245 834 pra‘sidium
1282 786 1416 834 atque
1449 795 1535 820 am-

74 851 382 908 plificationem
408 859 637 909 tantopere
661 852 810 893 videat
829 852 1066 901 animatos;
1099 867 1249 892 eorum
1275 851 1375 893 fidei
1392 852 1538 893 studio

77 939 123 964 ac
157 924 491 979 promptitudini
525 925 787 965 immortalia
815 940 839 965 a
864 925 1046 964 Summo
1075 924 1170 965 Deo
1200 925 1378 981 praemia
1399 925 1538 966 tribu-

77 996 210 1045 enda3
245 1000 306 1037 sel
344 1011 445 1037 vero
487 996 707 1038 redditum
753 997 834 1037 sibi
872 996 1140 1043 mandatum,
1182 1004 1314 1053 prout
1352 997 1404 1038 de
1438 999 1538 1053 jure

77 1070 223 1118 debet,
247 1069 488 1111 admittere.

138 1144 224 1185 His
248 1145 392 1185 verbis
415 1144 646 1185 concordes
675 1144 764 1185 fere
799 1145 952 1185 Patres
983 1159 1131 1185 omnes
1164 1144 1364 1185 solebant
1398 1159 1538 1185 assen-

79 1220 164 1260 tiri.
229 1218 469 1259 Accidebat
506 1226 653 1259 tamen
677 1218 952 1273 quandoque,
978 1224 1027 1258 ut
1061 1232 1182 1258 secus
1206 1217 1341 1272 aliqui
1365 1233 1538 1272 respon-

78 1292 254 1341 derent;
288 1307 385 1332 nam
424 1291 526 1332 dum
565 1291 618 1332 de
654 1290 734 1331 hoc
756 1292 848 1346 ipso
873 1290 1326 1345 Quinqueecelcsiensi
1352 1290 1539 1332 Oratore

78 1365 213 1421 Regis
267 1364 514 1420 Hungariae
563 1371 784 1420 ageretur,
835 1371 927 1404 tres
975 1364 1192 1407 Lusitani,
1247 1364 1536 1413 Bracarensis,

81 1436 458 1483 conimbricensis,
474 1444 519 1477 et
534 1436 771 1477 Leiriensis
793 1443 943 1492 aperte
966 1443 1220 1479 renuerunt.
1236 1451 1287 1477 ne
1312 1444 1411 1477 ante
1431 1437 1537 1478 Ora-

78 1515 216 1549 torem
239 1508 502 1549 Lusitanum
527 1509 810 1564 acciperetur.
877 1509 999 1549 Idem
1025 1515 1069 1549 et
1091 1509 1356 1565 quandoque
1381 1510 1422 1550 in
1446 1510 1542 1550 aliis

80 1582 250 1629 accidit,
291 1588 340 1622 ut
377 1582 467 1621 suis
506 1582 608 1622 locis
646 1597 927 1637 exponemus
992 1583 1096 1622 Post
1131 1582 1221 1623 ham·
1258 1584 1466 1624 Oratores
1500 1584 1540 1623 in

80 1671 278 1696 consessu
303 1656 634 1702 revocabantur,
672 1655 834 1709 quibus
870 1656 1138 1695 Secretarius
1169 1656 1344 1711 publice
1380 1656 1543 1712 Synodi

78 1729 401 1785 responsionem
444 1743 496 1768 ex
538 1726 688 1768 eodem
732 1728 893 1783 scripto
937 1729 1179 1769 referebat:
1237 1730 1285 1769 ca
1341 1729 1543 1770 absoluta

79 1801 236 1842 notarii
259 1817 284 1841 a
306 1801 558 1841 Promotore
581 1801 865 1856 regebantur,
902 1807 951 1840 ut
985 1815 1081 1855 quae
1115 1807 1240 1857 gesta
1268 1807 1410 1841 essent
1431 1801 1540 1856 pub-

79 1876 172 1916 licis
187 1876 478 1915 monumentis
494 1874 759 1915 mandarent.
796 1874 914 1914 Hinc
931 1881 1077 1915 autem
1097 1874 1308 1915 concionis
1323 1875 1417 1915 finis
1435 1881 1541 1921 crat,

82 1955 160 1990 aut
182 1955 326 2004 coepta
348 1948 434 1988 alia
456 1948 633 2003 negotia
658 1949 811 1988 Patres
829 1948 1220 2004 prosequebantur.

141 2021 227 2062 His
248 2022 399 2078 igitur,
425 2028 655 2077 postquam
690 2029 815 2062 erant
843 2022 1019 2077 recepti,
1043 2036 1127 2062 non
1151 2028 1322 2062 tantum
1357 2024 1543 2079 singulis

86 2097 500 2153 congregationibus
521 2111 568 2137 ac
586 2096 848 2136 sessionibus
876 2096 1093 2137 arbitratu
1123 2112 1203 2137 suo
1226 2098 1445 2145 interesse,
1468 2099 1543 2139 scd

82 2171 211 2212 etiam
235 2170 350 2226 quod
373 2170 469 2217 sibi,
490 2170 558 2210 vel
578 2185 602 2210 a
617 2170 892 2225 principibus
914 2170 1003 2209 suis
1022 2170 1286 2219 mandatum,
1305 2173 1373 2213 vel
1390 2188 1540 2228 geren-

83 2244 148 2285 dis
168 2244 300 2285 rcbus
326 2251 626 2299 opportunum
662 2243 899 2289 videretur,
925 2258 1018 2284 cum
1055 2244 1237 2300 Legatis
1263 2260 1309 2285 ac
1336 2247 1544 2286 Patribus

82 2331 271 2357 seorsum
295 2324 482 2357 tractare
508 2317 695 2366 licebat3
731 2317 815 2357 imo
838 2332 934 2357 cum
963 2317 1144 2372 gravius
1167 2316 1348 2372 aliquod
1376 2318 1541 2373 impen-

84 2389 206 2431 deret
238 2405 290 2431 ex
315 2391 474 2445 scripto
502 2405 598 2430 cum
629 2391 810 2445 Legatis
832 2404 963 2445 agere
987 2389 1196 2435 solebant,
1216 2396 1264 2429 ut
1285 2389 1544 2444 diligentius

84 2463 227 2503 omnia
255 2464 704 2519 circumspicerentur.
770 2462 820 2503 Id
858 2479 882 2503 a
919 2462 1108 2502 Casan-is
1140 2462 1345 2517 primum,
1382 2463 1481 2504 inde
1519 2480 1543 2504 a

86 2535 280 2592 Philippi
313 2538 443 2593 regis,
481 2544 635 2593 postca
668 2544 711 2577 et
745 2551 769 2576 a
809 2536 971 2576 Galliae
1027 2535 1274 2575 oratoribus
1318 2536 1450 2576 variis
1489 2536 1543 2578 de

83 2609 212 2650 rebus
226 2611 385 2651 factum
406 2611 536 2651 fuisse
560 2611 729 2657 scimus,
749 2609 914 2665 quibus
937 2615 980 2649 ct
994 2609 1154 2664 Legati
1171 2623 1297 2664 acque
1312 2624 1365 2649 ex
1380 2610 1542 2665 scripto

87 2683 347 2738 quandoque
370 2683 719 2740 respondebant,
751 2697 847 2722 nam
874 2681 1063 2722 Caesarei
1087 2688 1184 2736 post
1209 2696 1357 2721 eorum
1394 2683 1541 2723 statim

85 2755 316 2797 adventum
347 2757 576 2813 postulata
598 2755 801 2812 quaedam
832 2755 1013 2811 Legatis
1046 2770 1122 2810 per
1149 2755 1297 2795 literas
1331 2755 1541 2797 exhibue-

86 2836 200 2877 runt,
223 2844 322 2884 quae
346 2846 441 2870 cum
467 2831 736 2886 Legatorum
761 2830 1041 2885 responsione
1067 2828 1284 2869 adnotatae
1308 2837 1420 2870 sunt.

732 2917 737 2934 ¹
768 2917 813 2954 Si,
832 2918 902 2947 MS.
