1905 3254
711 247 822 277 snss.
850 248 906 278 vl.
1460 234 1543 275 213

82 351 237 397 nensis,
279 353 578 409 Legionensis,
633 353 899 402 Ilerdensis,¹
945 353 982 394 F
987 361 1311 410 auiagustanUS,
1365 355 1538 395 Sibeni-

83 425 231 474 censis,
255 427 296 467 S.
320 423 479 476 Pauli?
508 434 552 468 et
574 427 770 467 nonnulli
796 427 882 468 alii.
943 427 1132 478 Quidam
1157 429 1304 477 etiam,
1341 444 1384 470 se
1409 429 1538 470 valde

83 497 288 540 dubitare
319 500 371 540 de
397 500 588 541 Canonis
622 501 808 541 veritate
844 502 1177 556 profitebantur,
1211 504 1349 545 veluti
1372 504 1523 545 Grana

83 572 229 619 tensis,
265 579 308 613 et
329 573 461 613 etiam
483 574 763 620 Mutinensis,
788 574 866 628 qui
889 589 985 614 cuin
1010 575 1308 631 interrogatus
1331 585 1454 624 essct,
1487 592 1541 617 an

84 643 235 685 Canon
249 647 502 701 propositus
523 647 562 688 ei
585 647 788 702 placeret,
811 647 1049 702 respondit,
1066 648 1109 688 id
1132 649 1216 689 sibi
1234 649 1406 704 placere
1423 649 1542 705 quod

82 717 225 772 placet
247 718 500 760 Alexandro
522 720 577 760 ΡΟ
604 720 639 760 Ρ
663 720 711 760 P.
736 720 778 759 in
803 720 946 776 prima
967 719 1185 768 decretali,
1210 728 1254 762 et
1276 729 1423 763 sancto
1447 723 1541 762 Au-

81 791 256 846 gustino
290 793 334 832 in
369 793 609 846 quaestione
651 794 810 833 veteris
850 801 894 834 et
931 794 1040 849 novi=
1066 793 1367 843 Testamenti3
1416 802 1459 836 et
1496 796 1539 836 S.

81 866 264 909 Thomae
296 870 340 909 in
372 871 417 909 4²¹
446 869 760 910 sententiarum
796 868 850 907 ‘22
887 867 1103 908 distinct.:
1138 869 1209 908 eui
1242 884 1339 909 cum
1375 870 1431 910 ab
1465 869 1539 910 ali-

80 942 244 996 quibus
266 943 613 998 responderetur,
648 957 746 983 cum
771 941 1010 997 explicaret
1033 941 1140 996 quid
1162 942 1227 982 illi
1247 943 1451 991 dicerent,
1474 958 1539 984 rc-

82 1015 278 1069 plicavit,
295 1017 390 1057 illos
406 1018 557 1072 negari
574 1015 799 1057 Christum
824 1015 865 1055 in
890 1029 1015 1055 coena
1033 1015 1288 1057 Sacerdotes
1306 1016 1538 1058 ordinasse.

83 1087 205 1129 Inter
226 1089 318 1130 haee
336 1105 431 1130 cum
456 1089 591 1145 aliqui
613 1089 789 1145 longius
811 1088 981 1143 digredi
1004 1088 1180 1138 vellent,
1200 1096 1244 1130 et
1266 1090 1540 1131 Mantuanus

81 1163 331 1210 monuisset,
357 1178 454 1203 cum
479 1163 586 1203 hora
613 1164 705 1218 jam
743 1163 882 1217 prima
903 1163 1041 1202 noctis
1064 1162 1349 1212 incumberet,
1388 1171 1437 1205 ut
1465 1164 1540 1219 qui

83 1233 303 1276 Canonein
328 1237 564 1291 probarent
585 1235 703 1276 nude
726 1235 1055 1291 responderent,
1083 1236 1160 1291 qui
1182 1237 1536 1281 contradicerent,

80 1308 287 1349 rationem
320 1310 449 1350 etiam
471 1310 689 1350 arbitratu
723 1324 801 1349 suo
824 1308 1145 1364 depromerent,
1169 1309 1302 1365 idque
1325 1310 1538 1359 nonnulli,

81 1382 156 1438 qui
172 1398 196 1423 a
212 1382 388 1424 Canone
403 1390 537 1424 erant.
555 1383 716 1438 aegrius
740 1383 850 1423 ferre
876 1382 1144 1430 viderentur,
1160 1390 1263 1424 tunc
1281 1384 1536 1430 Simonetta,

81 1470 257 1511 aequum
294 1456 339 1496 id
372 1472 477 1505 csse,
512 1455 630 1512 quod
664 1455 937 1496 Mantuanus
972 1457 1218 1511 proposuit,
1253 1465 1302 1498 ut
1334 1458 1436 1508 scil,
1469 1458 1537 1499 his

82 1529 159 1584 qui
181 1528 403 1570 diversum
425 1530 631 1576 sentiunt,
656 1528 910 1584 experiendi
933 1528 1130 1576 facultas,
1151 1546 1204 1570 an
1229 1531 1336 1571 alios
1364 1532 1475 1573 forte
1494 1533 1538 1572 in

81 1618 204 1643 suam
240 1604 407 1658 possint
444 1603 704 1643 sententiam
739 1601 925 1650 trahere,
948 1617 1032 1641 non
1055 1602 1177 1643 desit.
1233 1604 1413 1651 Verum,
1443 1620 1539 1646 cum

85 1675 140 1717 ad
173 1676 265 1717 haee
298 1677 434 1717 verba
456 1676 722 1716 Tarentinus
757 1682 799 1714 et
833 1673 1010 1729 quidam
1044 1674 1117 1714 alii
1141 1675 1388 1723 fremerent,
1413 1677 1539 1731 quasi

81 1750 231 1804 iniqua
253 1748 494 1789 conditione
528 1748 648 1803 ipsis,
682 1747 759 1802 qui
783 1746 1004 1786 Canonem
1036 1747 1292 1796 tuebantur,
1330 1757 1442 1790 esset
1474 1765 1537 1791 re-

82 1821 399 1877 spondendum,
424 1820 574 1862 subdit
597 1821 852 1867 Simonetta,
876 1818 984 1858 nihil
1006 1821 1254 1868 vereamini,
1277 1821 1432 1877 inquit,
1467 1839 1539 1864 eos

82 1895 159 1950 qui
181 1895 314 1935 semel
339 1894 559 1935 Canoneni
583 1894 837 1949 probarunt,
861 1907 973 1933 nune
995 1893 1246 1934 sententiam
1264 1901 1537 1947 mutaturos;

81 1984 165 2009 non
186 1969 300 2009 enim
323 1968 447 2008 Deus
470 1975 678 2009 mutatur.
745 1967 858 2008 Hzec
889 1968 1036 2014 verba,
1071 1982 1166 2007 eum
1203 1968 1258 2008 ab
1293 1984 1344 2009 eo
1375 1970 1538 2012 sineere

83 2043 282 2097 bonoque
305 2043 396 2083 zelo
418 2042 535 2083 dicta
556 2049 712 2089 essent,
741 2041 877 2096 aliqui
911 2048 1055 2081 tamen
1091 2055 1228 2095 prave
1260 2042 1538 2098 interpretati

80 2116 266 2163 fuerant,
290 2116 415 2170 quasi
438 2110 527 2155 hic-³
549 2115 742 2155 conscius
760 2114 923 2154 intima*
946 2112 1101 2154 mentis
1126 2113 1308 2154 Patrum
1331 2121 1448 2156 certa
1462 2130 1537 2156 nos

85 2204 162 2244 spe
185 2188 409 2230 obtinendi
432 2188 622 2229 Canonis
641 2188 811 2243 erigere
832 2187 1055 2228 voluisset.

138 2261 337 2302 Tandem
362 2262 462 2302 latis
482 2262 672 2301 oninium
697 2260 933 2316 suffragiis,
963 2274 1060 2299 euin
1083 2259 1211 2313 longo
1232 2259 1461 2301 intervallo
1482 2276 1535 2302 ex

79 2335 295 2376 sententia
316 2335 600 2376 abstinuisset
624 2334 909 2380 Mantuanus,
934 2332 1087 2372 Patres
1109 2346 1255 2371 omnes
1276 2333 1462 2388 rogavit,
1484 2340 1534 2375 ut

82 2407 152 2448 die
175 2408 363 2449 crastina
386 2407 571 2448 Sessioni
596 2406 821 2448 unanimes
848 2406 1123 2453 interessent3
1157 2420 1254 2445 eum
1287 2405 1401 2444 enim
1437 2406 1534 2460 Spi-

78 2482 210 2522 ritum
245 2482 451 2522 Sanctum
475 2481 664 2528 videant,
699 2480 775 2536 qui
808 2486 872 2520 cst
904 2479 1082 2535 spiritus
1118 2478 1325 2525 veritatis,
1356 2478 1417 2519 ita
1440 2493 1535 2534 per-

81 2554 275 2602 suadere,
300 2555 434 2595 velint
456 2554 540 2609 ipsi
562 2569 751 2609 quoque,
776 2553 952 2608 proprio
971 2551 1135 2608 judicio
1168 2551 1422 2607 postposito,
1456 2552 1533 2593 ali-

122 2670 128 2687 ¹
155 2670 325 2704 Erderiins,
342 2681 374 2700 or
391 2670 565 2707 something
582 2669 645 2699 like
664 2670 686 2699 it
703 2670 732 2698 in
752 2669 803 2699 the
823 2669 888 2698 MS.

120 2723 131 2740 ²
155 2724 188 2754 S.
206 2723 328 2763 Paepuli
342 2723 356 2753 ἱ)
394 2725 446 2755 No
463 2723 578 2763 prelate
594 2725 626 2753 S.
642 2723 737 2753 Pauli
754 2733 849 2753 seems
866 2729 896 2753 to
913 2721 989 2752 have
1007 2721 1082 2751 been
1096 2726 1126 2750 at
1144 2720 1194 2749 the
1211 2719 1350 2750 council.

120 2772 132 2789 2
158 2774 222 2809 m«,
242 2774 313 2804 MS.
