1905 3254
730 288 845 317 sess
873 288 901 317 1.
1500 272 1549 311 12⁷)

87 403 249 437 centur.
314 396 551 443 Caeterum,
587 408 808 434 novumne
840 393 937 434 hine
975 392 1220 434 Concilium
1254 393 1309 434 sit
1342 393 1547 448 incipien-

87 469 204 520 dum,
229 485 283 510 an
304 485 400 510 eum
423 467 686 525 praecedenti
707 468 857 523 potius
879 466 1249 523 conjungendum,
1272 467 1352 507 hoc
1374 473 1548 522 patrum

88 543 281 592 arbitrio,
305 558 400 584 cum
425 542 555 597 simul
581 541 872 587 convenerint,
898 540 1186 596 relinquatur.
1250 541 1428 582 Interim
1451 541 1548 582 lite-

86 613 232 657 rarum
263 631 442 657 suarum
475 616 609 656 verba
633 614 761 670 jubet
793 614 855 654 ita
883 614 1095 669 componi,
1120 629 1173 655 ne
1196 614 1302 669 quid
1323 614 1367 654 in
1389 614 1549 655 alteru-

87 694 198 728 tram
233 696 401 744 partem
434 688 693 744 exprimant,
727 686 804 728 sed
836 687 1050 727 utramvis
1078 687 1340 727 sententiam
1363 687 1548 742 amplec-

88 766 249 800 tantur.

122 939 263 986 Bulla
289 939 458 987 Sancti·
479 940 576 986 Dni
605 940 691 987 Nri
722 941 794 987 Pii
822 941 898 987 IV.
927 942 984 988 de
1011 942 1215 990 Concilii
1244 942 1513 989 Tridentini

574 1023 905 1079 celebratione,
934 1023 1012 1069 fol.
1048 1027 1083 1069 l.

144 1138 307 1179 Literae
337 1138 473 1194 igitur
506 1138 562 1178 ab
593 1153 642 1179 eo
671 1137 723 1179 de
747 1138 929 1180 Concilii
952 1138 1246 1180 celebratione
1268 1139 1550 1195 publicantur

84 1212 214 1253 tertio
238 1211 339 1251 Kal.
364 1211 506 1252 Xbris
530 1210 734 1252 MDLX.
758 1210 1054 1266 indiciturque
1089 1212 1130 1252 in
1163 1213 1214 1252 iis
1246 1213 1387 1268 prima
1418 1215 1550 1255 sessio

85 1286 128 1325 in
152 1284 265 1326 diem
289 1284 612 1325 resurrectionis
630 1283 875 1324 Dominicae
899 1285 1146 1340 proximum
1171 1286 1214 1325 in
1235 1286 1427 1327 Civitate
1449 1288 1549 1328 Tri-

86 1357 277 1404 demina,
322 1356 439 1413 quod
481 1355 686 1397 videlicet
727 1356 846 1397 locus
887 1357 966 1397 iste
1009 1357 1115 1398 ali-As
1156 1372 1317 1413 magno
1357 1359 1580 1400 omnium.

83 1445 292 1472 consensu
331 1431 510 1486 petitus,
554 1445 666 1471 nunc
704 1429 854 1472 iisdem
890 1430 1054 1486 gratior
1091 1438 1203 1472 esset
1240 1432 1429 1477 futurus,
1473 1441 1550 1473 aut

85 1512 199 1546 certe
231 1505 374 1545 minus
416 1506 718 1546 controversiae
754 1504 1000 1545 habiturus.
1063 1504 1236 1545 Aderat
1269 1505 1331 1545 ibi
1361 1513 1461 1546 tunc
1491 1507 1547 1546 N.

87 1577 369 1619 Madruccius
405 1578 540 1633 paulo
574 1585 672 1618 ante
704 1593 727 1618 a
762 1578 842 1619 Pio
876 1576 1124 1618 cardinalis
1157 1578 1310 1625 factus,
1346 1578 1550 1634 idemque

87 1649 405 1691 Canonicorum
441 1650 674 1707 suffragiis,
709 1666 756 1691 ac
795 1649 1046 1691 Cardinalis
1080 1650 1341 1691 Christofori
1378 1652 1547 1699 patrui,

85 1722 424 1778 Tridentinique
458 1723 669 1780 Episcopi
702 1738 910 1764 consensu
935 1723 1147 1763 Ecclesiae
1168 1723 1269 1764 huic
1290 1724 1454 1778 praesul
1477 1724 1549 1765 de-

85 1794 236 1842 lectus,
274 1794 351 1849 qui
388 1794 556 1835 civitati
591 1795 762 1852 totique
802 1800 898 1851 ejus
931 1794 1085 1836 ditioni
1125 1798 1284 1851 magna
1319 1796 1550 1852 prudentia

86 1866 470 1922 moderationeque
491 1875 692 1922 praeerat.
757 1868 899 1909 Locus
926 1869 1031 1923 ipse,
1066 1868 1167 1916 situ,
1194 1869 1317 1917 coelo,
1335 1868 1547 1925 hospitiis,

85 1947 220 1996 atque
262 1947 518 1988 commeatu,
571 1941 680 1982 mire
721 1940 955 1982 admodum
999 1941 1100 1982 huie
1142 1942 1226 1998 ipsi
1267 1943 1549 1984 celebrationi

85 2012 266 2070 agendae
307 2019 595 2069 opportunus.
675 2014 834 2069 Itaque
876 2013 1005 2055 editis
1047 2014 1113 2055 his
1161 2015 1298 2056 literis
1341 2017 1549 2058 Summus

85 2085 286 2127 Pontifex
302 2085 411 2126 nihil
432 2087 608 2127 omnino
627 2088 966 2142 praetermittens
987 2088 1071 2128 sibi
1087 2089 1131 2129 in
1154 2089 1347 2130 animum
1366 2090 1547 2141 inducit,

86 2165 134 2198 ut
157 2157 403 2201 Concilium
424 2159 504 2201 hoc
526 2164 622 2215 ejus
644 2160 913 2203 authoritate
940 2161 1264 2210 celebrandum,
1295 2178 1476 2219 magnos
1506 2172 1549 2205 et

84 2232 331 2287 praeclaros,
355 2240 568 2288 quantum
592 2235 634 2275 in
657 2249 707 2275 eo
728 2235 823 2282 erit,
847 2249 1106 2291 progressus
1130 2235 1271 2277 faciat.
1310 2236 1547 2293 Imprimis,

83 2305 372 2361 quamplures
392 2307 600 2355 Nuncios,
625 2307 888 2363 eosdemque
904 2314 1161 2364 praestantcs
1185 2310 1308 2350 vario
1327 2324 1380 2350 ex
1401 2310 1549 2351 ordine

85 2377 200 2418 viros
213 2378 256 2418 in
271 2378 463 2420 diversas
477 2379 731 2421 Provincias
745 2395 792 2421 ac
808 2379 964 2437 Regna
979 2380 1218 2429 distribuit,
1233 2383 1309 2438 qui
1325 2382 1546 2438 Synodum

85 2450 191 2492 hanc
224 2452 267 2492 in
290 2451 485 2493 Civitate
506 2453 768 2495 Tridentina
791 2453 1027 2510 cogendam
1052 2453 1327 2496 denuncient.
1392 2455 1548 2512 Diplo-

87 2531 203 2565 mata
224 2526 267 2565 in
301 2525 590 2574 Lusitaniam,
622 2526 899 2583 Hispaniam,
935 2527 1141 2575 Galliam,
1176 2528 1402 2585 Angliam,
1438 2529 1548 2570 Ger-

84 2597 277 2638 maniam
312 2597 593 2653 Superiorem
636 2606 679 2640 et
716 2599 984 2648 Interiorem,
1023 2599 1266 2647 Helvetios,
1310 2601 1547 2649 Boemiam,

84 2667 371 2725 Ungheriam‚
391 2670 632 2719 Poloniam,
653 2672 876 2713 Prussiam
895 2680 937 2713 et
957 2672 1239 2722 Moscoviam,
1262 2673 1548 2723 Dalmatiam,

90 2738 314 2791 Ilhricum,
339 2745 608 2792 Armeniam,
634 2745 866 2793 Graeciam,
890 2761 968 2802 per
989 2746 1066 2787 hos
1098 2747 1258 2796 mittit,
1288 2747 1549 2804 nullumque

86 2812 282 2871 Europae
307 2816 546 2858 aliarumve
570 2817 818 2873 Regionum
838 2820 1049 2875 angulum
1070 2820 1200 2875 jubet
1217 2821 1446 2874 praeteriri,
1472 2823 1547 2863 ubi
