<?xml version="1.0" encoding="UTF-8"?>
<!DOCTYPE html PUBLIC "-//W3C//DTD XHTML 1.0 Transitional//EN"
    "http://www.w3.org/TR/xhtml1/DTD/xhtml1-transitional.dtd">
<html xmlns="http://www.w3.org/1999/xhtml" xml:lang="en" lang="en">
 <head>
  <title>
</title>
<meta http-equiv="Content-Type" content="text/html;charset=utf-8" />
  <meta name='ocr-system' content='tesseract 3.04.00' />
  <meta name='ocr-capabilities' content='ocr_page ocr_carea ocr_par ocr_line ocrx_word'/>
</head>
<body>
  <div class='ocr_page' id='page_1' title='image "actaconciliitrid00paleuoft_0690.png"; bbox 0 0 1905 3254; ppageno 0'>
   <div class='ocr_carea' id='block_1_1' title="bbox 368 300 1200 348">
    <p class='ocr_par' dir='ltr' id='par_1_1' title="bbox 368 300 1200 348">
     <span class='ocr_line' id='line_1_1' title="bbox 368 300 1200 348; baseline 0.01 -9"><span class='ocrx_word' id='word_1_1' title='bbox 368 300 451 340; x_wconf 83' lang='lat'>502</span> <span class='ocrx_word' id='word_1_2' title='bbox 988 316 1098 348; x_wconf 70' lang='lat' dir='ltr'>snss.</span> <span class='ocrx_word' id='word_1_3' title='bbox 1125 318 1200 347; x_wconf 66' lang='lat' dir='ltr'>vn.</span> 
     </span>
    </p>
   </div>
   <div class='ocr_carea' id='block_1_2' title="bbox 372 421 1903 2805">
    <p class='ocr_par' dir='ltr' id='par_1_2' title="bbox 372 421 1902 1499">
     <span class='ocr_line' id='line_1_2' title="bbox 372 421 1824 478; baseline -0.001 -16"><span class='ocrx_word' id='word_1_4' title='bbox 372 437 542 478; x_wconf 85' lang='lat' dir='ltr'>cunque</span> <span class='ocrx_word' id='word_1_5' title='bbox 563 429 745 478; x_wconf 85' lang='lat' dir='ltr'>possunt</span> <span class='ocrx_word' id='word_1_6' title='bbox 761 424 977 464; x_wconf 84' lang='lat' dir='ltr'>industria</span> <span class='ocrx_word' id='word_1_7' title='bbox 999 439 1045 464; x_wconf 84' lang='lat' dir='ltr'>ac</span> <span class='ocrx_word' id='word_1_8' title='bbox 1066 430 1223 464; x_wconf 89' lang='lat' dir='ltr'>conatu</span> <span class='ocrx_word' id='word_1_9' title='bbox 1242 422 1297 462; x_wconf 89' lang='lat' dir='ltr'>ab</span> <span class='ocrx_word' id='word_1_10' title='bbox 1318 421 1396 462; x_wconf 88' lang='lat' dir='ltr'>hoc</span> <span class='ocrx_word' id='word_1_11' title='bbox 1419 421 1592 461; x_wconf 87' lang='lat' dir='ltr'>consilio</span> <span class='ocrx_word' id='word_1_12' title='bbox 1614 428 1824 467; x_wconf 86' lang='lat' dir='ltr'>avcrtcre,</span> 
     </span>
     <span class='ocr_line' id='line_1_3' title="bbox 373 494 1824 550; baseline -0.003 -15"><span class='ocrx_word' id='word_1_13' title='bbox 373 501 424 536; x_wconf 91' lang='lat' dir='ltr'>ut</span> <span class='ocrx_word' id='word_1_14' title='bbox 444 510 494 535; x_wconf 93' lang='lat' dir='ltr'>eo</span> <span class='ocrx_word' id='word_1_15' title='bbox 527 496 783 536; x_wconf 82' lang='lat' dir='ltr'>assentiente</span> <span class='ocrx_word' id='word_1_16' title='bbox 815 496 958 537; x_wconf 85' lang='lat' dir='ltr'>turbae</span> <span class='ocrx_word' id='word_1_17' title='bbox 993 495 1062 536; x_wconf 83' lang='lat' dir='ltr'>hae</span> <span class='ocrx_word' id='word_1_18' title='bbox 1096 495 1304 543; x_wconf 84' lang='lat' dir='ltr'>vitentur,</span> <span class='ocrx_word' id='word_1_19' title='bbox 1341 494 1517 550; x_wconf 85' lang='lat' dir='ltr'>ipsique</span> <span class='ocrx_word' id='word_1_20' title='bbox 1550 507 1685 549; x_wconf 89' lang='lat' dir='ltr'>penes</span> <span class='ocrx_word' id='word_1_21' title='bbox 1712 507 1824 532; x_wconf 90' lang='lat' dir='ltr'>sum-</span> 
     </span>
     <span class='ocr_line' id='line_1_4' title="bbox 374 565 1827 623; baseline -0.003 -14"><span class='ocrx_word' id='word_1_22' title='bbox 374 583 493 609; x_wconf 89' lang='lat' dir='ltr'>mum</span> <span class='ocrx_word' id='word_1_23' title='bbox 510 568 761 609; x_wconf 92' lang='lat' dir='ltr'>Pontificem</span> <span class='ocrx_word' id='word_1_24' title='bbox 785 584 828 609; x_wconf 91' lang='lat' dir='ltr'>se</span> <span class='ocrx_word' id='word_1_25' title='bbox 852 569 908 609; x_wconf 89' lang='lat' dir='ltr'>ab</span> <span class='ocrx_word' id='word_1_26' title='bbox 930 568 1046 608; x_wconf 88' lang='lat' dir='ltr'>omni</span> <span class='ocrx_word' id='word_1_27' title='bbox 1067 568 1198 623; x_wconf 88' lang='lat' dir='ltr'>culpa</span> <span class='ocrx_word' id='word_1_28' title='bbox 1218 567 1433 607; x_wconf 89' lang='lat' dir='ltr'>immunes</span> <span class='ocrx_word' id='word_1_29' title='bbox 1453 572 1673 607; x_wconf 88' lang='lat' dir='ltr'>tueantur.</span> <span class='ocrx_word' id='word_1_30' title='bbox 1723 565 1827 605; x_wconf 88' lang='lat' dir='ltr'>Ora-</span> 
     </span>
     <span class='ocr_line' id='line_1_5' title="bbox 374 638 1828 696; baseline -0.002 -16"><span class='ocrx_word' id='word_1_31' title='bbox 374 646 442 681; x_wconf 85' lang='lat' dir='ltr'>tor</span> <span class='ocrx_word' id='word_1_32' title='bbox 461 640 570 681; x_wconf 87' lang='lat' dir='ltr'>nihil</span> <span class='ocrx_word' id='word_1_33' title='bbox 590 641 732 681; x_wconf 90' lang='lat' dir='ltr'>minus</span> <span class='ocrx_word' id='word_1_34' title='bbox 755 656 885 696; x_wconf 91' lang='lat' dir='ltr'>quam</span> <span class='ocrx_word' id='word_1_35' title='bbox 909 642 964 681; x_wconf 91' lang='lat' dir='ltr'>ab</span> <span class='ocrx_word' id='word_1_36' title='bbox 992 641 1071 681; x_wconf 91' lang='lat' dir='ltr'>hoc</span> <span class='ocrx_word' id='word_1_37' title='bbox 1098 655 1141 681; x_wconf 78' lang='lat' dir='ltr'>se</span> <span class='ocrx_word' id='word_1_38' title='bbox 1162 640 1385 696; x_wconf 89' lang='lat' dir='ltr'>proposito</span> <span class='ocrx_word' id='word_1_39' title='bbox 1406 639 1575 695; x_wconf 86' lang='lat' dir='ltr'>patitur</span> <span class='ocrx_word' id='word_1_40' title='bbox 1595 638 1828 685; x_wconf 82' lang='lat' dir='ltr'>dimoveri3</span> 
     </span>
     <span class='ocr_line' id='line_1_6' title="bbox 376 710 1830 755; baseline -0.003 -2"><span class='ocrx_word' id='word_1_41' title='bbox 376 713 436 754; x_wconf 90' lang='lat' dir='ltr'>ait</span> <span class='ocrx_word' id='word_1_42' title='bbox 457 713 513 754; x_wconf 88' lang='lat' dir='ltr'>ad</span> <span class='ocrx_word' id='word_1_43' title='bbox 534 728 579 754; x_wconf 88' lang='lat' dir='ltr'>se</span> <span class='ocrx_word' id='word_1_44' title='bbox 608 721 775 755; x_wconf 90' lang='lat' dir='ltr'>certum</span> <span class='ocrx_word' id='word_1_45' title='bbox 809 714 1114 755; x_wconf 89' lang='lat' dir='ltr'>Tabellarium</span> <span class='ocrx_word' id='word_1_46' title='bbox 1145 713 1225 754; x_wconf 92' lang='lat' dir='ltr'>hac</span> <span class='ocrx_word' id='word_1_47' title='bbox 1253 713 1306 753; x_wconf 90' lang='lat' dir='ltr'>de</span> <span class='ocrx_word' id='word_1_48' title='bbox 1337 727 1383 753; x_wconf 88' lang='lat' dir='ltr'>re</span> <span class='ocrx_word' id='word_1_49' title='bbox 1415 726 1468 752; x_wconf 84' lang='lat' dir='ltr'>ex</span> <span class='ocrx_word' id='word_1_50' title='bbox 1499 711 1624 752; x_wconf 84' lang='lat' dir='ltr'>Urbe</span> <span class='ocrx_word' id='word_1_51' title='bbox 1653 710 1830 750; x_wconf 86' lang='lat' dir='ltr'>missum</span> 
     </span>
     <span class='ocr_line' id='line_1_7' title="bbox 374 782 1833 839; baseline -0.002 -14"><span class='ocrx_word' id='word_1_52' title='bbox 374 785 536 836; x_wconf 80' lang='lat' dir='ltr'>fuisse3</span> <span class='ocrx_word' id='word_1_53' title='bbox 578 801 667 826; x_wconf 92' lang='lat' dir='ltr'>rem</span> <span class='ocrx_word' id='word_1_54' title='bbox 700 787 813 827; x_wconf 89' lang='lat' dir='ltr'>tanti</span> <span class='ocrx_word' id='word_1_55' title='bbox 842 801 927 827; x_wconf 90' lang='lat' dir='ltr'>non</span> <span class='ocrx_word' id='word_1_56' title='bbox 959 802 1064 835; x_wconf 83' lang='lat' dir='ltr'>esse,</span> <span class='ocrx_word' id='word_1_57' title='bbox 1102 792 1153 826; x_wconf 89' lang='lat' dir='ltr'>ut</span> <span class='ocrx_word' id='word_1_58' title='bbox 1182 785 1281 826; x_wconf 84' lang='lat' dir='ltr'>ideo</span> <span class='ocrx_word' id='word_1_59' title='bbox 1323 784 1443 825; x_wconf 88' lang='lat' dir='ltr'>Galli</span> <span class='ocrx_word' id='word_1_60' title='bbox 1480 785 1664 839; x_wconf 88' lang='lat' dir='ltr'>majores</span> <span class='ocrx_word' id='word_1_61' title='bbox 1695 782 1833 823; x_wconf 86' lang='lat' dir='ltr'>velint</span> 
     </span>
     <span class='ocr_line' id='line_1_8' title="bbox 377 856 1832 909; baseline -0.001 -10"><span class='ocrx_word' id='word_1_62' title='bbox 377 859 601 899; x_wconf 87' lang='lat' dir='ltr'>conflictus</span> <span class='ocrx_word' id='word_1_63' title='bbox 634 860 847 909; x_wconf 80' lang='lat' dir='ltr'>excitare3</span> <span class='ocrx_word' id='word_1_64' title='bbox 881 858 1031 900; x_wconf 86' lang='lat' dir='ltr'>subdit</span> <span class='ocrx_word' id='word_1_65' title='bbox 1066 865 1214 899; x_wconf 87' lang='lat' dir='ltr'>tamen</span> <span class='ocrx_word' id='word_1_66' title='bbox 1247 873 1291 899; x_wconf 90' lang='lat' dir='ltr'>se</span> <span class='ocrx_word' id='word_1_67' title='bbox 1323 857 1588 899; x_wconf 82' lang='lat' dir='ltr'>commodius</span> <span class='ocrx_word' id='word_1_68' title='bbox 1619 872 1717 897; x_wconf 88' lang='lat' dir='ltr'>cum</span> <span class='ocrx_word' id='word_1_69' title='bbox 1749 856 1832 897; x_wconf 91' lang='lat' dir='ltr'>Le-</span> 
     </span>
     <span class='ocr_line' id='line_1_9' title="bbox 377 929 1836 988; baseline -0.001 -16"><span class='ocrx_word' id='word_1_70' title='bbox 377 932 492 987; x_wconf 88' lang='lat' dir='ltr'>gatis</span> <span class='ocrx_word' id='word_1_71' title='bbox 521 938 620 972; x_wconf 88' lang='lat' dir='ltr'>ante</span> <span class='ocrx_word' id='word_1_72' title='bbox 657 948 756 973; x_wconf 91' lang='lat' dir='ltr'>eum</span> <span class='ocrx_word' id='word_1_73' title='bbox 787 933 901 973; x_wconf 89' lang='lat' dir='ltr'>diem</span> <span class='ocrx_word' id='word_1_74' title='bbox 934 933 1240 988; x_wconf 85' lang='lat' dir='ltr'>loquuturum.</span> <span class='ocrx_word' id='word_1_75' title='bbox 1304 931 1487 972; x_wconf 81' lang='lat' dir='ltr'>Interim</span> <span class='ocrx_word' id='word_1_76' title='bbox 1509 930 1673 986; x_wconf 81' lang='lat' dir='ltr'>Legati</span> <span class='ocrx_word' id='word_1_77' title='bbox 1693 929 1836 970; x_wconf 87' lang='lat' dir='ltr'>delato</span> 
     </span>
     <span class='ocr_line' id='line_1_10' title="bbox 378 1002 1836 1060; baseline -0.001 -16"><span class='ocrx_word' id='word_1_78' title='bbox 378 1004 437 1044; x_wconf 95' lang='lat' dir='ltr'>N.</span> <span class='ocrx_word' id='word_1_79' title='bbox 480 1005 731 1046; x_wconf 87' lang='lat' dir='ltr'>Tabellioni</span> <span class='ocrx_word' id='word_1_80' title='bbox 778 1005 957 1060; x_wconf 86' lang='lat' dir='ltr'>publico</span> <span class='ocrx_word' id='word_1_81' title='bbox 1006 1004 1307 1060; x_wconf 83' lang='lat' dir='ltr'>jurejurando,</span> <span class='ocrx_word' id='word_1_82' title='bbox 1348 1019 1401 1045; x_wconf 91' lang='lat' dir='ltr'>ne</span> <span class='ocrx_word' id='word_1_83' title='bbox 1440 1004 1679 1059; x_wconf 83' lang='lat' dir='ltr'>negotium,</span> <span class='ocrx_word' id='word_1_84' title='bbox 1718 1002 1836 1058; x_wconf 87' lang='lat' dir='ltr'>quod</span> 
     </span>
     <span class='ocr_line' id='line_1_11' title="bbox 378 1077 1835 1133; baseline -0.001 -15"><span class='ocrx_word' id='word_1_85' title='bbox 378 1092 475 1118; x_wconf 90' lang='lat' dir='ltr'>cum</span> <span class='ocrx_word' id='word_1_86' title='bbox 496 1078 570 1118; x_wconf 92' lang='lat' dir='ltr'>illo</span> <span class='ocrx_word' id='word_1_87' title='bbox 593 1079 730 1120; x_wconf 90' lang='lat' dir='ltr'>acturi</span> <span class='ocrx_word' id='word_1_88' title='bbox 752 1085 906 1127; x_wconf 83' lang='lat' dir='ltr'>essent,</span> <span class='ocrx_word' id='word_1_89' title='bbox 930 1079 1187 1133; x_wconf 89' lang='lat' dir='ltr'>priusquam</span> <span class='ocrx_word' id='word_1_90' title='bbox 1209 1077 1450 1133; x_wconf 87' lang='lat' dir='ltr'>perfectum</span> <span class='ocrx_word' id='word_1_91' title='bbox 1478 1083 1602 1125; x_wconf 87' lang='lat' dir='ltr'>esset,</span> <span class='ocrx_word' id='word_1_92' title='bbox 1631 1078 1835 1132; x_wconf 85' lang='lat' dir='ltr'>cuiquam</span> 
     </span>
     <span class='ocr_line' id='line_1_12' title="bbox 376 1150 1835 1208; baseline -0.001 -17"><span class='ocrx_word' id='word_1_93' title='bbox 376 1152 657 1206; x_wconf 80' lang='lat' dir='ltr'>patefaceret,</span> <span class='ocrx_word' id='word_1_94' title='bbox 676 1166 817 1193; x_wconf 85' lang='lat' dir='ltr'>coram</span> <span class='ocrx_word' id='word_1_95' title='bbox 840 1167 904 1200; x_wconf 81' lang='lat' dir='ltr'>eo,</span> <span class='ocrx_word' id='word_1_96' title='bbox 923 1152 1101 1208; x_wconf 87' lang='lat' dir='ltr'>publico</span> <span class='ocrx_word' id='word_1_97' title='bbox 1122 1158 1338 1192; x_wconf 84' lang='lat' dir='ltr'>testantur</span> <span class='ocrx_word' id='word_1_98' title='bbox 1362 1150 1632 1197; x_wconf 83' lang='lat' dir='ltr'>documento,</span> <span class='ocrx_word' id='word_1_99' title='bbox 1651 1164 1697 1190; x_wconf 91' lang='lat' dir='ltr'>se</span> <span class='ocrx_word' id='word_1_100' title='bbox 1718 1164 1835 1189; x_wconf 91' lang='lat' dir='ltr'>man-</span> 
     </span>
     <span class='ocr_line' id='line_1_13' title="bbox 379 1223 1836 1272; baseline -0.001 -8"><span class='ocrx_word' id='word_1_101' title='bbox 379 1224 481 1264; x_wconf 89' lang='lat' dir='ltr'>dato</span> <span class='ocrx_word' id='word_1_102' title='bbox 515 1225 586 1265; x_wconf 68' lang='lat' dir='ltr'>Smi</span> <span class='ocrx_word' id='word_1_103' title='bbox 618 1224 788 1266; x_wconf 89' lang='lat' dir='ltr'>adactos</span> <span class='ocrx_word' id='word_1_104' title='bbox 818 1226 960 1266; x_wconf 87' lang='lat' dir='ltr'>locum</span> <span class='ocrx_word' id='word_1_105' title='bbox 994 1226 1121 1266; x_wconf 89' lang='lat' dir='ltr'>illum</span> <span class='ocrx_word' id='word_1_106' title='bbox 1157 1225 1319 1266; x_wconf 89' lang='lat' dir='ltr'>Comiti</span> <span class='ocrx_word' id='word_1_107' title='bbox 1347 1224 1541 1265; x_wconf 90' lang='lat' dir='ltr'>Lunensi</span> <span class='ocrx_word' id='word_1_108' title='bbox 1573 1223 1836 1272; x_wconf 84' lang='lat' dir='ltr'>decrevisse;</span> 
     </span>
     <span class='ocr_line' id='line_1_14' title="bbox 378 1296 1838 1354; baseline 0.001 -16"><span class='ocrx_word' id='word_1_109' title='bbox 378 1298 442 1338; x_wconf 89' lang='lat' dir='ltr'>ita</span> <span class='ocrx_word' id='word_1_110' title='bbox 471 1304 615 1338; x_wconf 88' lang='lat' dir='ltr'>tamen</span> <span class='ocrx_word' id='word_1_111' title='bbox 656 1313 708 1338; x_wconf 91' lang='lat' dir='ltr'>ne</span> <span class='ocrx_word' id='word_1_112' title='bbox 745 1298 1054 1354; x_wconf 81' lang='lat' dir='ltr'>praejudicium</span> <span class='ocrx_word' id='word_1_113' title='bbox 1097 1298 1240 1338; x_wconf 90' lang='lat' dir='ltr'>ullum</span> <span class='ocrx_word' id='word_1_114' title='bbox 1274 1299 1515 1352; x_wconf 81' lang='lat' dir='ltr'>cuicunque</span> <span class='ocrx_word' id='word_1_115' title='bbox 1553 1296 1678 1338; x_wconf 89' lang='lat' dir='ltr'>alteri</span> <span class='ocrx_word' id='word_1_116' title='bbox 1710 1296 1838 1352; x_wconf 86' lang='lat' dir='ltr'>Regi,</span> 
     </span>
     <span class='ocr_line' id='line_1_15' title="bbox 380 1368 1902 1426; baseline -0.001 -16"><span class='ocrx_word' id='word_1_117' title='bbox 380 1368 678 1426; x_wconf 82' lang='lat' dir='ltr'>Principique,</span> <span class='ocrx_word' id='word_1_118' title='bbox 712 1385 918 1410; x_wconf 80' lang='lat' dir='ltr'>eorumve</span> <span class='ocrx_word' id='word_1_119' title='bbox 950 1370 1213 1411; x_wconf 85' lang='lat' dir='ltr'>Oratoribus</span> <span class='ocrx_word' id='word_1_120' title='bbox 1241 1370 1410 1410; x_wconf 87' lang='lat' dir='ltr'>illatum</span> <span class='ocrx_word' id='word_1_121' title='bbox 1440 1384 1544 1418; x_wconf 77' lang='lat' dir='ltr'>esse,</span> <span class='ocrx_word' id='word_1_122' title='bbox 1568 1375 1657 1409; x_wconf 88' lang='lat' dir='ltr'>tam</span> <span class='ocrx_word' id='word_1_123' title='bbox 1678 1369 1721 1408; x_wconf 92' lang='lat' dir='ltr'>in</span> <span class='ocrx_word' id='word_1_124' title='bbox 1742 1383 1837 1424; x_wconf 89' lang='lat' dir='ltr'>pos-</span> <span class='ocrx_word' id='word_1_125' title='bbox 1895 1399 1902 1408; x_wconf 81' lang='grc'><strong><em>,</em></strong></span> 
     </span>
     <span class='ocr_line' id='line_1_16' title="bbox 381 1443 1517 1499; baseline -0.001 -16"><span class='ocrx_word' id='word_1_126' title='bbox 381 1444 577 1492; x_wconf 78' lang='lat' dir='ltr'>sessorio,</span> <span class='ocrx_word' id='word_1_127' title='bbox 602 1458 732 1498; x_wconf 87' lang='lat' dir='ltr'>quam</span> <span class='ocrx_word' id='word_1_128' title='bbox 755 1444 798 1483; x_wconf 87' lang='lat' dir='ltr'>in</span> <span class='ocrx_word' id='word_1_129' title='bbox 820 1444 1025 1498; x_wconf 93' lang='lat' dir='ltr'>petitorio</span> <span class='ocrx_word' id='word_1_130' title='bbox 1043 1443 1209 1498; x_wconf 70' lang='lat' dir='ltr'>Judicio</span> <span class='ocrx_word' id='word_1_131' title='bbox 1232 1443 1517 1499; x_wconf 82' lang='lat' dir='ltr'>intelligatur.</span> 
     </span>
    </p>

    <p class='ocr_par' dir='ltr' id='par_1_3' title="bbox 381 1510 1903 2805">
     <span class='ocr_line' id='line_1_17' title="bbox 439 1510 1902 1571; baseline 0 -15"><span class='ocrx_word' id='word_1_132' title='bbox 439 1516 527 1557; x_wconf 88' lang='lat' dir='ltr'>Die</span> <span class='ocrx_word' id='word_1_133' title='bbox 549 1517 800 1564; x_wconf 82' lang='lat' dir='ltr'>constituto,</span> <span class='ocrx_word' id='word_1_134' title='bbox 834 1517 910 1571; x_wconf 92' lang='lat' dir='ltr'>qui</span> <span class='ocrx_word' id='word_1_135' title='bbox 932 1523 1024 1557; x_wconf 86' lang='lat' dir='ltr'>erat</span> <span class='ocrx_word' id='word_1_136' title='bbox 1047 1517 1113 1558; x_wconf 76' lang='lat'>28¹</span> <span class='ocrx_word' id='word_1_137' title='bbox 1138 1517 1168 1557; x_wconf 87' lang='lat' dir='ltr'><strong>J</strong></span> <span class='ocrx_word' id='word_1_138' title='bbox 1173 1517 1276 1564; x_wconf 87' lang='lat' dir='ltr'>unii,</span> <span class='ocrx_word' id='word_1_139' title='bbox 1310 1532 1408 1556; x_wconf 88' lang='lat' dir='ltr'>cum</span> <span class='ocrx_word' id='word_1_140' title='bbox 1433 1517 1591 1557; x_wconf 86' lang='lat' dir='ltr'>Orator</span> <span class='ocrx_word' id='word_1_141' title='bbox 1612 1516 1841 1571; x_wconf 87' lang='lat' dir='ltr'>Hispanus</span> <span class='ocrx_word' id='word_1_142' title='bbox 1896 1510 1902 1530; x_wconf 53' lang='lat'>⁴</span> 
     </span>
     <span class='ocr_line' id='line_1_18' title="bbox 382 1574 1903 1644; baseline 0.001 -15"><span class='ocrx_word' id='word_1_143' title='bbox 382 1589 574 1644; x_wconf 86' lang='lat' dir='ltr'>Legatos</span> <span class='ocrx_word' id='word_1_144' title='bbox 602 1603 688 1628; x_wconf 92' lang='lat' dir='ltr'>non</span> <span class='ocrx_word' id='word_1_145' title='bbox 723 1589 1004 1637; x_wconf 66' lang='lat' dir='ltr'>convenisset,</span> <span class='ocrx_word' id='word_1_146' title='bbox 1043 1596 1221 1644; x_wconf 86' lang='lat' dir='ltr'>sperant</span> <span class='ocrx_word' id='word_1_147' title='bbox 1251 1589 1315 1629; x_wconf 89' lang='lat' dir='ltr'>illi</span> <span class='ocrx_word' id='word_1_148' title='bbox 1346 1604 1440 1629; x_wconf 90' lang='lat' dir='ltr'>eam</span> <span class='ocrx_word' id='word_1_149' title='bbox 1463 1589 1726 1630; x_wconf 88' lang='lat' dir='ltr'>sententiam</span> <span class='ocrx_word' id='word_1_150' title='bbox 1750 1604 1840 1629; x_wconf 87' lang='lat' dir='ltr'>mu·</span> <span class='ocrx_word' id='word_1_151' title='bbox 1894 1574 1903 1631; x_wconf 49' lang='lat' dir='ltr'>{t</span> 
     </span>
     <span class='ocr_line' id='line_1_19' title="bbox 381 1660 1840 1717; baseline -0.002 -16"><span class='ocrx_word' id='word_1_152' title='bbox 381 1668 511 1701; x_wconf 86' lang='lat' dir='ltr'>tasse.</span> <span class='ocrx_word' id='word_1_153' title='bbox 573 1660 739 1701; x_wconf 87' lang='lat' dir='ltr'>Verum</span> <span class='ocrx_word' id='word_1_154' title='bbox 762 1660 832 1701; x_wconf 90' lang='lat' dir='ltr'>die</span> <span class='ocrx_word' id='word_1_155' title='bbox 856 1661 924 1708; x_wconf 78' lang='grc'>29,</span> <span class='ocrx_word' id='word_1_156' title='bbox 952 1661 1048 1717; x_wconf 89' lang='lat' dir='ltr'>ipso</span> <span class='ocrx_word' id='word_1_157' title='bbox 1081 1661 1152 1702; x_wconf 86' lang='lat' dir='ltr'>die</span> <span class='ocrx_word' id='word_1_158' title='bbox 1184 1663 1294 1702; x_wconf 85' lang='lat' dir='ltr'>festo</span> <span class='ocrx_word' id='word_1_159' title='bbox 1325 1662 1375 1701; x_wconf 67' lang='lat' dir='ltr'>Sti</span> <span class='ocrx_word' id='word_1_160' title='bbox 1401 1662 1533 1710; x_wconf 83' lang='lat' dir='ltr'>Petri,</span> <span class='ocrx_word' id='word_1_161' title='bbox 1556 1662 1690 1717; x_wconf 88' lang='lat' dir='ltr'>paulo</span> <span class='ocrx_word' id='word_1_162' title='bbox 1723 1668 1840 1702; x_wconf 87' lang='lat' dir='ltr'>ante·</span> 
     </span>
     <span class='ocr_line' id='line_1_20' title="bbox 384 1729 1840 1791; baseline 0.002 -17"><span class='ocrx_word' id='word_1_163' title='bbox 384 1748 513 1789; x_wconf 89' lang='lat' dir='ltr'>quam</span> <span class='ocrx_word' id='word_1_164' title='bbox 535 1733 580 1773; x_wconf 90' lang='lat' dir='ltr'>in</span> <span class='ocrx_word' id='word_1_165' title='bbox 603 1732 740 1773; x_wconf 79' lang='lat' dir='ltr'>aedem</span> <span class='ocrx_word' id='word_1_166' title='bbox 763 1748 928 1774; x_wconf 87' lang='lat' dir='ltr'>sacram</span> <span class='ocrx_word' id='word_1_167' title='bbox 950 1734 1178 1789; x_wconf 83' lang='lat' dir='ltr'>prodeant,</span> <span class='ocrx_word' id='word_1_168' title='bbox 1214 1734 1298 1774; x_wconf 90' lang='lat' dir='ltr'>illis</span> <span class='ocrx_word' id='word_1_169' title='bbox 1317 1729 1541 1791; x_wconf 66' lang='lat' dir='ltr'>&#39;significat</span> <span class='ocrx_word' id='word_1_170' title='bbox 1562 1735 1840 1777; x_wconf 89' lang='lat' dir='ltr'>constitutum</span> 
     </span>
     <span class='ocr_line' id='line_1_21' title="bbox 383 1806 1844 1862; baseline 0.001 -16"><span class='ocrx_word' id='word_1_171' title='bbox 383 1806 467 1846; x_wconf 90' lang='lat' dir='ltr'>sibi</span> <span class='ocrx_word' id='word_1_172' title='bbox 489 1820 580 1846; x_wconf 88' lang='lat' dir='ltr'>esse</span> <span class='ocrx_word' id='word_1_173' title='bbox 602 1820 651 1846; x_wconf 94' lang='lat' dir='ltr'>eo</span> <span class='ocrx_word' id='word_1_174' title='bbox 671 1820 811 1854; x_wconf 68' lang='lat' dir='ltr'>mane,</span> <span class='ocrx_word' id='word_1_175' title='bbox 835 1820 932 1846; x_wconf 90' lang='lat' dir='ltr'>cum</span> <span class='ocrx_word' id='word_1_176' title='bbox 955 1806 1056 1853; x_wconf 87' lang='lat' dir='ltr'>illis,</span> <span class='ocrx_word' id='word_1_177' title='bbox 1079 1807 1210 1847; x_wconf 86' lang='lat' dir='ltr'>sacris</span> <span class='ocrx_word' id='word_1_178' title='bbox 1242 1807 1448 1847; x_wconf 87' lang='lat' dir='ltr'>interesse</span> <span class='ocrx_word' id='word_1_179' title='bbox 1468 1824 1478 1857; x_wconf 80' lang='lat'>3</span> <span class='ocrx_word' id='word_1_180' title='bbox 1513 1822 1764 1862; x_wconf 87' lang='lat' dir='ltr'>cupereque</span> <span class='ocrx_word' id='word_1_181' title='bbox 1792 1814 1844 1848; x_wconf 88' lang='lat' dir='ltr'>ut</span> 
     </span>
     <span class='ocr_line' id='line_1_22' title="bbox 384 1878 1903 1934; baseline -0.002 -15"><span class='ocrx_word' id='word_1_182' title='bbox 384 1885 597 1919; x_wconf 81' lang='lat' dir='ltr'>conventa</span> <span class='ocrx_word' id='word_1_183' title='bbox 618 1878 701 1918; x_wconf 88' lang='lat' dir='ltr'>sibi</span> <span class='ocrx_word' id='word_1_184' title='bbox 728 1878 867 1918; x_wconf 87' lang='lat' dir='ltr'>officia</span> <span class='ocrx_word' id='word_1_185' title='bbox 896 1878 1218 1934; x_wconf 88' lang='lat' dir='ltr'>impendantur.</span> <span class='ocrx_word' id='word_1_186' title='bbox 1283 1878 1557 1920; x_wconf 86' lang='lat' dir='ltr'>Incredibilis</span> <span class='ocrx_word' id='word_1_187' title='bbox 1585 1886 1678 1920; x_wconf 87' lang='lat' dir='ltr'>tum</span> <span class='ocrx_word' id='word_1_188' title='bbox 1712 1879 1843 1920; x_wconf 89' lang='lat' dir='ltr'>animi</span> <span class='ocrx_word' id='word_1_189' title='bbox 1894 1883 1903 1916; x_wconf 77' lang='grc' dir='ltr'>Ξ</span> 
     </span>
     <span class='ocr_line' id='line_1_23' title="bbox 384 1951 1902 2008; baseline 0.001 -17"><span class='ocrx_word' id='word_1_190' title='bbox 384 1966 487 1992; x_wconf 89' lang='lat' dir='ltr'>cura</span> <span class='ocrx_word' id='word_1_191' title='bbox 502 1951 697 2007; x_wconf 85' lang='lat' dir='ltr'>Legatos</span> <span class='ocrx_word' id='word_1_192' title='bbox 719 1958 928 2007; x_wconf 77' lang='lat' dir='ltr'>occupat3</span> <span class='ocrx_word' id='word_1_193' title='bbox 953 1951 1157 2006; x_wconf 82' lang='lat' dir='ltr'>quoniam</span> <span class='ocrx_word' id='word_1_194' title='bbox 1179 1957 1325 1992; x_wconf 87' lang='lat' dir='ltr'>tamen</span> <span class='ocrx_word' id='word_1_195' title='bbox 1342 1951 1713 2008; x_wconf 85' lang='lat' dir='ltr'>progrediendum</span> <span class='ocrx_word' id='word_1_196' title='bbox 1737 1958 1841 1998; x_wconf 85' lang='lat' dir='ltr'>erat,</span> <span class='ocrx_word' id='word_1_197' title='bbox 1894 1987 1902 2003; x_wconf 65' lang='lat'><strong><em>„</em></strong></span> 
     </span>
     <span class='ocr_line' id='line_1_24' title="bbox 385 2024 1844 2080; baseline 0.001 -16"><span class='ocrx_word' id='word_1_198' title='bbox 385 2038 507 2079; x_wconf 90' lang='lat' dir='ltr'>spem</span> <span class='ocrx_word' id='word_1_199' title='bbox 530 2026 710 2080; x_wconf 89' lang='lat' dir='ltr'>capiunt</span> <span class='ocrx_word' id='word_1_200' title='bbox 732 2040 784 2065; x_wconf 84' lang='lat' dir='ltr'>ex</span> <span class='ocrx_word' id='word_1_201' title='bbox 807 2024 1120 2072; x_wconf 87' lang='lat' dir='ltr'>taciturnitate,</span> <span class='ocrx_word' id='word_1_202' title='bbox 1153 2031 1204 2065; x_wconf 90' lang='lat' dir='ltr'>ut</span> <span class='ocrx_word' id='word_1_203' title='bbox 1226 2025 1379 2066; x_wconf 87' lang='lat' dir='ltr'>minori</span> <span class='ocrx_word' id='word_1_204' title='bbox 1402 2026 1597 2066; x_wconf 86' lang='lat' dir='ltr'>tumultu</span> <span class='ocrx_word' id='word_1_205' title='bbox 1619 2040 1688 2066; x_wconf 89' lang='lat' dir='ltr'>res</span> <span class='ocrx_word' id='word_1_206' title='bbox 1710 2025 1844 2080; x_wconf 87' lang='lat' dir='ltr'>possit</span> 
     </span>
     <span class='ocr_line' id='line_1_25' title="bbox 386 2097 1896 2153; baseline 0.002 -16"><span class='ocrx_word' id='word_1_207' title='bbox 386 2097 630 2146; x_wconf 83' lang='lat' dir='ltr'>succedere,</span> <span class='ocrx_word' id='word_1_208' title='bbox 674 2112 774 2153; x_wconf 78' lang='lat' dir='ltr'>quae</span> <span class='ocrx_word' id='word_1_209' title='bbox 816 2099 1017 2139; x_wconf 90' lang='lat' dir='ltr'>omnibus</span> <span class='ocrx_word' id='word_1_210' title='bbox 1057 2099 1224 2139; x_wconf 90' lang='lat' dir='ltr'>occulta</span> <span class='ocrx_word' id='word_1_211' title='bbox 1266 2105 1369 2139; x_wconf 89' lang='lat' dir='ltr'>erat.</span> <span class='ocrx_word' id='word_1_212' title='bbox 1432 2097 1570 2139; x_wconf 87' lang='lat' dir='ltr'>Missa</span> <span class='ocrx_word' id='word_1_213' title='bbox 1603 2098 1841 2141; x_wconf 87' lang='lat' dir='ltr'>inchoatur.</span> <span class='ocrx_word' id='word_1_214' title='bbox 1891 2117 1896 2129; x_wconf 88' lang='grc'>·</span> 
     </span>
     <span class='ocr_line' id='line_1_26' title="bbox 387 2169 1844 2227; baseline 0.002 -18"><span class='ocrx_word' id='word_1_215' title='bbox 387 2169 582 2210; x_wconf 83' lang='lat' dir='ltr'>Advenit</span> <span class='ocrx_word' id='word_1_216' title='bbox 606 2170 765 2210; x_wconf 88' lang='lat' dir='ltr'>Orator</span> <span class='ocrx_word' id='word_1_217' title='bbox 787 2170 1029 2225; x_wconf 88' lang='lat' dir='ltr'>Hispanus,</span> <span class='ocrx_word' id='word_1_218' title='bbox 1059 2172 1127 2211; x_wconf 91' lang='lat' dir='ltr'>cui</span> <span class='ocrx_word' id='word_1_219' title='bbox 1146 2171 1268 2212; x_wconf 88' lang='lat' dir='ltr'>locus</span> <span class='ocrx_word' id='word_1_220' title='bbox 1290 2171 1421 2212; x_wconf 88' lang='lat' dir='ltr'>datur</span> <span class='ocrx_word' id='word_1_221' title='bbox 1445 2187 1498 2212; x_wconf 86' lang='lat' dir='ltr'>ex</span> <span class='ocrx_word' id='word_1_222' title='bbox 1530 2172 1668 2212; x_wconf 89' lang='lat' dir='ltr'>latere</span> <span class='ocrx_word' id='word_1_223' title='bbox 1702 2172 1844 2227; x_wconf 88' lang='lat' dir='ltr'>Lega-</span> 
     </span>
     <span class='ocr_line' id='line_1_27' title="bbox 386 2243 1845 2299; baseline 0.002 -17"><span class='ocrx_word' id='word_1_224' title='bbox 386 2249 545 2288; x_wconf 87' lang='lat' dir='ltr'>torum,</span> <span class='ocrx_word' id='word_1_225' title='bbox 570 2243 779 2283; x_wconf 91' lang='lat' dir='ltr'>subsellio</span> <span class='ocrx_word' id='word_1_226' title='bbox 803 2250 1054 2299; x_wconf 74' lang='lat' dir='ltr'>praeparato</span> <span class='ocrx_word' id='word_1_227' title='bbox 1087 2250 1187 2284; x_wconf 89' lang='lat' dir='ltr'>ante</span> <span class='ocrx_word' id='word_1_228' title='bbox 1219 2243 1341 2284; x_wconf 89' lang='lat' dir='ltr'>sedes</span> <span class='ocrx_word' id='word_1_229' title='bbox 1364 2244 1733 2292; x_wconf 88' lang='lat' dir='ltr'>Patriarcharum,</span> <span class='ocrx_word' id='word_1_230' title='bbox 1756 2245 1845 2286; x_wconf 86' lang='lat' dir='ltr'>fere</span> 
     </span>
     <span class='ocr_line' id='line_1_28' title="bbox 389 2309 1898 2372; baseline 0.001 -16"><span class='ocrx_word' id='word_1_231' title='bbox 389 2331 412 2356; x_wconf 91' lang='lat' dir='ltr'>e</span> <span class='ocrx_word' id='word_1_232' title='bbox 444 2316 625 2372; x_wconf 88' lang='lat' dir='ltr'>regione</span> <span class='ocrx_word' id='word_1_233' title='bbox 649 2316 835 2357; x_wconf 89' lang='lat' dir='ltr'>aliorum</span> <span class='ocrx_word' id='word_1_234' title='bbox 865 2317 1102 2358; x_wconf 89' lang='lat' dir='ltr'>Oratorum</span> <span class='ocrx_word' id='word_1_235' title='bbox 1134 2318 1382 2358; x_wconf 87' lang='lat' dir='ltr'>Laicorum.</span> <span class='ocrx_word' id='word_1_236' title='bbox 1446 2316 1669 2358; x_wconf 77' lang='lat' dir='ltr'>Mirantur</span> <span class='ocrx_word' id='word_1_237' title='bbox 1699 2331 1845 2358; x_wconf 89' lang='lat' dir='ltr'>omnes</span> <span class='ocrx_word' id='word_1_238' title='bbox 1890 2309 1898 2363; x_wconf 57' lang='grc' dir='ltr'>’,Ῐ</span> 
     </span>
     <span class='ocr_line' id='line_1_29' title="bbox 389 2388 1895 2445; baseline -0.001 -17"><span class='ocrx_word' id='word_1_239' title='bbox 389 2403 439 2429; x_wconf 92' lang='lat' dir='ltr'>eo</span> <span class='ocrx_word' id='word_1_240' title='bbox 473 2388 759 2438; x_wconf 81' lang='lat' dir='ltr'>adveniente3</span> <span class='ocrx_word' id='word_1_241' title='bbox 801 2389 1052 2431; x_wconf 84' lang='lat' dir='ltr'>existimant</span> <span class='ocrx_word' id='word_1_242' title='bbox 1085 2397 1231 2431; x_wconf 90' lang='lat' dir='ltr'>tamen</span> <span class='ocrx_word' id='word_1_243' title='bbox 1267 2405 1357 2430; x_wconf 90' lang='lat' dir='ltr'>rem</span> <span class='ocrx_word' id='word_1_244' title='bbox 1395 2405 1449 2430; x_wconf 83' lang='lat' dir='ltr'>ex</span> <span class='ocrx_word' id='word_1_245' title='bbox 1479 2391 1713 2445; x_wconf 89' lang='lat' dir='ltr'>composito</span> <span class='ocrx_word' id='word_1_246' title='bbox 1748 2405 1844 2431; x_wconf 88' lang='lat' dir='ltr'>cum</span> <span class='ocrx_word' id='word_1_247' title='bbox 1887 2407 1895 2427; x_wconf 66' lang='grc' dir='ltr'>ε,</span> 
     </span>
     <span class='ocr_line' id='line_1_30' title="bbox 391 2459 1843 2518; baseline 0.001 -18"><span class='ocrx_word' id='word_1_248' title='bbox 391 2459 535 2500; x_wconf 88' lang='lat' dir='ltr'>Gallis</span> <span class='ocrx_word' id='word_1_249' title='bbox 569 2461 674 2515; x_wconf 90' lang='lat' dir='ltr'>geri.</span> <span class='ocrx_word' id='word_1_250' title='bbox 739 2461 862 2501; x_wconf 87' lang='lat' dir='ltr'>Galli</span> <span class='ocrx_word' id='word_1_251' title='bbox 894 2461 1002 2502; x_wconf 88' lang='lat' dir='ltr'>nihil</span> <span class='ocrx_word' id='word_1_252' title='bbox 1034 2462 1119 2503; x_wconf 92' lang='lat' dir='ltr'>loci</span> <span class='ocrx_word' id='word_1_253' title='bbox 1151 2464 1244 2518; x_wconf 86' lang='lat' dir='ltr'>ejus</span> <span class='ocrx_word' id='word_1_254' title='bbox 1279 2462 1571 2518; x_wconf 87' lang='lat' dir='ltr'>assignatione</span> <span class='ocrx_word' id='word_1_255' title='bbox 1602 2462 1843 2510; x_wconf 77' lang='lat' dir='ltr'>laeduntur,</span> 
     </span>
     <span class='ocr_line' id='line_1_31' title="bbox 389 2529 1898 2591; baseline 0.001 -18"><span class='ocrx_word' id='word_1_256' title='bbox 389 2548 485 2573; x_wconf 91' lang='lat' dir='ltr'>cum</span> <span class='ocrx_word' id='word_1_257' title='bbox 521 2539 646 2573; x_wconf 85' lang='lat' dir='ltr'>extra</span> <span class='ocrx_word' id='word_1_258' title='bbox 677 2532 871 2574; x_wconf 89' lang='lat' dir='ltr'>ordinem</span> <span class='ocrx_word' id='word_1_259' title='bbox 906 2541 1028 2582; x_wconf 88' lang='lat' dir='ltr'>esset,</span> <span class='ocrx_word' id='word_1_260' title='bbox 1071 2535 1243 2590; x_wconf 86' lang='lat' dir='ltr'>ipsique</span> <span class='ocrx_word' id='word_1_261' title='bbox 1285 2550 1413 2575; x_wconf 90' lang='lat' dir='ltr'>suum</span> <span class='ocrx_word' id='word_1_262' title='bbox 1449 2536 1682 2591; x_wconf 89' lang='lat' dir='ltr'>antiquum</span> <span class='ocrx_word' id='word_1_263' title='bbox 1717 2537 1847 2591; x_wconf 88' lang='lat' dir='ltr'>juxta</span> <span class='ocrx_word' id='word_1_264' title='bbox 1890 2529 1898 2562; x_wconf 55' lang='grc' dir='ltr'>’ἶ</span> 
     </span>
     <span class='ocr_line' id='line_1_32' title="bbox 392 2602 1888 2648; baseline 0.001 -3"><span class='ocrx_word' id='word_1_265' title='bbox 392 2606 597 2646; x_wconf 87' lang='lat' dir='ltr'>Oratores</span> <span class='ocrx_word' id='word_1_266' title='bbox 619 2605 843 2647; x_wconf 79' lang='lat' dir='ltr'>Caesareos</span> <span class='ocrx_word' id='word_1_267' title='bbox 873 2608 1121 2648; x_wconf 87' lang='lat' dir='ltr'>retinerent.</span> <span class='ocrx_word' id='word_1_268' title='bbox 1184 2607 1301 2647; x_wconf 92' lang='lat' dir='ltr'>Tum</span> <span class='ocrx_word' id='word_1_269' title='bbox 1336 2607 1585 2648; x_wconf 84' lang='lat' dir='ltr'>Cardinalis</span> <span class='ocrx_word' id='word_1_270' title='bbox 1616 2606 1844 2648; x_wconf 90' lang='lat' dir='ltr'>Lotharin-</span> <span class='ocrx_word' id='word_1_271' title='bbox 1882 2602 1888 2608; x_wconf 61' lang='grc'>’</span> 
     </span>
     <span class='ocr_line' id='line_1_33' title="bbox 393 2672 1896 2736; baseline 0.002 -18"><span class='ocrx_word' id='word_1_272' title='bbox 393 2679 491 2733; x_wconf 89' lang='lat' dir='ltr'>gius</span> <span class='ocrx_word' id='word_1_273' title='bbox 533 2679 740 2719; x_wconf 88' lang='lat' dir='ltr'>sciscitari</span> <span class='ocrx_word' id='word_1_274' title='bbox 780 2679 933 2734; x_wconf 91' lang='lat' dir='ltr'>incipit</span> <span class='ocrx_word' id='word_1_275' title='bbox 975 2695 999 2720; x_wconf 89' lang='lat' dir='ltr'>a</span> <span class='ocrx_word' id='word_1_276' title='bbox 1042 2680 1225 2735; x_wconf 87' lang='lat' dir='ltr'>Legatis</span> <span class='ocrx_word' id='word_1_277' title='bbox 1265 2681 1488 2735; x_wconf 83' lang='lat' dir='ltr'>proximis,</span> <span class='ocrx_word' id='word_1_278' title='bbox 1522 2680 1629 2736; x_wconf 89' lang='lat' dir='ltr'>quid</span> <span class='ocrx_word' id='word_1_279' title='bbox 1668 2680 1842 2721; x_wconf 89' lang='lat' dir='ltr'>tandem</span> <span class='ocrx_word' id='word_1_280' title='bbox 1895 2672 1896 2677; x_wconf 27' lang='lat'>¹</span> 
     </span>
     <span class='ocr_line' id='line_1_34' title="bbox 392 2751 1892 2805; baseline 0.001 -14"><span class='ocrx_word' id='word_1_281' title='bbox 392 2751 611 2805; x_wconf 84' lang='lat' dir='ltr'>agendum</span> <span class='ocrx_word' id='word_1_282' title='bbox 634 2751 688 2791; x_wconf 91' lang='lat' dir='ltr'>sit</span> <span class='ocrx_word' id='word_1_283' title='bbox 709 2752 753 2791; x_wconf 93' lang='lat' dir='ltr'>in</span> <span class='ocrx_word' id='word_1_284' title='bbox 776 2751 1003 2792; x_wconf 89' lang='lat' dir='ltr'>thuribulo</span> <span class='ocrx_word' id='word_1_285' title='bbox 1026 2759 1068 2792; x_wconf 89' lang='lat' dir='ltr'>et</span> <span class='ocrx_word' id='word_1_286' title='bbox 1090 2752 1202 2792; x_wconf 90' lang='lat' dir='ltr'>Pace</span> <span class='ocrx_word' id='word_1_287' title='bbox 1224 2752 1457 2794; x_wconf 83' lang='lat' dir='ltr'>offerenda.</span> <span class='ocrx_word' id='word_1_288' title='bbox 1505 2752 1579 2793; x_wconf 90' lang='lat' dir='ltr'>Illi</span> <span class='ocrx_word' id='word_1_289' title='bbox 1601 2753 1843 2799; x_wconf 86' lang='lat' dir='ltr'>mussitant,</span> <span class='ocrx_word' id='word_1_290' title='bbox 1886 2781 1892 2792; x_wconf 53' lang='lat'><em>2</em></span> 
     </span>
    </p>
   </div>
   <div class='ocr_carea' id='block_1_3' title="bbox 956 2840 1288 2879">
    <p class='ocr_par' dir='ltr' id='par_1_4' title="bbox 956 2840 1288 2879">
     <span class='ocr_line' id='line_1_35' title="bbox 956 2840 1288 2879; baseline 0.006 -11"><span class='ocrx_word' id='word_1_291' title='bbox 956 2840 962 2856; x_wconf 89' lang='lat'>¹</span> <span class='ocrx_word' id='word_1_292' title='bbox 994 2840 1153 2879; x_wconf 83' lang='lat' dir='ltr'>Raynald.</span> <span class='ocrx_word' id='word_1_293' title='bbox 1167 2840 1220 2870; x_wconf 80' lang='lat' dir='ltr'>has</span> <span class='ocrx_word' id='word_1_294' title='bbox 1239 2840 1288 2870; x_wconf 81' lang='lat'>27.</span> 
     </span>
    </p>
   </div>
   <div class='ocr_carea' id='block_1_4' title="bbox 1850 210 1905 3254">
    <p class='ocr_par' dir='ltr' id='par_1_5' title="bbox 1850 210 1905 3254">
     <span class='ocr_line' id='line_1_36' title="bbox 1850 210 1905 3254; baseline 0 0"><span class='ocrx_word' id='word_1_295' title='bbox 1850 210 1905 3254; x_wconf 95' lang='lat' dir='ltr'> </span> 
     </span>
    </p>
   </div>
  </div>
 </body>
</html>
