1905 3254
1071 270 1097 309 6

367 399 617 447 separatum
649 390 867 439 volumen,
898 387 1012 429 unde
1040 385 1318 442 cupientibus
1340 384 1512 439 plenius
1533 383 1625 424 haec
1645 382 1820 423 haurire

367 466 509 512 liceat,
533 465 852 519 conjiceremus.
915 461 1141 515 Praecipue
1164 460 1264 499 vero
1300 457 1344 497 id
1373 457 1495 497 nobis
1517 457 1631 497 cordi
1653 457 1749 504 fuit,
1773 464 1822 506 ut

368 540 526 579 sincere
550 537 842 592 fideliterque,
861 551 944 576 11011
964 540 1119 575 cuncta
1139 531 1317 588 quidem
1335 546 1434 586 quae
1459 529 1706 572 acciderunt
1726 545 1821 585 per-

369 613 668 659 scriberemus,
696 611 813 666 (quis
845 611 956 651 enim
992 608 1038 648 id
1069 607 1217 663 possit,
1242 613 1319 647 aut
1351 605 1538 661 legendo
1560 605 1658 659 quis
1693 604 1824 644 ctiam

368 684 412 725 id
435 684 546 724 ferat
561 685 595 735 ?)
634 681 711 722 sed
745 682 857 723 certe
887 688 937 722 ut
967 680 1120 727 omnia,
1145 694 1245 734 quae
1268 677 1669 719 commemoratione
1692 675 1826 731 digna

370 763 524 804 essent,
567 762 610 796 et
651 770 749 795 cum
790 756 973 795 veritate
1019 754 1115 808 ipsa
1159 751 1445 793 consentirent
1496 763 1825 790 recenseremus.

373 830 502 881 Quod
523 829 700 885 quidem
721 828 927 876 homines,
950 827 984 867 si
1005 827 1120 882 aequi
1143 840 1286 866 rerum
1305 824 1574 865 estimatores
1596 837 1687 863 esse
1706 822 1825 862 volu-

372 904 495 952 erint,
518 903 603 942 sibi
634 907 842 957 poterunt
873 900 1003 956 plane
1039 898 1316 955 persuadere,
1340 897 1417 952 qui
1437 896 1528 937 haec
1550 910 1639 945 1105,
1660 910 1743 935 11011
1772 895 1826 935 ab

374 977 469 1018 aliis
487 981 821 1016 commemorata
845 973 1139 1027 conscriptave
1163 971 1388 1026 accepisse,
1413 968 1489 1009 sed
1508 983 1584 1008 nos
1604 968 1731 1023 ipsos,
1753 968 1830 1023 qui

373 1066 398 1090 a
432 1048 609 1089 secretis
642 1047 920 1101 consiliisque
953 1046 1203 1102 legatorum
1240 1058 1423 1084 eramus,
1448 1044 1610 1097 vixque
1633 1057 1827 1096 unquam

374 1123 430 1163 ab
461 1122 654 1177 ipsorum
682 1120 820 1160 latere
842 1117 1189 1166 discedebamus,
1210 1117 1394 1171 singulis
1422 1116 1510 1156 fere
1545 1115 1677 1156 rebus
1698 1117 1827 1157 inter-

373 1195 520 1243 fuisse,
557 1208 698 1248 eaque
736 1207 811 1232 nos
852 1191 1027 1241 vidisse,
1069 1190 1348 1246 plurimaque
1385 1204 1438 1230 ex
1470 1203 1647 1229 munere
1684 1196 1830 1230 nostro

374 1266 609 1310 eorundem
630 1266 878 1321 legatorum
909 1268 1037 1320 jussu
1057 1278 1133 1303 nos
1154 1269 1361 1303 tractasse
1395 1268 1529 1317 atque
1552 1262 1748 1317 gessisse,
1770 1262 1831 1302 in·

374 1341 590 1395 telligent.
655 1337 795 1394 Cujus
816 1338 892 1387 rei,
923 1345 1018 1378 tum
1049 1336 1349 1378 conscientiam
1370 1350 1525 1383 meam,
1549 1342 1644 1375 tum
1667 1336 1831 1391 gravis—

375 1415 504 1455 simos
534 1412 695 1453 multos
731 1412 898 1458 Patres,
941 1411 1018 1467 qui
1052 1410 1275 1451 nobiscum
1315 1408 1490 1449 concilio
1525 1408 1831 1455 interfuerunt,

374 1487 516 1528 adhuc
548 1486 821 1541 superstites,
863 1492 1043 1541 possunt
1084 1490 1217 1524 testes
1256 1482 1477 1530 nominari,
1518 1482 1695 1538 quibus,
1733 1498 1831 1522 cum

378 1560 655 1615 scriptionem
676 1558 787 1599 hanc
809 1565 961 1608 totam,
983 1564 1218 1612 antequam
1243 1571 1338 1596 eam
1357 1555 1435 1596 hoc
1458 1555 1677 1596 volumine
1700 1556 1836 1596 inclu-

378 1634 539 1681 derem,
563 1632 924 1680 communicarim,
955 1631 1011 1671 ab
1047 1629 1208 1671 eisdem
1241 1629 1399 1677 omnia,
1422 1636 1470 1669 ut
1491 1628 1681 1669 fideliter
1713 1644 1834 1670 vere-

379 1722 465 1763 que
501 1712 731 1746 ennarrata
765 1705 951 1745 maxime
973 1703 1160 1759 probata
1180 1703 1312 1743 fuisse
1347 1702 1515 1742 scimus.
1580 1703 1680 1752 Qua
1700 1702 1754 1743 de
1775 1718 1835 1750 re,

380 1780 556 1821 tametsi
577 1778 707 1819 multi
727 1785 882 1833 postea
902 1777 1112 1818 benevole
1134 1791 1209 1816 nos
1233 1791 1389 1831 urgere
1413 1775 1469 1816 ad
1501 1791 1611 1831 opus
1642 1776 1720 1817 hoc
1743 1778 1836 1832 jam

382 1852 633 1894 absolutum
650 1852 693 1891 in
718 1866 988 1892 communem
1012 1849 1272 1890 Christianae
1296 1849 1571 1904 Reipublicae
1596 1849 1837 1891 utilitatem

382 1925 600 1968 edendum
629 1939 712 1964 non
749 1923 978 1972 desierint3
1020 1938 1096 1963 nos
1140 1930 1297 1969 tamen,
1335 1922 1500 1962 viribus
1536 1923 1691 1963 nostris
1719 1923 1836 1979 inge-

379 2001 539 2054 nioque
575 1997 786 2046 deterriti,
809 1996 855 2037 id
888 1997 1034 2052 potius
1071 1995 1269 2044 aliorum,
1290 1995 1345 2035 ad
1375 2010 1485 2050 quos
1517 1996 1749 2050 spectabit,
1768 2000 1837 2051 ju-

383 2072 492 2113 dicio
524 2078 568 2112 et
604 2069 874 2120 authoritati,
897 2069 1072 2125 quando
1103 2069 1163 2109 eis
1196 2083 1249 2109 ex
1283 2083 1365 2109 usu
1414 2069 1584 2109 Sanctae
1626 2068 1836 2110 Ecclesioe

385 2146 565 2186 Summo
611 2143 806 2183 Romano
852 2142 1058 2183 Pontifice
1094 2141 1389 2197 permittente,
1433 2140 1668 2191 videbitur,
1711 2143 1839 2184 relin-

385 2217 608 2274 quendum
629 2215 845 2257 diximus.¹

445 2292 539 2332 Nec
570 2291 671 2331 vero
695 2289 883 2345 quisque
904 2289 1100 2329 laborem
1130 2287 1241 2329 hunc
1263 2295 1455 2329 nostrum
1475 2296 1552 2330 aut
1568 2289 1840 2345 diligentiam

433 2438 441 2457 ¹
470 2440 483 2469 1
500 2437 598 2468 much
612 2442 737 2477 suspect
750 2435 818 2466 that
831 2435 881 2466 the
897 2435 998 2466 writer
1014 2445 1103 2465 came
1120 2439 1151 2465 to
1166 2434 1243 2464 view
1261 2434 1312 2464 the
1329 2440 1440 2465 matter
1463 2436 1498 2465 of
1518 2436 1716 2476 publication
1736 2437 1770 2466 in
1794 2437 1843 2467 the

387 2502 472 2523 same
492 2490 574 2530 light
596 2501 627 2520 as
653 2489 702 2519 his
727 2489 880 2529 superiors
903 2488 1066 2527 evidently
1082 2487 1148 2525 did,
1165 2487 1245 2517 aster
1268 2487 1316 2517 his
1338 2488 1496 2529 episcopal
1513 2489 1576 2519 and
1595 2489 1844 2531 archiepiscopal

388 2544 574 2586 prmnotion,
591 2542 655 2573 and
670 2542 758 2572 when
774 2546 878 2572 events
895 2541 1002 2571 which
1018 2545 1050 2571 at
1066 2539 1117 2569 the
1133 2539 1212 2570 time
1226 2551 1305 2570 were
1322 2541 1426 2571 future
1446 2541 1609 2581 naturally
1624 2542 1760 2572 affected
1781 2543 1844 2572 and

388 2597 496 2628 would
518 2595 673 2637 probably
689 2594 767 2625 alter
791 2594 839 2625 his
859 2595 1041 2635 jndgment.
1086 2594 1181 2624 Some
1204 2594 1421 2625 confirmation
1437 2596 1472 2625 of
1495 2595 1555 2625 this
1574 2595 1702 2635 opinion
1717 2607 1793 2636 may
1807 2597 1845 2626 be

389 2650 489 2680 found
512 2650 545 2679 in
567 2648 619 2678 the
643 2658 850 2688 appearanees
873 2647 1052 2688 frequently
1070 2646 1245 2685 oecurring,
1261 2647 1328 2677 that
1350 2647 1403 2677 the
1428 2648 1561 2687 original
1585 2649 1656 2678 MS.
1673 2659 1735 2678 was
1757 2658 1848 2678 never

390 2703 543 2742 carefully
560 2702 678 2732 revised
695 2701 736 2741 by
752 2701 802 2731 the
817 2701 929 2731 author
943 2701 1005 2731 and
1021 2700 1168 2741 prepared
1185 2699 1230 2729 for
1245 2700 1296 2729 the
1312 2711 1405 2741 press.
1450 2700 1526 2731 This
1540 2700 1640 2740 might
1654 2701 1691 2731 be
1705 2701 1756 2732 the
1771 2712 1844 2732 con-

391 2768 542 2796 sequence
558 2757 592 2787 of
603 2755 717 2796 simple
732 2755 1004 2795 discouragement
1018 2765 1051 2785 or
1066 2753 1255 2795 prohibition
1273 2754 1315 2792 by
1331 2753 1378 2784 his
1394 2754 1556 2794 superiors,
1572 2754 1627 2784 but
1642 2754 1681 2785 he
1695 2753 1847 2795 probably

392 2810 572 2840 concurred.
