1905 3254
683 252 796 281 sEss.
824 252 882 282 vi.
1426 238 1510 281 239

42 360 208 401 animus
238 359 581 415 relinqueretur;
615 374 714 400 nam
749 375 847 400 cum
880 359 968 400 duo
1001 367 1173 402 tantum
1195 360 1389 409 Praelati‚
1422 374 1497 401 na—

40 433 157 473 tione
176 432 308 480 Galli,
332 431 536 472 Tridenti
553 438 707 480 essent,
726 432 982 473 Parisiensis
1002 432 1124 481 hanc,
1148 433 1355 475 Varensis
1377 432 1499 474 illam

40 505 300 561 opinionem,
322 505 541 546 tuebatur.
603 504 674 545 De
697 505 919 561 Episcopo
936 505 1309 562 Philadelphiensi
1323 507 1499 548 natione

43 579 261 620 Germano
288 578 396 634 quid
426 578 596 619 dicam?
633 580 710 634 qui
733 595 830 620 cum
852 586 982 621 aetate
1000 584 1093 635 Jam
1114 586 1329 628 maturus,
1352 581 1499 637 probi-

40 658 217 707 tateque
238 652 416 707 insignis
436 651 687 700 haberetur,
712 658 846 707 atque
865 652 1023 693 Calicis
1044 653 1358 693 concessionem
1382 667 1497 694 acer-

38 723 146 763 rime
168 722 463 778 impugnaret,
486 738 697 779 magnum
719 722 836 764 illius
860 725 996 765 verba
1015 725 1059 764 in
1081 724 1321 765 multorum
1344 724 1498 765 animis

39 795 209 851 pondus
250 795 518 838 habuerunt.
592 796 662 837 De
700 797 957 853 Segobiensi
996 813 1132 854 supra
1172 797 1376 846 diximus,
1421 813 1496 839 au-

37 867 140 909 ditis
165 869 344 910 Reatini
373 870 616 911 rationibus
647 870 872 911 consilium
905 872 1107 927 protinus
1138 873 1343 913 mutasse.
1407 870 1494 912 Sed

37 948 81 983 et
113 941 362 998 Episcopus
397 942 672 984 Laveiitinus
709 958 835 998 aeque
874 944 1136 991 Germanus,
1172 959 1269 985 eum
1303 945 1495 999 primum

36 1015 215 1055 tractari
236 1015 421 1070 quaestio
443 1023 590 1071 coepta
613 1016 711 1063 fuit,
741 1016 887 1057 statim
911 1016 1106 1058 discessit
1128 1017 1172 1057 in
1197 1017 1493 1058 Germaniam.

37 1086 320 1128 Cenadiensis
353 1088 561 1144 privatim
590 1089 696 1129 alios
724 1089 779 1130 ab
807 1089 886 1130 hoc
907 1089 1202 1137 dissuadebat,
1226 1091 1325 1131 licet
1348 1090 1496 1146 palam

35 1167 187 1215 postea
208 1176 329 1202 secus
351 1161 482 1202 fuerit
505 1163 625 1203 visus
648 1162 782 1217 loqui.
848 1163 1036 1213 Quidam
1071 1164 1147 1204 alii
1182 1164 1497 1205 Procuratores

37 1233 286 1275 Germaniae
318 1236 362 1275 in
397 1235 690 1276 familiaribus
722 1237 813 1277 suis
842 1237 1115 1277 sermonibus
1144 1238 1295 1293 potius
1317 1237 1398 1278 hoc
1421 1239 1495 1279 ab·

35 1305 209 1348 horrere
226 1307 529 1356 ostendebant,
554 1309 615 1349 ita
637 1315 687 1349 ut
708 1324 914 1365 magnum
931 1309 1009 1350 hoc
1032 1317 1145 1351 esset
1167 1311 1343 1366 injiistae
1360 1311 1495 1367 hujus

36 1381 260 1435 petitionis
282 1388 603 1437 argumentum,
626 1389 859 1437 postquam
882 1383 1074 1437 ipsimet,
1098 1384 1175 1438 qui
1192 1388 1288 1439 ejiis
1304 1384 1496 1425 nationis

34 1460 186 1501 essent,
210 1454 273 1495 ita
292 1470 383 1496 rem
408 1454 747 1496 detestarentur.
813 1455 898 1495 His
919 1462 1136 1510 practerea
1163 1457 1247 1498 alia
1275 1458 1417 1499 multa
1448 1459 1493 1498 in

34 1526 95 1567 rei
112 1527 367 1568 tractatione
389 1542 473 1568 non
490 1528 606 1568 levia
623 1542 836 1568 accessere
853 1544 862 1577 ;
884 1543 983 1569 nam
1000 1529 1492 1585 Quinqueecclesiensis,

33 1601 111 1655 qui
143 1614 233 1640 rem
267 1600 454 1641 Caesaris
485 1601 673 1641 maxima
706 1601 838 1641 animi
870 1601 1141 1643 solicitudine
1175 1604 1371 1658 gerebat,
1394 1620 1492 1645 cum

33 1671 184 1719 multa,
214 1678 263 1712 ut
284 1687 418 1727 supra
438 1673 642 1721 diximus,
676 1680 910 1728 antequam
934 1675 990 1714 ab
1015 1674 1109 1715 aliis
1130 1677 1358 1716 sententiae
1380 1676 1493 1718 dice-

33 1751 198 1793 rentur,
237 1752 350 1785 esset
381 1745 610 1800 praefatUS,
646 1751 690 1786 et
725 1761 844 1801 saepe
880 1746 1138 1800 petitionem
1171 1747 1371 1796 Caesaris,
1405 1765 1494 1805 quo

35 1818 181 1871 potuit
203 1823 375 1865 conatu,
399 1817 639 1866 extulisset,
671 1817 870 1873 nihilque
891 1833 992 1859 sane
1014 1819 1141 1859 officii
1163 1826 1241 1860 aut
1262 1820 1493 1862 industriae

32 1889 383 1944 praetermisisset
424 1889 478 1930 ad
518 1890 702 1931 Patrum
746 1891 912 1931 animos
954 1890 1119 1931 Caesari
1171 1893 1460 1935 conciliandos
1480 1910 1489 1942 ;

34 1961 317 2018 Caprulanus
349 1962 502 2003 horum
534 1977 710 2011 memor,
744 1969 786 2004 et
815 1964 893 2018 qui
918 1963 973 2003 ab
995 1963 1076 2004 hac
1099 1966 1311 2006 sententia
1331 1966 1490 2023 longis-

32 2035 136 2075 sime
159 2035 324 2082 aberat,
348 2035 426 2075 ubi
457 2034 513 2075 ad
535 2049 633 2075 eum
657 2034 827 2075 dicendi
847 2035 965 2075 locus
987 2036 1200 2090 pervenit,
1229 2036 1315 2077 duo
1336 2037 1490 2080 adver-

31 2121 104 2147 sus
116 2107 636 2162 Quinqueecclesiensem,
661 2107 740 2162 qui
762 2121 954 2162 praesens
977 2114 1083 2155 erat,
1107 2108 1309 2163 protulit,
1327 2111 1491 2165 quibus

32 2194 76 2220 se
98 2194 177 2235 pro
198 2180 265 2219 Stae
292 2180 456 2236 Synodi
478 2180 798 2221 existimatione
819 2195 903 2221 non
936 2180 1211 2221 mediocriter
1240 2190 1487 2236 permotum

33 2251 166 2293 fuisse
188 2252 459 2294 ostendebat.
523 2253 733 2294 Alterum
755 2261 864 2302 erat,
889 2253 1006 2309 quod
1026 2254 1062 2293 is
1084 2253 1278 2302 dixisset,
1301 2255 1336 2295 si
1357 2255 1486 2297 dene-

33 2332 164 2382 getur
185 2326 322 2374 Calix,
346 2327 587 2368 Concilium
610 2327 690 2368 hoe
712 2327 879 2368 felicem
904 2342 1184 2383 progressum
1213 2342 1297 2368 non
1330 2343 1486 2385 cogno-

31 2403 132 2438 scet.
195 2398 399 2439 Alterum
436 2398 554 2454 quod
586 2398 700 2439 idem
733 2398 925 2439 omnium
966 2413 1138 2453 semper
1169 2412 1361 2452 praesens
1395 2413 1487 2440 sen-

30 2470 176 2511 tentiis
210 2470 456 2518 adstitisset,
496 2486 594 2512 cum
631 2478 775 2513 tamen
813 2471 855 2511 in
887 2469 1281 2511 deliberationibus
1316 2470 1397 2520 illi,
1431 2471 1487 2512 ad

32 2554 139 2595 quos
167 2556 237 2583 res
267 2542 475 2597 pertinet,
508 2558 681 2599 semper
714 2544 865 2584 abesse
897 2542 1076 2582 soleant.
1139 2540 1261 2581 Inter
1283 2540 1490 2582 Abbates

32 2613 175 2661 etiam,
211 2615 285 2669 qui
317 2615 553 2656 sententias
585 2616 802 2661 dicebant,
825 2631 921 2656 cum
946 2613 1125 2669 quidam
1152 2613 1396 2654 Canonicus
1416 2629 1484 2656 re-

33 2685 208 2740 gularis,
251 2687 492 2728 Riccardus
532 2690 716 2737 nomine,
757 2688 1002 2744 opinionem
1045 2686 1254 2727 adversus
1296 2686 1485 2729 Calicem

32 2763 241 2808 tueretur,
261 2760 368 2802 adeo
391 2760 593 2802 ardenter
616 2777 694 2817 pro
717 2777 768 2803 ea
789 2761 993 2802 incitatus
1015 2767 1092 2807 est,
1116 2766 1166 2799 ut
1189 2766 1286 2814 post
1307 2758 1484 2815 longum
