1905 3254
366 258 423 299 40
1010 273 1118 304 snss.
1144 275 1187 304 11.

370 384 539 440 aliquos
561 383 792 425 fastidioris
814 385 993 440 ingenii,
1028 385 1105 440 qui
1127 383 1296 439 argutis
1317 380 1560 423 rationibus
1582 379 1827 420 concionem

367 458 645 506 oblectarent,
669 458 845 513 aliquos,
869 458 947 513 qui
966 473 1137 498 morosa
1157 456 1409 512 prolixitate
1432 467 1674 494 consessum
1698 452 1828 492 inter-

368 530 473 571 dum
495 530 752 587 fatigarent.

426 605 601 646 Primus
625 604 867 645 Cardinalis
890 604 1195 653 Madruceius3
1221 609 1264 644 et
1280 609 1379 658 post
1399 615 1499 642 eum
1522 599 1660 641 secuti
1682 612 1831 638 omnes

370 693 423 718 ex
445 677 604 718 ordinis
625 678 837 734 cujusque
859 677 1154 733 praerogativa
1184 675 1380 716 breviter
1406 673 1461 714 ad
1486 687 1554 714 res
1586 671 1830 728 propositas

369 749 699 805 responderunt.

428 822 685 863 Patriarcha
706 822 1148 878 Hierosolymitanus,
1183 820 1309 876 gravi
1329 817 1482 858 habito
1503 831 1708 862 sermone,
1731 830 1830 871 pro-

371 896 476 936 bare
498 911 542 936 se
565 896 677 937 dixit
707 896 750 936 id
779 911 870 936 suae
900 894 1153 936 sanctitatis
1189 901 1232 934 et
1264 893 1448 933 Patrum
1484 890 1740 937 Consilium,
1782 894 1833 929 ut

371 969 531 1010 scilicet
562 969 677 1018 libri,
714 970 791 1024 qui
825 970 938 1009 inter
971 968 1195 1008 hominum
1230 981 1384 1007 manus
1406 971 1647 1012 versantur,
1679 964 1834 1004 sinceri

371 1043 470 1091 sint,
508 1050 642 1098 atque
673 1043 928 1097 incorrupti.
993 1042 1056 1081 At
1077 1055 1180 1081 vero
1201 1040 1243 1080 in
1264 1055 1310 1080 re
1339 1037 1591 1095 praestanda
1611 1052 1722 1092 opus
1743 1052 1834 1077 esse

370 1118 613 1172 peritorum
648 1116 885 1157 multorum
923 1113 1101 1170 judicio,
1144 1113 1220 1169 qui
1259 1113 1392 1154 bonos
1431 1111 1633 1167 seligant,
1675 1124 1835 1165 pravos

371 1190 580 1246 rejiciant.
642 1190 839 1231 Placeret
861 1188 956 1236 sibi,
994 1194 1043 1229 ut
1071 1187 1171 1228 Illmi
1192 1187 1355 1242 Legati
1376 1201 1429 1227 ex
1450 1187 1632 1227 Patrum
1664 1183 1834 1225 ordina-

371 1263 487 1304 tione
511 1263 680 1318 aliquos
701 1262 946 1310 decernant,
974 1261 1136 1317 quibus
1157 1261 1236 1301 hoc
1259 1275 1421 1301 munus
1443 1258 1745 1300 demandetur.

428 1336 609 1377 Electus
641 1335 896 1377 Patriarcha
919 1335 1263 1391 Aquilegiensis,
1296 1333 1459 1374 Daniel
1491 1332 1715 1373 Barbarus
1749 1330 1835 1372 Ve-

371 1417 510 1458 netus,
533 1410 657 1465 prius
680 1410 829 1464 aliqua
849 1409 1115 1458 memoriter,
1136 1408 1306 1462 reliqua
1328 1422 1381 1447 ex
1403 1406 1577 1462 scripto,
1602 1412 1667 1446 est
1689 1419 1835 1460 prose-

372 1490 513 1530 cutus,
543 1498 727 1538 quorum
758 1497 927 1522 summa
957 1481 1056 1529 fuit,
1089 1480 1226 1521 videri
1250 1479 1481 1520 admodum
1505 1494 1559 1520 ex
1580 1493 1626 1519 re
1650 1492 1754 1526 esse,
1787 1483 1837 1518 ut

374 1556 515 1597 Index
545 1556 617 1596 ille
640 1562 835 1611 tempore
858 1554 987 1594 Pauli
1012 1553 1078 1594 IV
1101 1553 1259 1602 editus,
1292 1568 1345 1593 ex
1372 1553 1543 1607 integro
1578 1552 1835 1606 castigetur,

373 1644 469 1670 cum
503 1629 547 1669 in
583 1643 632 1669 eo
667 1628 799 1683 plura
834 1628 933 1675 sint,
958 1642 1058 1682 quae
1083 1641 1210 1681 ecquo
1234 1626 1377 1666 animo
1398 1625 1501 1666 ferri
1522 1639 1605 1665 non
1628 1630 1835 1679 possunt3

372 1703 510 1744 veluti
550 1717 646 1743 cum
683 1701 831 1743 eadem
873 1703 1051 1741 censura
1092 1715 1240 1741 eorum
1291 1699 1395 1739 libri
1435 1697 1710 1746 damnantur,
1761 1697 1838 1752 qui

368 1776 554 1832 juvenili
603 1781 734 1815 aetate
783 1773 952 1829 aliquid
1005 1773 1116 1814 forte
1161 1772 1337 1813 mollius
1387 1776 1738 1827 composuerunt,
1790 1785 1838 1812 ac

373 1850 545 1891 illorum
570 1849 647 1904 qui
666 1848 812 1903 impiis
840 1847 1085 1888 haeresibus
1116 1845 1443 1887 commentarios
1467 1860 1566 1885 suos
1593 1844 1836 1900 explerunt.

374 1921 618 1978 Eligendos
638 1922 790 1976 itaque
812 1921 942 1968 viros,
976 1919 1110 1975 hiijus
1135 1919 1304 1975 judicii,
1328 1925 1377 1958 ut
1398 1933 1482 1958 non
1499 1917 1649 1959 eadem
1672 1918 1839 1959 trutina

375 1995 519 2035 omnia
549 1993 766 2034 metienda
801 1999 1081 2048 praesentent,
1123 1991 1199 2032 sed
1234 2006 1331 2032 cum
1367 1991 1463 2031 aliis
1497 1990 1709 2038 acerbius,
1738 2005 1837 2032 eum

375 2067 471 2107 aliis
494 2066 639 2107 mitius
661 2073 810 2122 agant,
831 2080 909 2121 pro
930 2065 993 2106 rei
1010 2064 1173 2105 meritis
1194 2071 1237 2105 et
1260 2063 1516 2104 conditione.

433 2140 709 2180 Bracarensis
743 2139 969 2196 negotium
1009 2136 1261 2193 hujusmodi
1304 2137 1346 2176 in
1388 2135 1551 2192 synodo
1592 2135 1715 2177 nulla
1745 2135 1835 2176 fere

374 2213 540 2255 ratione
566 2214 716 2269 perfici
747 2228 873 2268 posse
903 2212 1028 2259 dixit,
1064 2226 1252 2266 cumque
1286 2210 1369 2250 alia
1403 2224 1514 2250 nunc
1559 2207 1840 2264 impendeant

376 2287 564 2335 utiliora,
597 2286 747 2327 decere
767 2286 914 2341 potius
934 2284 1013 2325 hoc
1036 2283 1274 2340 gymnasiis
1295 2282 1485 2338 publicis
1505 2281 1725 2329 mandare,
1758 2281 1838 2322 ubi

375 2359 596 2400 commode
638 2358 771 2414 periti
809 2364 931 2399 tanto
974 2357 1093 2413 operi
1140 2356 1400 2397 industriam
1455 2371 1578 2396 suam
1629 2361 1840 2411 poterunt

375 2434 613 2485 adhibere,
631 2433 781 2488 quales
803 2432 933 2473 multi
964 2431 1008 2471 in
1037 2430 1312 2475 Bononiensi,
1346 2429 1557 2477 Parisino,
1583 2427 1839 2468 Salamanti-

377 2507 501 2554 censi,
525 2514 568 2548 et
591 2505 912 2546 Conimbriensi
947 2503 1181 2560 gymnasiis
1213 2502 1505 2557 reperiuntur.
1570 2500 1840 2555 Interimque

377 2579 564 2635 publicis
584 2578 915 2634 professoribus,
940 2583 983 2617 et
1017 2576 1239 2616 doctorum
1274 2574 1470 2630 collegiis
1503 2573 1839 2630 prohibendum,

378 2668 431 2693 ne
463 2666 684 2708 quemque
718 2651 886 2707 possint
908 2649 962 2691 ad
997 2649 1182 2690 doctoris
1208 2648 1393 2704 gradum
1417 2647 1670 2703 provehere,
1701 2647 1841 2703 prius-

378 2741 510 2781 quam
555 2741 665 2782 opus
698 2726 941 2782 injunctum
989 2722 1226 2778 exegerint,
1266 2729 1315 2763 ut
1355 2722 1418 2763 ita
1457 2737 1508 2762 eo
1549 2722 1732 2763 celerius
1772 2735 1841 2762 res

378 2799 643 2840 absolvatur.
