1905 3254
695 260 808 291 sEss.
837 260 913 290 vn.
1450 247 1532 287 533

78 372 257 414 ordinet.
339 369 408 410 De
441 370 674 425 Episcopis
704 370 961 410 titularibus
1003 369 1176 410 videtur
1208 370 1289 410 sibi
1329 370 1397 411 hic
1438 384 1529 410 mos

78 445 324 502 incognitus
366 443 511 491 fuisse,
553 448 596 483 et
637 442 823 487 Christo.
864 450 907 483 et
949 443 1182 497 Apostolis,
1225 450 1268 483 et
1309 442 1531 483 Ecclesiae.

80 520 194 561 Nam
225 532 395 574 semper
426 517 674 573 Episcopus
709 516 795 556 suit
823 516 1073 571 applicatus
1105 516 1233 556 alicui
1256 516 1369 556 Eccae
1389 521 1530 562 certae,

78 592 191 633 utin
221 591 326 631 Can.
362 591 522 645 Apost.
546 588 613 630 27.
648 588 766 629 Nam
797 587 950 628 nullus
973 595 1037 628 est
1070 589 1325 644 Episcopus,
1349 589 1427 643 qui
1447 602 1530 628 non

78 664 234 705 debeat
255 663 417 704 habere
437 677 585 703 curam
606 662 719 703 Eccae
742 668 869 702 certae
896 677 949 702 ex
972 663 1038 702 sui
1059 663 1352 704 institutione:
1384 662 1530 703 viden-

78 745 236 793 turque
272 736 317 777 hi
352 736 513 777 similes
551 734 898 790 Chorepiscopis,
942 750 1050 790 quos
1084 735 1263 777 damnat
1294 736 1529 783 Damasus,

78 810 222 866 Epist.
247 810 285 850 2.
310 816 519 865 tanquam
542 808 702 849 alienos
724 808 780 848 ab
799 808 1076 849 institutione
1101 808 1278 849 Christi.
1344 809 1396 849 In
1420 808 1533 849 Con-

78 883 174 924 cilio
205 881 514 922 Ratisbonensi
553 881 765 937 leguntur
801 888 889 921 tres
923 882 1135 937 Episcopi
1172 882 1262 922 sine
1297 881 1423 930 sede;
1461 881 1536 922 sed

79 962 224 1012 potest
244 955 290 996 id
319 954 521 996 accidisse
554 954 686 995 variis
717 954 770 995 de
804 955 970 995 causis:
1003 969 1080 995 nos
1110 954 1331 1010 loquimur
1353 969 1378 995 a
1397 955 1540 1010 prima

79 1030 366 1070 institutione.
429 1028 499 1069 De
522 1035 691 1083 quarto,
724 1027 802 1068 illa
834 1027 1078 1069 authoritas
1099 1028 1240 1076 Pauli,
1272 1027 1433 1068 nemini
1456 1028 1540 1068 cito

79 1118 256 1143 manum
278 1103 370 1150 &c.,
405 1102 599 1157 pertinet
630 1107 800 1142 tantum
834 1101 890 1141 ad
918 1101 1204 1156 Presbyteros
1232 1109 1275 1142 et
1308 1101 1538 1148 Diaconos,

81 1190 165 1217 non
186 1174 241 1215 ad
269 1174 453 1215 minores
485 1173 670 1215 ordines.
733 1173 804 1214 De
837 1188 962 1219 nono,
997 1173 1133 1214 nollet
1160 1188 1214 1213 ex
1237 1173 1423 1214 clericali
1445 1179 1538 1213 ton-

79 1263 179 1290 sura
219 1247 386 1303 acquiri
421 1247 560 1288 ullum
597 1246 899 1303 privilegium,
935 1246 1018 1287 nisi
1050 1253 1206 1301 gerant
1242 1245 1456 1293 habitum,
1492 1252 1536 1286 et

80 1322 273 1364 serviant
292 1321 526 1371 Ecclesiae3
550 1319 668 1375 quod
690 1321 726 1360 si
747 1319 899 1360 moniti
922 1334 1005 1359 non
1024 1318 1235 1360 desistant
1256 1320 1381 1360 liceat
1402 1334 1534 1359 saecu-

78 1393 245 1436 laribus
265 1392 318 1434 de
340 1392 407 1433 his
429 1407 699 1448 cognoscere.
761 1391 830 1432 De
853 1391 1122 1440 duodecimo,
1145 1398 1380 1432 renovetur
1401 1405 1534 1431 canon

84 1467 281 1510 Silvestri
300 1467 336 1508 I.
353 1474 397 1507 et
421 1466 596 1514 Zosimi,
615 1473 659 1507 et
681 1464 811 1521 quod,
835 1479 929 1505 cum
948 1465 1070 1520 prius
1092 1464 1273 1506 deberet
1291 1463 1538 1521 praecedere

79 1541 295 1597 probatio,
319 1540 475 1581 deinde
496 1539 723 1586 ordinatio,
747 1545 790 1579 et
811 1545 909 1592 post
932 1538 1172 1592 applicatio
1190 1538 1244 1579 ad
1267 1538 1535 1578 beneficium.

80 1613 150 1655 De
174 1615 414 1655 Seminario
445 1612 644 1659 addatur,
669 1611 788 1667 quod
820 1611 1012 1666 provisio
1041 1626 1125 1651 non
1153 1617 1400 1652 reservetur
1423 1610 1535 1650 Con-

81 1687 177 1728 cilio
198 1686 476 1733 Provinciali,
500 1685 576 1726 sed
602 1685 877 1739 relinquatur
909 1683 1144 1738 Episcopo,
1168 1699 1265 1724 cum
1289 1683 1462 1723 duobus
1482 1681 1536 1722 de

83 1760 306 1816 Capitulo,
348 1767 392 1801 et
428 1760 602 1800 duobus
636 1758 689 1799 de
718 1758 871 1807 Cler03
918 1756 1016 1798 inde
1049 1756 1250 1805 addatur,
1285 1756 1402 1812 quod
1438 1771 1536 1797 eru-

84 1834 264 1876 diantur
284 1835 326 1875 in
351 1833 631 1875 Caeremoniis
656 1831 971 1872 Ecclesiastieis
993 1830 1036 1870 in
1063 1830 1332 1878 Cathedrali,
1368 1837 1412 1871 et
1434 1830 1534 1871 sub-

83 1908 244 1950 dantur
296 1908 423 1949 alicui
476 1907 645 1948 Seniori
689 1905 1010 1961 probatissimo.
1094 1904 1386 1959 Applicentur
1437 1903 1539 1944 huic

84 1982 315 2024 seminario
352 1982 509 2037 aliquae
552 1979 763 2020 Ecclesiae
805 1977 1108 2023 Parochiales;
1160 1991 1261 2017 nam
1298 1977 1460 2017 frustra
1495 1978 1541 2017 fit

84 2055 381 2103 seminarium,
404 2055 487 2095 nisi
507 2059 751 2109 suppetant
777 2051 960 2098 fructus,
994 2049 1110 2090 unde
1128 2050 1407 2090 sustineatur.
1471 2048 1541 2089 De

85 2128 225 2184 primo
246 2128 431 2175 decreto,
465 2133 731 2183 przepostero
759 2123 909 2164 ordine
942 2122 1070 2163 hodie
1102 2122 1334 2162 electiones
1358 2121 1537 2176 Episco-

85 2216 183 2242 rum
206 2202 316 2242 fiunt
339 2201 481 2242 tribus
503 2199 668 2249 modis3
692 2198 847 2254 primo,
871 2211 924 2237 ex
946 2195 1316 2236 nominationibus
1339 2194 1512 2250 Regum
1532 2211 1542 2243 3

86 2273 283 2323 secundo,
316 2288 395 2330 per
427 2273 654 2314 electiones
678 2269 1014 2326 Capitulorum3
1047 2269 1191 2315 tertio,
1221 2283 1274 2307 ex
1296 2267 1541 2322 provisione

87 2349 242 2388 summi
286 2346 519 2388 Pontifieis.
597 2346 660 2386 Et
702 2345 807 2399 quia
844 2344 887 2383 in
922 2343 988 2383 his
1029 2342 1232 2382 omnibus
1268 2341 1541 2395 irrepserunt

88 2421 259 2469 abusus,
289 2426 511 2476 oporteret
532 2418 717 2475 singulis
742 2417 917 2458 obviam
940 2416 1026 2464 i1·e;
1061 2430 1135 2455 nec
1166 2414 1244 2454 hac
1268 2414 1314 2454 in
1336 2428 1381 2453 re
1405 2418 1549 2468 potest

90 2494 260 2534 omnino
284 2493 462 2534 retineri
485 2492 737 2547 exemplum
754 2488 1046 2544 antiquitatis,
1062 2502 1158 2528 cum
1178 2486 1342 2541 saepius
1359 2484 1550 2541 eligendi

90 2555 243 2607 mo'dus
276 2567 409 2608 fuerit
431 2566 642 2607 variatus.
706 2565 857 2605 Posset
887 2561 1107 2617 provideri
1132 2567 1179 2600 ut
1200 2560 1430 2600 electiones
1450 2573 1549 2614 quae

91 2639 200 2680 fiunt
232 2640 580 2695 significarentur
610 2636 969 2692 Metropolitano‚
1005 2633 1081 2688 qui
1112 2647 1184 2673 eas
1213 2631 1551 2671 communicaret

92 2726 187 2753 cum
224 2712 459 2772 Episcopis
482 2708 952 2766 Comprovincialibus,
988 2713 1031 2747 et
1065 2705 1301 2761 diligenter
1322 2718 1366 2745 se
1391 2704 1549 2744 instru-

95 2791 203 2826 eret¹
226 2785 279 2826 de
311 2785 460 2834 electo,
485 2799 531 2826 ac
567 2782 740 2838 Populo
772 2782 903 2822 etiam
936 2779 1267 2834 significaretur,
1302 2778 1378 2832 qui
1407 2786 1552 2833 posset

262 2873 268 2891 ¹
297 2875 494 2910 instruerent,
512 2873 581 2903 MS.
632 2871 732 2911 Migln
750 2870 799 2900 the
813 2868 1028 2907 immediately
1047 2867 1212 2908 preceding
1229 2871 1256 2897 et
1276 2867 1311 2897 be
1328 2866 1387 2896 ut?
