1905 3254
654 289 765 319 sEss.
791 288 870 317 vn.
1402 272 1484 314 397

35 397 237 441 Praelatis
258 397 302 438 in
324 397 498 453 privata
521 397 874 453 Congregatione
895 396 1124 452 placuisse,
1146 410 1223 436 nec
1245 395 1484 451 Segobien-

36 487 138 519 sem,
158 486 204 512 ac
223 471 552 519 Granatensem,
572 471 648 526 qui
670 470 863 516 aderant,
886 469 1135 509 dissensisse
1153 485 1160 509 :
1183 468 1486 509 difficillimum

37 543 126 583 fore
158 542 390 597 quicquam
423 542 610 597 amplius
642 557 696 582 ex
728 542 795 582 his
827 542 1086 589 immutare3
1128 555 1172 581 se
1204 548 1364 588 tamen,
1404 555 1488 581 non

38 614 420 671 praetermissuros,
442 614 477 654 si
499 613 606 669 quid
626 614 671 654 in
694 629 843 654 eorum
868 613 1054 669 gratiam
1077 612 1234 653 rationi
1251 627 1489 668 congruum

38 687 128 729 fieri
149 687 300 742 possit.
350 687 628 742 Segobiensis
645 693 689 728 et
711 686 1011 733 Granatensis,
1027 685 1103 740 qui
1122 685 1308 726 maxime
1330 700 1491 740 repug-

39 759 203 801 nabant
243 759 327 800 illis
367 759 524 806 verbis,
562 759 706 800 divina
748 757 1034 805 ordinatione,
1071 757 1306 812 pristinum
1343 771 1492 797 eorum

40 847 258 874 assensum
292 832 412 872 varie
445 831 728 879 excusabant,
759 830 835 872 sed
857 829 1115 886 praesertim,
1140 828 1257 885 quod
1278 844 1362 870 non
1386 829 1494 870 exis-

40 904 257 946 timabant
294 903 516 944 Canonem
554 904 681 944 illum
717 904 773 945 8τη
802 918 894 944 esse
928 902 1255 959 apponendum.
1318 902 1498 943 Praelati

44 976 159 1021 Itali,
194 975 288 1016 ha‘c
323 975 561 1023 audientes,
595 979 753 1032 magna
787 976 1028 1016 constantia
1058 975 1289 1022 obsistunt,
1312 989 1364 1015 ne
1390 973 1498 1029 quid

42 1051 86 1091 in
120 1049 345 1098 Doctrina,
384 1056 460 1090 aut
501 1049 758 1090 Canonibus
798 1050 1082 1090 immutetur:
1127 1049 1318 1104 alioquin
1359 1063 1416 1095 se,
1454 1055 1499 1089 et

44 1129 211 1170 caetera,
234 1123 571 1177 improbaturos
635 1123 933 1178 Quapropter,
957 1121 1098 1177 pridie
1119 1129 1219 1162 ante
1242 1122 1499 1168 Sessionem,

46 1195 123 1252 qui
158 1194 243 1235 fuit
273 1194 364 1235 dies
398 1196 448 1234 14
477 1195 604 1243 Julii,
638 1198 781 1236 coacta
815 1195 1168 1251 Congrcgatione
1200 1194 1408 1250 generali,
1435 1200 1500 1241 ut,

46 1268 99 1309 de
120 1283 252 1316 more,
277 1267 449 1309 decreta
471 1269 615 1309 omnia
637 1269 679 1309 in
703 1270 900 1309 Sessione
930 1268 1251 1324 promulganda
1272 1269 1502 1309 recitaren-

46 1347 130 1389 tur,
165 1356 262 1382 cum
300 1356 448 1382 omnes
480 1343 718 1389 unanimes,
752 1342 945 1397 exceptis
979 1341 1192 1397 Hispanis
1214 1347 1257 1382 et
1288 1340 1505 1381 nonnullis

49 1415 176 1457 Italis
195 1430 219 1456 a
239 1415 284 1455 6υ
308 1415 483 1456 Canone
516 1415 885 1463 dissentientibus,
920 1415 1141 1471 proposita
1174 1415 1504 1471 approbassent,

50 1496 144 1530 tum
184 1488 428 1530 Cardinalis
471 1489 683 1529 Moronus
714 1489 811 1529 illos
846 1488 1138 1537 vehementer,
1180 1496 1224 1530 et
1264 1489 1506 1545 pracsertim

51 1562 135 1604 Illm
168 1563 301 1604 Orem
337 1562 474 1617 Regis
505 1561 719 1602 Catholici
750 1561 1006 1608 obsecravit,
1042 1569 1091 1602 ut
1119 1576 1197 1616 pro
1220 1562 1339 1616 pacis
1361 1560 1508 1602 studio

52 1644 94 1677 et
116 1635 332 1677 communi
355 1635 561 1683 utilitate,
584 1650 680 1675 eum
705 1635 798 1674 aliis
820 1633 1027 1674 studeant
1049 1636 1294 1675 convenire.
1328 1634 1508 1681 Verum,

52 1716 230 1766 peracta
261 1709 434 1764 Congne,
469 1723 564 1748 cum
597 1707 771 1748 illorum
805 1707 977 1747 animus
1009 1713 1158 1761 aperte
1182 1707 1348 1747 alicnus
1370 1714 1509 1748 osten-

54 1781 245 1829 deretur,
281 1795 531 1836 magnaque
565 1786 677 1820 esset
709 1779 942 1826 dubitatio,
975 1794 1028 1819 ne
1061 1778 1237 1818 sessioni
1270 1778 1513 1834 Hispanica

55 1856 174 1896 natio
194 1869 278 1895 non
300 1855 538 1902 interesset,
563 1860 638 1894 aut
659 1852 970 1908 protestatione
993 1852 1192 1892 Decretis
1214 1851 1513 1898 intercederet,

57 1928 256 1970 nonnulli
274 1932 367 1982 jam
388 1927 667 1982 premeditati
689 1933 814 1967 erant
835 1926 1004 1981 aliquot
1025 1925 1334 1980 responsiones,
1353 1925 1387 1965 si
1409 1925 1516 1980 quid

59 2003 167 2044 forte
189 2002 291 2044 novi
311 2003 353 2042 in
376 2001 560 2042 sessione
585 2000 808 2041 accidisset
827 2016 834 2039 :
866 2013 1052 2054 quarum
1075 1998 1326 2053 exemplum
1350 2005 1426 2040 cst.

474 2107 819 2169 RCSPOHSlOUQS
844 2122 872 2168 p
878 2112 1105 2168 repal'atae
1113 2142 1120 2149 .

122 2199 209 2240 Sed
249 2213 360 2246 ecce,
403 2198 490 2239 Dei
525 2197 693 2238 Summi
725 2197 999 2252 benignitate
1030 2195 1193 2236 factum
1228 2202 1306 2242 cst,
1343 2202 1391 2236 ut
1420 2202 1520 2251 post

67 2271 478 2328 Congregationem,
501 2269 619 2311 hora¹
653 2270 740 2310 fere
772 2269 974 2309 omnibus
1011 2266 1226 2322 Hispanis
1253 2265 1374 2320 apud
1396 2265 1517 2307 Com.

65 2345 118 2386 de
141 2346 293 2392 Lunae,
318 2344 546 2385 Oratorem
569 2343 708 2399 Regis
732 2341 930 2396 Philippi
964 2340 1131 2385 coactis,
1165 2339 1408 2394 sapientius
1429 2354 1520 2380 rem

18 2412 22 2417 ¹
68 2418 363 2466 metientibus,
380 2431 459 2472 per
480 2415 666 2457 eundem
691 2414 934 2461 Oratorem,
953 2428 1000 2453 ac
1019 2413 1170 2467 Epum
1190 2411 1522 2458 Almeriensem,

69 2498 112 2532 et
145 2490 476 2537 civitatensem,
513 2489 648 2529 totius
675 2487 861 2528 nationis
894 2486 1064 2526 nomine
1087 2485 1272 2540 Legatis
1303 2484 1522 2540 significa-

71 2565 229 2612 verint,
250 2563 367 2604 nolle
390 2577 434 2603 se
458 2577 483 2602 a
504 2561 686 2617 reliquis
719 2561 761 2600 in
786 2559 971 2600 sessione
992 2558 1232 2605 dissentire,
1264 2557 1368 2598 dum
1393 2573 1417 2599 a
1438 2559 1522 2600 Le-

74 2638 188 2694 gatis
223 2636 310 2677 duo
350 2642 636 2692 praestentur:
681 2634 868 2690 primum
902 2638 980 2679 est,
1016 2637 1066 2671 ut
1098 2630 1384 2686 polliceantur
1423 2631 1523 2681 illis,

74 2725 169 2751 cum
202 2711 245 2751 in
281 2710 395 2751 calce
419 2708 604 2749 Concilii
636 2706 893 2747 damnandae
917 2711 1044 2746 erunt
1075 2704 1302 2759 opiniones
1335 2704 1525 2747 Haereti-

76 2798 231 2830 corum,
247 2791 348 2825 tunc
370 2791 414 2824 et
436 2782 531 2824 illos
553 2780 846 2826 includendos,
862 2779 935 2835 qui
949 2785 1112 2834 negant
1129 2778 1373 2834 Episcopos
1394 2779 1526 2821 fuisse

500 2866 506 2883 ¹
533 2866 598 2895 The
614 2865 743 2895 number
762 2865 784 2894 is
802 2863 953 2904 probably
970 2862 1111 2893 omitted.
