<?xml version="1.0" encoding="UTF-8"?>
<!DOCTYPE html PUBLIC "-//W3C//DTD XHTML 1.0 Transitional//EN"
    "http://www.w3.org/TR/xhtml1/DTD/xhtml1-transitional.dtd">
<html xmlns="http://www.w3.org/1999/xhtml" xml:lang="en" lang="en">
 <head>
  <title>
</title>
<meta http-equiv="Content-Type" content="text/html;charset=utf-8" />
  <meta name='ocr-system' content='tesseract 3.04.00' />
  <meta name='ocr-capabilities' content='ocr_page ocr_carea ocr_par ocr_line ocrx_word'/>
</head>
<body>
  <div class='ocr_page' id='page_1' title='image "actaconciliitrid00paleuoft_0531.png"; bbox 0 0 1905 3254; ppageno 0'>
   <div class='ocr_carea' id='block_1_1' title="bbox 677 262 1516 305">
    <p class='ocr_par' dir='ltr' id='par_1_1' title="bbox 677 262 1516 305">
     <span class='ocr_line' id='line_1_1' title="bbox 677 262 1516 305; baseline -0.005 0"><span class='ocrx_word' id='word_1_1' title='bbox 677 276 790 305; x_wconf 84' lang='lat' dir='ltr'>SESS.</span> <span class='ocrx_word' id='word_1_2' title='bbox 818 277 895 305; x_wconf 79' lang='lat' dir='ltr'>vn.</span> <span class='ocrx_word' id='word_1_3' title='bbox 1433 262 1516 302; x_wconf 83' lang='lat'>383</span> 
     </span>
    </p>
   </div>
   <div class='ocr_carea' id='block_1_2' title="bbox 52 381 1525 2842">
    <p class='ocr_par' dir='ltr' id='par_1_2' title="bbox 52 381 1525 2842">
     <span class='ocr_line' id='line_1_2' title="bbox 57 381 1515 439; baseline -0.001 -15"><span class='ocrx_word' id='word_1_4' title='bbox 57 387 255 424; x_wconf 84' lang='lat' dir='ltr'>asserunt</span> <span class='ocrx_word' id='word_1_5' title='bbox 284 381 528 423; x_wconf 87' lang='lat' dir='ltr'>Concilium</span> <span class='ocrx_word' id='word_1_6' title='bbox 558 397 651 423; x_wconf 88' lang='lat' dir='ltr'>esse</span> <span class='ocrx_word' id='word_1_7' title='bbox 684 398 819 439; x_wconf 91' lang='lat' dir='ltr'>supra</span> <span class='ocrx_word' id='word_1_8' title='bbox 850 383 1035 439; x_wconf 83' lang='lat' dir='ltr'>Papam,</span> <span class='ocrx_word' id='word_1_9' title='bbox 1060 383 1278 424; x_wconf 89' lang='lat' dir='ltr'>ullatenus</span> <span class='ocrx_word' id='word_1_10' title='bbox 1309 382 1515 424; x_wconf 86' lang='lat' dir='ltr'>laedatur.</span> 
     </span>
     <span class='ocr_line' id='line_1_3' title="bbox 59 455 1516 512; baseline 0 -15"><span class='ocrx_word' id='word_1_11' title='bbox 59 456 282 511; x_wconf 87' lang='lat' dir='ltr'>Hispanos</span> <span class='ocrx_word' id='word_1_12' title='bbox 304 456 407 497; x_wconf 89' lang='lat' dir='ltr'>item</span> <span class='ocrx_word' id='word_1_13' title='bbox 429 455 557 503; x_wconf 88' lang='lat' dir='ltr'>nolle,</span> <span class='ocrx_word' id='word_1_14' title='bbox 575 462 626 496; x_wconf 93' lang='lat' dir='ltr'>ut</span> <span class='ocrx_word' id='word_1_15' title='bbox 649 471 798 496; x_wconf 89' lang='lat' dir='ltr'>eorum</span> <span class='ocrx_word' id='word_1_16' title='bbox 816 457 965 512; x_wconf 88' lang='lat' dir='ltr'>opinio</span> <span class='ocrx_word' id='word_1_17' title='bbox 989 456 1043 497; x_wconf 88' lang='lat' dir='ltr'>de</span> <span class='ocrx_word' id='word_1_18' title='bbox 1066 456 1097 498; x_wconf 88' lang='lat' dir='ltr'><strong>J</strong></span> <span class='ocrx_word' id='word_1_19' title='bbox 1101 455 1382 497; x_wconf 83' lang='lat' dir='ltr'>urisdictione</span> <span class='ocrx_word' id='word_1_20' title='bbox 1405 456 1516 512; x_wconf 86' lang='lat' dir='ltr'>Epi-</span> 
     </span>
     <span class='ocr_line' id='line_1_4' title="bbox 54 528 1516 585; baseline -0.001 -14"><span class='ocrx_word' id='word_1_21' title='bbox 54 543 296 585; x_wconf 88' lang='lat' dir='ltr'>scoporum,</span> <span class='ocrx_word' id='word_1_22' title='bbox 321 528 440 585; x_wconf 88' lang='lat' dir='ltr'>quod</span> <span class='ocrx_word' id='word_1_23' title='bbox 471 528 721 569; x_wconf 89' lang='lat' dir='ltr'>immediate</span> <span class='ocrx_word' id='word_1_24' title='bbox 757 544 781 569; x_wconf 86' lang='lat' dir='ltr'>a</span> <span class='ocrx_word' id='word_1_25' title='bbox 814 529 992 570; x_wconf 86' lang='lat' dir='ltr'>Christo</span> <span class='ocrx_word' id='word_1_26' title='bbox 1021 530 1334 585; x_wconf 88' lang='lat' dir='ltr'>proficiscatur,</span> <span class='ocrx_word' id='word_1_27' title='bbox 1358 530 1516 585; x_wconf 90' lang='lat' dir='ltr'>impro-</span> 
     </span>
     <span class='ocr_line' id='line_1_5' title="bbox 55 601 1518 657; baseline 0.001 -16"><span class='ocrx_word' id='word_1_28' title='bbox 55 601 185 641; x_wconf 83' lang='lat' dir='ltr'>betur</span> <span class='ocrx_word' id='word_1_29' title='bbox 198 617 208 651; x_wconf 90' lang='lat'>;</span> <span class='ocrx_word' id='word_1_30' title='bbox 232 601 430 656; x_wconf 89' lang='lat' dir='ltr'>alioquin</span> <span class='ocrx_word' id='word_1_31' title='bbox 454 607 689 656; x_wconf 88' lang='lat' dir='ltr'>utramque</span> <span class='ocrx_word' id='word_1_32' title='bbox 710 601 928 642; x_wconf 89' lang='lat' dir='ltr'>nationem</span> <span class='ocrx_word' id='word_1_33' title='bbox 949 602 1074 642; x_wconf 84' lang='lat' dir='ltr'>enixe</span> <span class='ocrx_word' id='word_1_34' title='bbox 1092 607 1257 656; x_wconf 90' lang='lat' dir='ltr'>petere,</span> <span class='ocrx_word' id='word_1_35' title='bbox 1283 607 1333 641; x_wconf 94' lang='lat' dir='ltr'>ut</span> <span class='ocrx_word' id='word_1_36' title='bbox 1355 603 1390 642; x_wconf 91' lang='lat' dir='ltr'>si</span> <span class='ocrx_word' id='word_1_37' title='bbox 1412 601 1518 657; x_wconf 90' lang='lat' dir='ltr'>quid</span> 
     </span>
     <span class='ocr_line' id='line_1_6' title="bbox 56 672 1517 729; baseline 0.001 -16"><span class='ocrx_word' id='word_1_38' title='bbox 56 672 109 713; x_wconf 90' lang='lat' dir='ltr'>de</span> <span class='ocrx_word' id='word_1_39' title='bbox 142 672 210 713; x_wconf 92' lang='lat' dir='ltr'>his</span> <span class='ocrx_word' id='word_1_40' title='bbox 244 673 530 714; x_wconf 89' lang='lat' dir='ltr'>statuendum</span> <span class='ocrx_word' id='word_1_41' title='bbox 554 673 619 721; x_wconf 91' lang='lat' dir='ltr'>sit,</span> <span class='ocrx_word' id='word_1_42' title='bbox 644 673 767 729; x_wconf 86' lang='lat' dir='ltr'>prius</span> <span class='ocrx_word' id='word_1_43' title='bbox 788 674 902 714; x_wconf 89' lang='lat' dir='ltr'>inter</span> <span class='ocrx_word' id='word_1_44' title='bbox 923 674 1081 714; x_wconf 87' lang='lat' dir='ltr'>Patres</span> <span class='ocrx_word' id='word_1_45' title='bbox 1103 673 1367 729; x_wconf 90' lang='lat' dir='ltr'>disputetur.</span> <span class='ocrx_word' id='word_1_46' title='bbox 1432 674 1517 714; x_wconf 89' lang='lat' dir='ltr'>Le-</span> 
     </span>
     <span class='ocr_line' id='line_1_7' title="bbox 55 745 1519 801; baseline 0.001 -16"><span class='ocrx_word' id='word_1_47' title='bbox 55 745 169 800; x_wconf 88' lang='lat' dir='ltr'>gatis</span> <span class='ocrx_word' id='word_1_48' title='bbox 191 745 381 786; x_wconf 87' lang='lat' dir='ltr'>alienum</span> <span class='ocrx_word' id='word_1_49' title='bbox 404 745 560 793; x_wconf 85' lang='lat' dir='ltr'>videri,</span> <span class='ocrx_word' id='word_1_50' title='bbox 587 745 666 786; x_wconf 89' lang='lat' dir='ltr'>hoc</span> <span class='ocrx_word' id='word_1_51' title='bbox 696 752 892 801; x_wconf 89' lang='lat' dir='ltr'>tempore</span> <span class='ocrx_word' id='word_1_52' title='bbox 917 752 1006 786; x_wconf 87' lang='lat' dir='ltr'>tam</span> <span class='ocrx_word' id='word_1_53' title='bbox 1030 752 1174 786; x_wconf 78' lang='lat' dir='ltr'>vastas</span> <span class='ocrx_word' id='word_1_54' title='bbox 1196 745 1519 801; x_wconf 79' lang='lat' dir='ltr'>disputationes</span> 
     </span>
     <span class='ocr_line' id='line_1_8' title="bbox 53 817 1519 874; baseline 0.001 -16"><span class='ocrx_word' id='word_1_55' title='bbox 53 817 239 874; x_wconf 81' lang='lat' dir='ltr'>ingredi,</span> <span class='ocrx_word' id='word_1_56' title='bbox 258 833 356 874; x_wconf 84' lang='lat' dir='ltr'>quae</span> <span class='ocrx_word' id='word_1_57' title='bbox 378 819 529 860; x_wconf 86' lang='lat' dir='ltr'>multis</span> <span class='ocrx_word' id='word_1_58' title='bbox 550 819 773 860; x_wconf 87' lang='lat' dir='ltr'>mensibus</span> <span class='ocrx_word' id='word_1_59' title='bbox 790 834 875 860; x_wconf 91' lang='lat' dir='ltr'>non</span> <span class='ocrx_word' id='word_1_60' title='bbox 895 819 1230 860; x_wconf 74' lang='lat' dir='ltr'>absolverentur</span> <span class='ocrx_word' id='word_1_61' title='bbox 1246 837 1257 869; x_wconf 79' lang='lat'><em>3</em></span> <span class='ocrx_word' id='word_1_62' title='bbox 1288 819 1363 860; x_wconf 88' lang='lat' dir='ltr'>sed</span> <span class='ocrx_word' id='word_1_63' title='bbox 1381 820 1519 861; x_wconf 89' lang='lat' dir='ltr'>satius</span> 
     </span>
     <span class='ocr_line' id='line_1_9' title="bbox 56 892 1519 949; baseline 0.001 -17"><span class='ocrx_word' id='word_1_64' title='bbox 56 907 147 933; x_wconf 87' lang='lat' dir='ltr'>esse</span> <span class='ocrx_word' id='word_1_65' title='bbox 180 893 233 932; x_wconf 87' lang='lat' dir='ltr'>iis</span> <span class='ocrx_word' id='word_1_66' title='bbox 264 892 506 934; x_wconf 88' lang='lat' dir='ltr'>doctrinam</span> <span class='ocrx_word' id='word_1_67' title='bbox 529 893 674 934; x_wconf 85' lang='lat' dir='ltr'>verbis</span> <span class='ocrx_word' id='word_1_68' title='bbox 704 908 976 948; x_wconf 86' lang='lat' dir='ltr'>componere,</span> <span class='ocrx_word' id='word_1_69' title='bbox 1000 894 1163 949; x_wconf 88' lang='lat' dir='ltr'>quibus</span> <span class='ocrx_word' id='word_1_70' title='bbox 1190 899 1349 934; x_wconf 90' lang='lat' dir='ltr'>neutra</span> <span class='ocrx_word' id='word_1_71' title='bbox 1374 894 1519 948; x_wconf 82' lang='lat' dir='ltr'>opinio</span> 
     </span>
     <span class='ocr_line' id='line_1_10' title="bbox 57 964 1519 1023; baseline 0.001 -17"><span class='ocrx_word' id='word_1_72' title='bbox 57 964 302 1014; x_wconf 80' lang='lat' dir='ltr'>damnetur,</span> <span class='ocrx_word' id='word_1_73' title='bbox 330 981 406 1007; x_wconf 90' lang='lat' dir='ltr'>nee</span> <span class='ocrx_word' id='word_1_74' title='bbox 444 974 589 1007; x_wconf 91' lang='lat' dir='ltr'>tamen</span> <span class='ocrx_word' id='word_1_75' title='bbox 623 966 723 1007; x_wconf 90' lang='lat' dir='ltr'>inde</span> <span class='ocrx_word' id='word_1_76' title='bbox 760 966 996 1022; x_wconf 87' lang='lat' dir='ltr'>quicquam</span> <span class='ocrx_word' id='word_1_77' title='bbox 1030 967 1084 1008; x_wconf 92' lang='lat' dir='ltr'>de</span> <span class='ocrx_word' id='word_1_78' title='bbox 1112 967 1330 1023; x_wconf 82' lang='lat' dir='ltr'>dignitate</span> <span class='ocrx_word' id='word_1_79' title='bbox 1354 968 1519 1008; x_wconf 87' lang='lat' dir='ltr'>Sancti-</span> 
     </span>
     <span class='ocr_line' id='line_1_11' title="bbox 57 1038 1519 1095; baseline 0.001 -16"><span class='ocrx_word' id='word_1_80' title='bbox 57 1039 162 1080; x_wconf 87' lang='lat' dir='ltr'>tatis</span> <span class='ocrx_word' id='word_1_81' title='bbox 194 1054 284 1079; x_wconf 84' lang='lat' dir='ltr'>suae</span> <span class='ocrx_word' id='word_1_82' title='bbox 317 1038 585 1080; x_wconf 84' lang='lat' dir='ltr'>detrahatur.</span> <span class='ocrx_word' id='word_1_83' title='bbox 647 1039 779 1079; x_wconf 85' lang='lat' dir='ltr'>Nunc</span> <span class='ocrx_word' id='word_1_84' title='bbox 813 1053 961 1079; x_wconf 90' lang='lat' dir='ltr'>eorum</span> <span class='ocrx_word' id='word_1_85' title='bbox 996 1040 1223 1080; x_wconf 84' lang='lat' dir='ltr'>eonsilium</span> <span class='ocrx_word' id='word_1_86' title='bbox 1247 1040 1354 1095; x_wconf 90' lang='lat' dir='ltr'>peti,</span> <span class='ocrx_word' id='word_1_87' title='bbox 1379 1055 1432 1080; x_wconf 88' lang='lat' dir='ltr'>an</span> <span class='ocrx_word' id='word_1_88' title='bbox 1465 1055 1519 1081; x_wconf 88' lang='lat' dir='ltr'>ex</span> 
     </span>
     <span class='ocr_line' id='line_1_12' title="bbox 52 1111 1520 1169; baseline 0.001 -17"><span class='ocrx_word' id='word_1_89' title='bbox 52 1111 133 1152; x_wconf 89' lang='lat' dir='ltr'>hae</span> <span class='ocrx_word' id='word_1_90' title='bbox 154 1111 348 1152; x_wconf 85' lang='lat' dir='ltr'>doctrina</span> <span class='ocrx_word' id='word_1_91' title='bbox 362 1111 563 1152; x_wconf 85' lang='lat' dir='ltr'>videatur</span> <span class='ocrx_word' id='word_1_92' title='bbox 585 1112 708 1152; x_wconf 78' lang='lat' dir='ltr'>salva</span> <span class='ocrx_word' id='word_1_93' title='bbox 729 1112 772 1151; x_wconf 92' lang='lat' dir='ltr'>in</span> <span class='ocrx_word' id='word_1_94' title='bbox 795 1112 1000 1152; x_wconf 90' lang='lat' dir='ltr'>omnibus</span> <span class='ocrx_word' id='word_1_95' title='bbox 1023 1113 1207 1168; x_wconf 85' lang='lat' dir='ltr'>antiqua</span> <span class='ocrx_word' id='word_1_96' title='bbox 1232 1112 1358 1153; x_wconf 84' lang='lat' dir='ltr'>Sedis</span> <span class='ocrx_word' id='word_1_97' title='bbox 1377 1114 1520 1169; x_wconf 88' lang='lat' dir='ltr'>Apos-</span> 
     </span>
     <span class='ocr_line' id='line_1_13' title="bbox 54 1183 1518 1240; baseline 0 -16"><span class='ocrx_word' id='word_1_98' title='bbox 54 1183 197 1224; x_wconf 82' lang='lat' dir='ltr'>tolicae</span> <span class='ocrx_word' id='word_1_99' title='bbox 234 1184 479 1225; x_wconf 85' lang='lat' dir='ltr'>authoritas</span> <span class='ocrx_word' id='word_1_100' title='bbox 511 1184 710 1239; x_wconf 89' lang='lat' dir='ltr'>relinqui.</span> <span class='ocrx_word' id='word_1_101' title='bbox 775 1183 890 1224; x_wconf 87' lang='lat' dir='ltr'>Satis</span> <span class='ocrx_word' id='word_1_102' title='bbox 925 1183 1122 1239; x_wconf 82' lang='lat' dir='ltr'>Legatos</span> <span class='ocrx_word' id='word_1_103' title='bbox 1158 1199 1404 1240; x_wconf 89' lang='lat' dir='ltr'>agnoscere,</span> <span class='ocrx_word' id='word_1_104' title='bbox 1442 1199 1518 1239; x_wconf 94' lang='lat' dir='ltr'>po-</span> 
     </span>
     <span class='ocr_line' id='line_1_14' title="bbox 59 1255 1519 1312; baseline -0.001 -15"><span class='ocrx_word' id='word_1_105' title='bbox 59 1256 194 1297; x_wconf 89' lang='lat' dir='ltr'>tuisse</span> <span class='ocrx_word' id='word_1_106' title='bbox 227 1257 421 1305; x_wconf 84' lang='lat' dir='ltr'>uberius,</span> <span class='ocrx_word' id='word_1_107' title='bbox 459 1263 503 1297; x_wconf 87' lang='lat' dir='ltr'>et</span> <span class='ocrx_word' id='word_1_108' title='bbox 543 1256 898 1311; x_wconf 87' lang='lat' dir='ltr'>magnificentius</span> <span class='ocrx_word' id='word_1_109' title='bbox 934 1255 1243 1297; x_wconf 86' lang='lat' dir='ltr'>authoritatem</span> <span class='ocrx_word' id='word_1_110' title='bbox 1276 1258 1412 1312; x_wconf 63' lang='lat' dir='ltr'>Papae</span> <span class='ocrx_word' id='word_1_111' title='bbox 1448 1271 1519 1297; x_wconf 90' lang='lat' dir='ltr'>ex-</span> 
     </span>
     <span class='ocr_line' id='line_1_15' title="bbox 57 1328 1520 1384; baseline 0.001 -15"><span class='ocrx_word' id='word_1_112' title='bbox 57 1328 176 1377; x_wconf 89' lang='lat' dir='ltr'>tolli;</span> <span class='ocrx_word' id='word_1_113' title='bbox 201 1335 405 1377; x_wconf 85' lang='lat' dir='ltr'>attamen,</span> <span class='ocrx_word' id='word_1_114' title='bbox 428 1335 615 1384; x_wconf 88' lang='lat' dir='ltr'>urgente</span> <span class='ocrx_word' id='word_1_115' title='bbox 636 1343 747 1369; x_wconf 88' lang='lat' dir='ltr'>nunc</span> <span class='ocrx_word' id='word_1_116' title='bbox 766 1328 950 1369; x_wconf 82' lang='lat' dir='ltr'>Concilii</span> <span class='ocrx_word' id='word_1_117' title='bbox 973 1329 1227 1370; x_wconf 80' lang='lat' dir='ltr'>absolvendi</span> <span class='ocrx_word' id='word_1_118' title='bbox 1248 1330 1520 1378; x_wconf 88' lang='lat' dir='ltr'>necessitate,</span> 
     </span>
     <span class='ocr_line' id='line_1_16' title="bbox 57 1402 1523 1460; baseline 0.001 -17"><span class='ocrx_word' id='word_1_119' title='bbox 57 1402 129 1443; x_wconf 87' lang='lat' dir='ltr'>vix</span> <span class='ocrx_word' id='word_1_120' title='bbox 150 1402 196 1443; x_wconf 90' lang='lat' dir='ltr'>id</span> <span class='ocrx_word' id='word_1_121' title='bbox 217 1403 418 1458; x_wconf 80' lang='lat' dir='ltr'>praestari</span> <span class='ocrx_word' id='word_1_122' title='bbox 440 1418 578 1459; x_wconf 86' lang='lat' dir='ltr'>posse,</span> <span class='ocrx_word' id='word_1_123' title='bbox 603 1419 700 1444; x_wconf 92' lang='lat' dir='ltr'>cum</span> <span class='ocrx_word' id='word_1_124' title='bbox 720 1410 1028 1459; x_wconf 87' lang='lat' dir='ltr'>argumentum</span> <span class='ocrx_word' id='word_1_125' title='bbox 1051 1403 1130 1445; x_wconf 88' lang='lat' dir='ltr'>hoc</span> <span class='ocrx_word' id='word_1_126' title='bbox 1152 1404 1327 1460; x_wconf 89' lang='lat' dir='ltr'>longius</span> <span class='ocrx_word' id='word_1_127' title='bbox 1344 1411 1523 1459; x_wconf 89' lang='lat' dir='ltr'>tempus</span> 
     </span>
     <span class='ocr_line' id='line_1_17' title="bbox 56 1475 1520 1534; baseline 0.001 -18"><span class='ocrx_word' id='word_1_128' title='bbox 56 1475 276 1531; x_wconf 85' lang='lat' dir='ltr'>requiret:</span> <span class='ocrx_word' id='word_1_129' title='bbox 310 1491 469 1531; x_wconf 89' lang='lat' dir='ltr'>cupere</span> <span class='ocrx_word' id='word_1_130' title='bbox 502 1476 600 1517; x_wconf 89' lang='lat' dir='ltr'>ideo</span> <span class='ocrx_word' id='word_1_131' title='bbox 633 1492 705 1517; x_wconf 94' lang='lat' dir='ltr'>eos</span> <span class='ocrx_word' id='word_1_132' title='bbox 740 1477 796 1517; x_wconf 91' lang='lat' dir='ltr'>ab</span> <span class='ocrx_word' id='word_1_133' title='bbox 827 1476 893 1517; x_wconf 85' lang='lat' dir='ltr'>his</span> <span class='ocrx_word' id='word_1_134' title='bbox 922 1477 1034 1517; x_wconf 90' lang='lat' dir='ltr'>illud</span> <span class='ocrx_word' id='word_1_135' title='bbox 1056 1483 1229 1518; x_wconf 90' lang='lat' dir='ltr'>tantum</span> <span class='ocrx_word' id='word_1_136' title='bbox 1252 1477 1520 1534; x_wconf 89' lang='lat' dir='ltr'>responderi,</span> 
     </span>
     <span class='ocr_line' id='line_1_18' title="bbox 57 1547 1522 1605; baseline 0.002 -17"><span class='ocrx_word' id='word_1_137' title='bbox 57 1563 110 1589; x_wconf 88' lang='lat' dir='ltr'>an</span> <span class='ocrx_word' id='word_1_138' title='bbox 145 1547 243 1590; x_wconf 89' lang='lat' dir='ltr'>hinc</span> <span class='ocrx_word' id='word_1_139' title='bbox 275 1549 582 1605; x_wconf 78' lang='lat' dir='ltr'>praejudicium</span> <span class='ocrx_word' id='word_1_140' title='bbox 618 1549 844 1605; x_wconf 89' lang='lat' dir='ltr'>quodlibet</span> <span class='ocrx_word' id='word_1_141' title='bbox 880 1549 1017 1605; x_wconf 81' lang='lat' dir='ltr'>Papae</span> <span class='ocrx_word' id='word_1_142' title='bbox 1040 1550 1312 1591; x_wconf 82' lang='lat' dir='ltr'>excludatur.</span> <span class='ocrx_word' id='word_1_143' title='bbox 1375 1551 1522 1597; x_wconf 90' lang='lat' dir='ltr'>Nunc,</span> 
     </span>
     <span class='ocr_line' id='line_1_19' title="bbox 57 1621 1519 1678; baseline 0.001 -16"><span class='ocrx_word' id='word_1_144' title='bbox 57 1621 176 1677; x_wconf 90' lang='lat' dir='ltr'>quod</span> <span class='ocrx_word' id='word_1_145' title='bbox 213 1622 257 1661; x_wconf 92' lang='lat' dir='ltr'>in</span> <span class='ocrx_word' id='word_1_146' title='bbox 290 1622 471 1678; x_wconf 89' lang='lat' dir='ltr'>singulis</span> <span class='ocrx_word' id='word_1_147' title='bbox 505 1622 595 1663; x_wconf 88' lang='lat' dir='ltr'>fere</span> <span class='ocrx_word' id='word_1_148' title='bbox 630 1622 773 1663; x_wconf 84' lang='lat' dir='ltr'>verbis</span> <span class='ocrx_word' id='word_1_149' title='bbox 805 1623 1087 1663; x_wconf 87' lang='lat' dir='ltr'>observatum</span> <span class='ocrx_word' id='word_1_150' title='bbox 1126 1623 1260 1664; x_wconf 87' lang='lat' dir='ltr'>fuerit</span> <span class='ocrx_word' id='word_1_151' title='bbox 1292 1638 1519 1678; x_wconf 87' lang='lat' dir='ltr'>exponam.</span> 
     </span>
     <span class='ocr_line' id='line_1_20' title="bbox 60 1694 1522 1751; baseline 0.001 -15"><span class='ocrx_word' id='word_1_152' title='bbox 60 1696 125 1736; x_wconf 90' lang='lat' dir='ltr'>Ac</span> <span class='ocrx_word' id='word_1_153' title='bbox 146 1695 338 1750; x_wconf 91' lang='lat' dir='ltr'>primum</span> <span class='ocrx_word' id='word_1_154' title='bbox 362 1694 484 1742; x_wconf 87' lang='lat' dir='ltr'>illud,</span> <span class='ocrx_word' id='word_1_155' title='bbox 521 1694 645 1735; x_wconf 86' lang='lat' dir='ltr'>Sedis</span> <span class='ocrx_word' id='word_1_156' title='bbox 678 1695 850 1750; x_wconf 82' lang='lat' dir='ltr'>Aplicae</span> <span class='ocrx_word' id='word_1_157' title='bbox 884 1694 1167 1743; x_wconf 87' lang='lat' dir='ltr'>authoritate,</span> <span class='ocrx_word' id='word_1_158' title='bbox 1202 1696 1333 1751; x_wconf 87' lang='lat' dir='ltr'>pauci</span> <span class='ocrx_word' id='word_1_159' title='bbox 1366 1697 1522 1751; x_wconf 91' lang='lat' dir='ltr'>proba-</span> 
     </span>
     <span class='ocr_line' id='line_1_21' title="bbox 58 1767 1521 1824; baseline 0.001 -14"><span class='ocrx_word' id='word_1_160' title='bbox 58 1775 227 1817; x_wconf 90' lang='lat' dir='ltr'>verunt,</span> <span class='ocrx_word' id='word_1_161' title='bbox 260 1768 464 1824; x_wconf 86' lang='lat' dir='ltr'>plerique</span> <span class='ocrx_word' id='word_1_162' title='bbox 496 1767 771 1808; x_wconf 88' lang='lat' dir='ltr'>damnarunt.</span> <span class='ocrx_word' id='word_1_163' title='bbox 835 1767 921 1817; x_wconf 84' lang='lat' dir='ltr'>Qui</span> <span class='ocrx_word' id='word_1_164' title='bbox 944 1768 1193 1823; x_wconf 82' lang='lat' dir='ltr'>probabant</span> <span class='ocrx_word' id='word_1_165' title='bbox 1214 1769 1521 1816; x_wconf 80' lang='lat' dir='ltr'>movebantur,</span> 
     </span>
     <span class='ocr_line' id='line_1_22' title="bbox 59 1840 1521 1897; baseline 0.001 -15"><span class='ocrx_word' id='word_1_166' title='bbox 59 1841 178 1897; x_wconf 89' lang='lat' dir='ltr'>quod</span> <span class='ocrx_word' id='word_1_167' title='bbox 207 1841 287 1882; x_wconf 84' lang='lat' dir='ltr'>hoc</span> <span class='ocrx_word' id='word_1_168' title='bbox 317 1855 474 1881; x_wconf 91' lang='lat' dir='ltr'>nomen</span> <span class='ocrx_word' id='word_1_169' title='bbox 510 1855 563 1881; x_wconf 91' lang='lat' dir='ltr'>ex</span> <span class='ocrx_word' id='word_1_170' title='bbox 596 1840 812 1881; x_wconf 88' lang='lat' dir='ltr'>communi</span> <span class='ocrx_word' id='word_1_171' title='bbox 848 1855 931 1880; x_wconf 91' lang='lat' dir='ltr'>usu</span> <span class='ocrx_word' id='word_1_172' title='bbox 966 1840 1187 1895; x_wconf 90' lang='lat' dir='ltr'>loquendi,</span> <span class='ocrx_word' id='word_1_173' title='bbox 1223 1847 1266 1881; x_wconf 92' lang='lat' dir='ltr'>et</span> <span class='ocrx_word' id='word_1_174' title='bbox 1294 1842 1456 1897; x_wconf 86' lang='lat' dir='ltr'>passim</span> <span class='ocrx_word' id='word_1_175' title='bbox 1476 1842 1521 1883; x_wconf 92' lang='lat' dir='ltr'>in</span> 
     </span>
     <span class='ocr_line' id='line_1_23' title="bbox 60 1912 1520 1969; baseline 0 -14"><span class='ocrx_word' id='word_1_176' title='bbox 60 1913 370 1955; x_wconf 86' lang='lat' dir='ltr'>Deeretalibus</span> <span class='ocrx_word' id='word_1_177' title='bbox 397 1927 474 1969; x_wconf 93' lang='lat' dir='ltr'>pro</span> <span class='ocrx_word' id='word_1_178' title='bbox 510 1913 719 1953; x_wconf 88' lang='lat' dir='ltr'>Pontifiee</span> <span class='ocrx_word' id='word_1_179' title='bbox 742 1919 913 1953; x_wconf 85' lang='lat' dir='ltr'>tantum</span> <span class='ocrx_word' id='word_1_180' title='bbox 938 1912 1134 1953; x_wconf 82' lang='lat' dir='ltr'>Romano</span> <span class='ocrx_word' id='word_1_181' title='bbox 1156 1913 1392 1968; x_wconf 83' lang='lat' dir='ltr'>accipitur3</span> <span class='ocrx_word' id='word_1_182' title='bbox 1414 1920 1466 1955; x_wconf 93' lang='lat' dir='ltr'>ut</span> <span class='ocrx_word' id='word_1_183' title='bbox 1486 1930 1520 1955; x_wconf 91' lang='grc'>0.</span> 
     </span>
     <span class='ocr_line' id='line_1_24' title="bbox 60 1985 1523 2041; baseline 0.001 -14"><span class='ocrx_word' id='word_1_184' title='bbox 60 2001 143 2027; x_wconf 93' lang='lat' dir='ltr'>non</span> <span class='ocrx_word' id='word_1_185' title='bbox 174 1986 304 2027; x_wconf 86' lang='lat' dir='ltr'>liceat</span> <span class='ocrx_word' id='word_1_186' title='bbox 329 1986 380 2026; x_wconf 76' lang='lat'>12</span> <span class='ocrx_word' id='word_1_187' title='bbox 402 1998 446 2040; x_wconf 75' lang='lat' dir='ltr'>qe</span> <span class='ocrx_word' id='word_1_188' title='bbox 467 1986 505 2025; x_wconf 78' lang='lat'>22.</span> <span class='ocrx_word' id='word_1_189' title='bbox 530 2000 562 2025; x_wconf 87' lang='grc'>0.</span> <span class='ocrx_word' id='word_1_190' title='bbox 588 1985 781 2040; x_wconf 75' lang='lat' dir='ltr'>antiquae</span> <span class='ocrx_word' id='word_1_191' title='bbox 803 1985 856 2025; x_wconf 89' lang='lat' dir='ltr'>de</span> <span class='ocrx_word' id='word_1_192' title='bbox 878 1985 1085 2041; x_wconf 82' lang='lat' dir='ltr'>privileg.</span> <span class='ocrx_word' id='word_1_193' title='bbox 1118 2000 1151 2025; x_wconf 91' lang='grc'>0.</span> <span class='ocrx_word' id='word_1_194' title='bbox 1183 1986 1220 2025; x_wconf 84' lang='grc'>2.</span> <span class='ocrx_word' id='word_1_195' title='bbox 1252 1985 1348 2026; x_wconf 88' lang='lat' dir='ltr'>dist.</span> <span class='ocrx_word' id='word_1_196' title='bbox 1380 1988 1446 2027; x_wconf 83' lang='lat'>22.</span> <span class='ocrx_word' id='word_1_197' title='bbox 1479 1993 1523 2028; x_wconf 89' lang='lat' dir='ltr'>et</span> 
     </span>
     <span class='ocr_line' id='line_1_25' title="bbox 60 2057 1521 2115; baseline 0.001 -15"><span class='ocrx_word' id='word_1_198' title='bbox 60 2059 147 2100; x_wconf 88' lang='lat' dir='ltr'>late</span> <span class='ocrx_word' id='word_1_199' title='bbox 183 2057 303 2115; x_wconf 89' lang='lat' dir='ltr'>apud</span> <span class='ocrx_word' id='word_1_200' title='bbox 339 2057 599 2114; x_wconf 88' lang='lat' dir='ltr'>Cajetanum</span> <span class='ocrx_word' id='word_1_201' title='bbox 635 2057 689 2097; x_wconf 91' lang='lat' dir='ltr'>de</span> <span class='ocrx_word' id='word_1_202' title='bbox 727 2057 851 2113; x_wconf 88' lang='lat' dir='ltr'>prim.</span> <span class='ocrx_word' id='word_1_203' title='bbox 887 2058 1014 2099; x_wconf 87' lang='lat' dir='ltr'>Rom.</span> <span class='ocrx_word' id='word_1_204' title='bbox 1048 2057 1218 2098; x_wconf 88' lang='lat' dir='ltr'>Eccles.</span> <span class='ocrx_word' id='word_1_205' title='bbox 1242 2072 1337 2113; x_wconf 86' lang='lat' dir='ltr'>cap.</span> <span class='ocrx_word' id='word_1_206' title='bbox 1365 2059 1430 2106; x_wconf 79' lang='lat'>12,</span> <span class='ocrx_word' id='word_1_207' title='bbox 1458 2059 1521 2101; x_wconf 85' lang='lat'>13.</span> 
     </span>
     <span class='ocr_line' id='line_1_26' title="bbox 63 2129 1523 2189; baseline -0.001 -16"><span class='ocrx_word' id='word_1_208' title='bbox 63 2132 183 2189; x_wconf 89' lang='lat' dir='ltr'>quod</span> <span class='ocrx_word' id='word_1_209' title='bbox 215 2138 260 2172; x_wconf 92' lang='lat' dir='ltr'>et</span> <span class='ocrx_word' id='word_1_210' title='bbox 289 2136 486 2171; x_wconf 88' lang='lat' dir='ltr'>asserunt</span> <span class='ocrx_word' id='word_1_211' title='bbox 508 2145 656 2171; x_wconf 90' lang='lat' dir='ltr'>omnes</span> <span class='ocrx_word' id='word_1_212' title='bbox 678 2129 902 2179; x_wconf 80' lang='lat' dir='ltr'>Doctores,</span> <span class='ocrx_word' id='word_1_213' title='bbox 928 2130 1178 2172; x_wconf 78' lang='lat' dir='ltr'>Canonistae</span> <span class='ocrx_word' id='word_1_214' title='bbox 1201 2132 1456 2186; x_wconf 68' lang='lat' dir='ltr'>praesertim,</span> <span class='ocrx_word' id='word_1_215' title='bbox 1479 2133 1523 2173; x_wconf 92' lang='lat' dir='ltr'>in</span> 
     </span>
     <span class='ocr_line' id='line_1_27' title="bbox 63 2203 1523 2259; baseline 0 -13"><span class='ocrx_word' id='word_1_216' title='bbox 63 2205 247 2246; x_wconf 88' lang='lat' dir='ltr'>materia</span> <span class='ocrx_word' id='word_1_217' title='bbox 268 2218 366 2259; x_wconf 85' lang='lat' dir='ltr'>quae</span> <span class='ocrx_word' id='word_1_218' title='bbox 389 2203 527 2259; x_wconf 84' lang='lat' dir='ltr'>Papae</span> <span class='ocrx_word' id='word_1_219' title='bbox 549 2210 773 2244; x_wconf 88' lang='lat' dir='ltr'>reservata</span> <span class='ocrx_word' id='word_1_220' title='bbox 790 2210 867 2250; x_wconf 85' lang='lat' dir='ltr'>est,</span> <span class='ocrx_word' id='word_1_221' title='bbox 890 2210 1022 2258; x_wconf 90' lang='lat' dir='ltr'>prout</span> <span class='ocrx_word' id='word_1_222' title='bbox 1042 2210 1106 2244; x_wconf 89' lang='lat' dir='ltr'>est</span> <span class='ocrx_word' id='word_1_223' title='bbox 1126 2203 1210 2244; x_wconf 88' lang='lat' dir='ltr'>ista</span> <span class='ocrx_word' id='word_1_224' title='bbox 1229 2203 1283 2244; x_wconf 92' lang='lat' dir='ltr'>de</span> <span class='ocrx_word' id='word_1_225' title='bbox 1306 2204 1523 2246; x_wconf 86' lang='lat' dir='ltr'>creatione</span> 
     </span>
     <span class='ocr_line' id='line_1_28' title="bbox 63 2275 1523 2334; baseline -0.001 -15"><span class='ocrx_word' id='word_1_226' title='bbox 63 2277 398 2334; x_wconf 88' lang='lat' dir='ltr'>Episcoporum.</span> <span class='ocrx_word' id='word_1_227' title='bbox 429 2276 561 2317; x_wconf 88' lang='lat' dir='ltr'>franc.</span> <span class='ocrx_word' id='word_1_228' title='bbox 588 2291 620 2317; x_wconf 89' lang='lat' dir='ltr'>c.</span> <span class='ocrx_word' id='word_1_229' title='bbox 645 2277 680 2316; x_wconf 91' lang='lat' dir='ltr'>si</span> <span class='ocrx_word' id='word_1_230' title='bbox 703 2276 883 2317; x_wconf 87' lang='lat' dir='ltr'>Abbate</span> <span class='ocrx_word' id='word_1_231' title='bbox 905 2275 958 2316; x_wconf 91' lang='lat' dir='ltr'>de</span> <span class='ocrx_word' id='word_1_232' title='bbox 981 2276 1101 2316; x_wconf 89' lang='lat' dir='ltr'>elect.</span> <span class='ocrx_word' id='word_1_233' title='bbox 1124 2275 1163 2316; x_wconf 83' lang='lat'>6.</span> <span class='ocrx_word' id='word_1_234' title='bbox 1187 2290 1228 2316; x_wconf 93' lang='lat' dir='ltr'>n.</span> <span class='ocrx_word' id='word_1_235' title='bbox 1251 2276 1290 2315; x_wconf 89' lang='lat'>4.</span> <span class='ocrx_word' id='word_1_236' title='bbox 1346 2275 1441 2317; x_wconf 91' lang='lat' dir='ltr'>Imo</span> <span class='ocrx_word' id='word_1_237' title='bbox 1460 2276 1523 2317; x_wconf 80' lang='lat' dir='ltr'>di—</span> 
     </span>
     <span class='ocr_line' id='line_1_29' title="bbox 63 2348 1524 2404; baseline -0.001 -12"><span class='ocrx_word' id='word_1_238' title='bbox 63 2352 232 2399; x_wconf 88' lang='lat' dir='ltr'>cebant,</span> <span class='ocrx_word' id='word_1_239' title='bbox 270 2356 312 2391; x_wconf 88' lang='lat' dir='ltr'>et</span> <span class='ocrx_word' id='word_1_240' title='bbox 347 2349 589 2391; x_wconf 86' lang='lat' dir='ltr'>Concilium</span> <span class='ocrx_word' id='word_1_241' title='bbox 622 2349 701 2390; x_wconf 92' lang='lat' dir='ltr'>hoc</span> <span class='ocrx_word' id='word_1_242' title='bbox 732 2350 816 2390; x_wconf 88' lang='lat' dir='ltr'>sub</span> <span class='ocrx_word' id='word_1_243' title='bbox 848 2349 987 2390; x_wconf 84' lang='lat' dir='ltr'>Paulo</span> <span class='ocrx_word' id='word_1_244' title='bbox 1026 2348 1115 2389; x_wconf 93' lang='lat' dir='ltr'>III.</span> <span class='ocrx_word' id='word_1_245' title='bbox 1149 2348 1190 2388; x_wconf 92' lang='lat' dir='ltr'>in</span> <span class='ocrx_word' id='word_1_246' title='bbox 1219 2349 1446 2404; x_wconf 88' lang='lat' dir='ltr'>principio,</span> <span class='ocrx_word' id='word_1_247' title='bbox 1479 2349 1524 2391; x_wconf 93' lang='lat' dir='ltr'>in</span> 
     </span>
     <span class='ocr_line' id='line_1_30' title="bbox 64 2421 1524 2478; baseline 0.001 -15"><span class='ocrx_word' id='word_1_248' title='bbox 64 2423 214 2464; x_wconf 90' lang='lat' dir='ltr'>eodem</span> <span class='ocrx_word' id='word_1_249' title='bbox 248 2436 376 2462; x_wconf 87' lang='lat' dir='ltr'>sensu</span> <span class='ocrx_word' id='word_1_250' title='bbox 410 2436 579 2463; x_wconf 87' lang='lat' dir='ltr'>sumere</span> <span class='ocrx_word' id='word_1_251' title='bbox 598 2439 609 2473; x_wconf 81' lang='lat'>3</span> <span class='ocrx_word' id='word_1_252' title='bbox 643 2430 687 2464; x_wconf 90' lang='lat' dir='ltr'>et</span> <span class='ocrx_word' id='word_1_253' title='bbox 715 2423 750 2463; x_wconf 90' lang='lat' dir='ltr'>si</span> <span class='ocrx_word' id='word_1_254' title='bbox 773 2437 860 2477; x_wconf 89' lang='lat' dir='ltr'>qua</span> <span class='ocrx_word' id='word_1_255' title='bbox 881 2421 1104 2463; x_wconf 89' lang='lat' dir='ltr'>dubitatio</span> <span class='ocrx_word' id='word_1_256' title='bbox 1126 2427 1251 2469; x_wconf 88' lang='lat' dir='ltr'>esset,</span> <span class='ocrx_word' id='word_1_257' title='bbox 1275 2421 1320 2461; x_wconf 91' lang='lat' dir='ltr'>id</span> <span class='ocrx_word' id='word_1_258' title='bbox 1341 2436 1394 2462; x_wconf 87' lang='lat' dir='ltr'>ex</span> <span class='ocrx_word' id='word_1_259' title='bbox 1418 2422 1524 2478; x_wconf 88' lang='lat' dir='ltr'>Sep-</span> 
     </span>
     <span class='ocr_line' id='line_1_31' title="bbox 64 2493 1523 2549; baseline 0 -14"><span class='ocrx_word' id='word_1_260' title='bbox 64 2495 168 2536; x_wconf 88' lang='lat' dir='ltr'>timo</span> <span class='ocrx_word' id='word_1_261' title='bbox 210 2493 386 2534; x_wconf 88' lang='lat' dir='ltr'>Canone</span> <span class='ocrx_word' id='word_1_262' title='bbox 422 2493 534 2533; x_wconf 87' lang='lat' dir='ltr'>infra</span> <span class='ocrx_word' id='word_1_263' title='bbox 569 2493 895 2542; x_wconf 87' lang='lat' dir='ltr'>declarandum,</span> <span class='ocrx_word' id='word_1_264' title='bbox 939 2509 1027 2549; x_wconf 88' lang='lat' dir='ltr'>quo</span> <span class='ocrx_word' id='word_1_265' title='bbox 1068 2493 1160 2534; x_wconf 90' lang='lat' dir='ltr'>loco</span> <span class='ocrx_word' id='word_1_266' title='bbox 1199 2493 1313 2534; x_wconf 87' lang='lat' dir='ltr'>clare</span> <span class='ocrx_word' id='word_1_267' title='bbox 1350 2493 1523 2542; x_wconf 89' lang='lat' dir='ltr'>dieitur,</span> 
     </span>
     <span class='ocr_line' id='line_1_32' title="bbox 66 2566 1524 2623; baseline 0.001 -15"><span class='ocrx_word' id='word_1_268' title='bbox 66 2567 308 2623; x_wconf 83' lang='lat' dir='ltr'>Episcopos</span> <span class='ocrx_word' id='word_1_269' title='bbox 333 2566 519 2607; x_wconf 87' lang='lat' dir='ltr'>Romani</span> <span class='ocrx_word' id='word_1_270' title='bbox 540 2568 763 2609; x_wconf 87' lang='lat' dir='ltr'>Pontificis</span> <span class='ocrx_word' id='word_1_271' title='bbox 786 2567 1054 2608; x_wconf 88' lang='lat' dir='ltr'>authoritate</span> <span class='ocrx_word' id='word_1_272' title='bbox 1079 2566 1251 2607; x_wconf 88' lang='lat' dir='ltr'>assumi.</span> <span class='ocrx_word' id='word_1_273' title='bbox 1315 2567 1405 2617; x_wconf 83' lang='lat' dir='ltr'>Qui</span> <span class='ocrx_word' id='word_1_274' title='bbox 1427 2582 1524 2609; x_wconf 88' lang='lat' dir='ltr'>con-</span> 
     </span>
     <span class='ocr_line' id='line_1_33' title="bbox 66 2639 1525 2695; baseline 0 -14"><span class='ocrx_word' id='word_1_275' title='bbox 66 2645 133 2681; x_wconf 88' lang='lat' dir='ltr'>tra</span> <span class='ocrx_word' id='word_1_276' title='bbox 166 2640 412 2681; x_wconf 86' lang='lat' dir='ltr'>sentiebant</span> <span class='ocrx_word' id='word_1_277' title='bbox 449 2640 730 2688; x_wconf 85' lang='lat' dir='ltr'>verebantur,</span> <span class='ocrx_word' id='word_1_278' title='bbox 767 2640 865 2681; x_wconf 90' lang='lat' dir='ltr'>hinc</span> <span class='ocrx_word' id='word_1_279' title='bbox 902 2640 1042 2695; x_wconf 85' lang='lat' dir='ltr'>sequi,</span> <span class='ocrx_word' id='word_1_280' title='bbox 1076 2640 1320 2695; x_wconf 85' lang='lat' dir='ltr'>Episcopos</span> <span class='ocrx_word' id='word_1_281' title='bbox 1352 2639 1410 2680; x_wconf 91' lang='lat' dir='ltr'>ab</span> <span class='ocrx_word' id='word_1_282' title='bbox 1439 2640 1525 2681; x_wconf 88' lang='lat' dir='ltr'>alio</span> 
     </span>
     <span class='ocr_line' id='line_1_34' title="bbox 68 2711 1523 2770; baseline -0.001 -15"><span class='ocrx_word' id='word_1_283' title='bbox 68 2727 198 2769; x_wconf 88' lang='lat' dir='ltr'>quam</span> <span class='ocrx_word' id='word_1_284' title='bbox 227 2729 252 2755; x_wconf 89' lang='lat' dir='ltr'>a</span> <span class='ocrx_word' id='word_1_285' title='bbox 273 2714 399 2769; x_wconf 87' lang='lat' dir='ltr'>Papa</span> <span class='ocrx_word' id='word_1_286' title='bbox 421 2714 581 2754; x_wconf 85' lang='lat' dir='ltr'>assumi</span> <span class='ocrx_word' id='word_1_287' title='bbox 604 2729 729 2770; x_wconf 88' lang='lat' dir='ltr'>posse</span> <span class='ocrx_word' id='word_1_288' title='bbox 749 2730 756 2761; x_wconf 80' lang='lat'><em>3</em></span> <span class='ocrx_word' id='word_1_289' title='bbox 797 2727 894 2754; x_wconf 89' lang='lat' dir='ltr'>cum</span> <span class='ocrx_word' id='word_1_290' title='bbox 919 2712 1054 2753; x_wconf 88' lang='lat' dir='ltr'>Sedes</span> <span class='ocrx_word' id='word_1_291' title='bbox 1076 2712 1333 2768; x_wconf 85' lang='lat' dir='ltr'>Apostoliea</span> <span class='ocrx_word' id='word_1_292' title='bbox 1363 2718 1407 2754; x_wconf 90' lang='lat' dir='ltr'>et</span> <span class='ocrx_word' id='word_1_293' title='bbox 1430 2711 1523 2754; x_wconf 92' lang='lat' dir='ltr'>Me-</span> 
     </span>
     <span class='ocr_line' id='line_1_35' title="bbox 68 2785 1525 2842; baseline 0 -16"><span class='ocrx_word' id='word_1_294' title='bbox 68 2787 330 2842; x_wconf 86' lang='lat' dir='ltr'>tropolitana</span> <span class='ocrx_word' id='word_1_295' title='bbox 348 2786 619 2827; x_wconf 82' lang='lat' dir='ltr'>conveniant.</span> <span class='ocrx_word' id='word_1_296' title='bbox 656 2801 689 2826; x_wconf 90' lang='lat' dir='ltr'>e.</span> <span class='ocrx_word' id='word_1_297' title='bbox 724 2786 1012 2827; x_wconf 81' lang='lat' dir='ltr'>ordinationes</span> <span class='ocrx_word' id='word_1_298' title='bbox 1046 2785 1101 2825; x_wconf 78' lang='lat'>64</span> <span class='ocrx_word' id='word_1_299' title='bbox 1132 2791 1175 2825; x_wconf 92' lang='lat' dir='ltr'>et</span> <span class='ocrx_word' id='word_1_300' title='bbox 1208 2785 1273 2826; x_wconf 81' lang='lat'>75.</span> <span class='ocrx_word' id='word_1_301' title='bbox 1304 2786 1417 2834; x_wconf 67' lang='lat' dir='ltr'>dist„</span> <span class='ocrx_word' id='word_1_302' title='bbox 1447 2785 1525 2826; x_wconf 90' lang='lat' dir='ltr'>ubi</span> 
     </span>
    </p>
   </div>
  </div>
 </body>
</html>
