1905 3254
684 309 793 340 sEss.
820 309 896 339 vn.
1439 293 1523 334 343

58 412 271 469 principio
299 413 371 459 ait,
393 414 644 454 institutum
667 419 719 454 ut
741 419 897 462 essent,
920 419 964 454 et
982 428 1068 454 non
1090 413 1296 470 explicat,
1321 427 1375 453 an
1405 426 1519 452 nunc

59 484 156 531 sint,
189 499 244 524 an
264 483 404 525 futuri
426 484 524 525 sint.
588 484 774 534 Deinde,
804 501 902 526 cum
935 486 996 527 ait
1024 486 1078 526 de
1100 485 1333 541 Episcopis
1356 485 1520 526 vocatis

57 557 102 597 in
137 563 307 612 partem
349 556 647 605 solicitudinis,
694 560 1000 614 praesupponit
1039 573 1125 606 eos,
1177 558 1254 614 qui
1294 572 1380 598 non
1418 564 1520 598 sunt

58 630 200 670 vocati
222 645 247 670 a
267 630 404 685 Papa,
427 644 514 670 non
537 644 629 671 esse
652 645 776 671 veros
796 630 1053 686 Episcopos,
1085 630 1202 686 quod
1233 636 1298 671 est
1330 630 1516 676 falsum;

56 717 156 743 nam
179 702 257 757 qui
278 708 449 743 creatus
472 708 538 743 est
568 702 821 758 Episcopus
848 702 1087 743 seeundum
1111 703 1301 758 primum
1324 709 1369 742 et
1390 717 1518 757 quar-

57 782 152 816 tum
176 774 399 815 Canonem
422 775 750 830 Apostolorum,
784 782 828 816 et
856 775 1092 816 secundum
1117 775 1360 816 Concilium
1387 775 1517 816 Cabi-

55 847 259 895 lonense,¹
294 854 338 888 et
360 847 596 888 secundum
621 847 799 888 Statuta
819 847 1130 897 Ecclesiarum,
1153 849 1217 889 illi
1240 849 1395 904 utique
1417 855 1518 890 sunt

55 920 150 961 veri
169 919 393 975 Episcopi,
416 925 460 961 et
481 926 625 961 tamen
647 935 731 961 non
754 927 856 961 sunt
874 922 1015 962 vocati
1038 936 1063 962 a
1083 921 1235 977 Papa3
1268 928 1310 962 et
1332 921 1511 962 Archie-

54 993 136 1048 pus
159 992 503 1048 Salisburgensis
535 993 758 1034 confirmat
790 993 1034 1049 Episcopos
1062 994 1221 1035 electos
1243 1009 1268 1034 a
1290 993 1517 1049 Capitulo³

54 1072 99 1106 et
123 1065 214 1106 veri
235 1071 335 1105 sunt
356 1065 566 1121 Episcopi
584 1083 593 1115 3
624 1072 668 1106 et
689 1066 751 1106 ita
774 1065 930 1106 accidit
950 1066 994 1106 in
1014 1066 1110 1106 aliis
1133 1067 1292 1107 multis

113 1137 240 1179 Tunc
273 1138 451 1179 Praelati
480 1138 560 1179 hoc
595 1139 823 1180 audientes
853 1139 1082 1194 strepitum
1115 1153 1326 1196 magnum
1357 1139 1516 1180 excita-

54 1217 227 1257 verunt,
251 1210 500 1257 clamantes,
534 1217 661 1251 extra
687 1225 769 1251 non
794 1210 1017 1251 audiatur.
1079 1210 1243 1252 Verum
1269 1210 1517 1251 Cal-dinalis

55 1282 298 1324 Simonetta
331 1283 571 1338 subjunxit,
611 1283 728 1338 quod
763 1283 1113 1338 Salisburgensis
1150 1290 1430 1324 consecratur
1471 1290 1516 1324 et

53 1356 332 1397 confirmatur
352 1355 620 1396 authoritate
648 1357 796 1411 Papae.
861 1356 1038 1396 Interea
1074 1355 1147 1396 alii
1182 1355 1364 1396 Praelati
1393 1356 1514 1413 inge-

53 1429 280 1469 minabant
306 1429 555 1475 clamantes,
587 1428 746 1477 Exeat,
780 1436 933 1477 exeat3
968 1435 1011 1470 et
1042 1429 1130 1475 alii,
1162 1429 1416 1470 Anathema
1436 1430 1512 1471 sit:

54 1499 110 1541 ad
150 1515 258 1556 quos
296 1500 578 1541 Granatensis
610 1514 843 1541 conversus
879 1499 1119 1555 respondit,
1157 1500 1408 1541 Anathema
1440 1516 1515 1542 vos

53 1572 166 1612 estis.
249 1571 538 1612 Guadicensis
578 1586 681 1612 vero
722 1587 960 1613 sermonem
999 1587 1225 1626 nunquam
1266 1572 1511 1618 intermisit,

51 1659 334 1700 prosequens,
356 1645 469 1684 inter
489 1644 711 1692 clamores,
730 1645 847 1699 quod
869 1645 1103 1699 inceperat,
1126 1651 1170 1685 et
1193 1643 1433 1693 declarans,
1450 1652 1512 1686 te-

52 1717 144 1758 neri
166 1717 344 1772 quidem
368 1731 514 1757 omnes
535 1730 768 1771 agnoscere
791 1717 970 1771 Papam,
986 1722 1035 1756 ut
1053 1731 1271 1756 summum
1287 1716 1327 1757 V
1332 1717 1513 1758 icarium

57 1791 151 1839 Dei,
174 1791 218 1830 in
241 1806 326 1845 quo
348 1797 414 1831 est
435 1789 661 1845 plenitudo
684 1789 928 1844 potestatis,
961 1795 1004 1829 et
1026 1789 1095 1829 cui
1116 1804 1266 1830 omnes
1287 1796 1390 1831 sunt
1411 1792 1512 1832 sub-

46 1863 181 1919 jecti3
207 1870 250 1904 et
270 1864 410 1904 teneri
432 1877 580 1903 omnes
603 1862 843 1917 Episcopos
864 1860 945 1901 hoc
967 1861 1109 1909 fateri,
1134 1868 1268 1916 prout
1288 1862 1382 1917 ipse
1404 1863 1512 1905 fate-

53 1943 155 1986 tur,
196 1943 487 1977 veruntamen
530 1950 669 1983 usum,
712 1949 842 1989 quem
885 1935 1009 1988 Papa
1049 1933 1124 1974 dat
1168 1935 1407 1990 Episcopis.
1462 1942 1513 1977 ut

54 2008 258 2049 materia²
291 2008 321 2049 J
326 2007 627 2055 urisdietionis,
657 2022 751 2047 eam
785 2021 869 2047 non
905 2021 1030 2061 posse
1061 2005 1127 2045 illi
1164 2005 1311 2057 adimi,
1344 2007 1426 2048 nisi
1458 2023 1512 2049 ex

50 2081 171 2135 justa
204 2095 347 2127 causa,
382 2086 426 2120 et
459 2094 560 2135 quae
594 2094 689 2119 cum
725 2079 894 2119 ratione
927 2079 1190 2126 consentiat3
1228 2086 1273 2120 et
1292 2080 1511 2129 conclusit,

54 2153 165 2194 clare
199 2152 529 2208 exprimendum
563 2167 654 2193 esse
697 2153 929 2207 Episcopos
963 2151 1236 2206 Presbyteris
1267 2153 1511 2207 superiores

53 2225 107 2266 de
141 2225 251 2267 Jure
287 2225 448 2266 divino.
513 2225 620 2266 Inde
654 2230 916 2279 conquestus
948 2230 1013 2264 est
1047 2239 1091 2264 se
1131 2223 1264 2265 fuisse
1296 2225 1510 2267 immerito

53 2298 395 2353 interpellatum,
427 2313 525 2338 cum
559 2297 753 2338 nondum
791 2298 1048 2338 sententiam
1084 2311 1205 2337 suam
1239 2297 1508 2347 absolvisset,

55 2370 425 2426 quemadmodum
463 2371 499 2410 si
531 2370 627 2425 quis
664 2370 786 2424 legat
821 2369 864 2408 in
896 2370 1027 2410 sacris
1062 2369 1200 2409 literis
1235 2369 1328 2410 haec
1361 2372 1509 2420 verba,

54 2443 155 2483 Non
177 2450 241 2484 est
261 2442 399 2491 Deus,
422 2443 576 2498 utique
597 2442 727 2490 dicat,
756 2442 903 2482 statim
931 2441 1186 2483 haereticum
1209 2442 1287 2483 hoc
1311 2458 1403 2484 esse
1417 2461 1427 2493 3
1466 2451 1511 2485 at

55 2515 90 2555 si
111 2515 228 2571 legat
249 2515 544 2571 praecedentia
566 2516 713 2562 verba,
736 2514 865 2555 Dixit
886 2514 1094 2569 insipiens
1116 2515 1209 2562 &c.,
1247 2522 1352 2556 tunc
1384 2516 1510 2557 aliter

55 2587 220 2628 sentiet.
285 2587 407 2628 Idem
438 2595 482 2628 et
511 2587 719 2627 Patribus
751 2586 900 2626 multis
932 2586 993 2625 ibi
1026 2586 1329 2640 praesentibus,
1350 2587 1508 2642 inquit,

55 2659 269 2709 accidisse,
290 2660 365 2714 qui
388 2660 423 2699 si
446 2660 664 2715 patienter
691 2659 833 2699 omnia
860 2658 914 2698 ad
948 2664 1192 2698 extremum
1225 2658 1508 2708 audivissent,

57 2744 140 2770 non
173 2738 276 2777 erat,
310 2746 385 2771 cur
417 2731 798 2786 perturbarentur,
832 2744 926 2769 cum
968 2728 1060 2783 ipse
1087 2729 1179 2783 jam
1211 2729 1355 2770 tribus
1396 2729 1508 2771 Con-

230 2815 236 2832 ¹
265 2817 454 2853 (labiolense,
472 2818 539 2847 MS.
930 2815 943 2832 ⁹⁴
968 2815 1131 2845 Materiam
1149 2816 1178 2844 in
1199 2816 1239 2844 Le
1255 2816 1336 2845 l’lar.
