1905 3254
358 287 437 327 190
1005 299 1115 329 sEss.
1140 299 1198 327 w.

354 411 450 451 ficio
472 414 744 454 exercentur,
768 406 974 463 mysteria
1005 405 1145 460 magis
1178 405 1435 445 excitentur.
1495 404 1657 455 Quare,
1679 409 1820 445 totum
1879 424 1888 462 3*

355 483 507 524 Missae
547 481 771 522 Canonem
813 479 945 519 Sacra
987 476 1185 532 Synodus
1223 477 1390 525 asserit,
1424 477 1689 518 sanctissime
1730 491 1822 518 esse
1878 498 1882 535 3

356 556 612 601 confectum,
630 553 829 608 nihilque
847 553 891 592 in
908 567 958 593 eo
980 551 1203 600 contineri,
1227 550 1346 607 quod
1366 550 1422 591 ad
1438 565 1589 592 veram
1606 550 1821 591 Pietatem
1878 548 1884 576 ‘¹

357 645 405 671 ac
426 629 705 685 Religionem
726 642 811 668 non
831 626 1059 682 pertineat.
1124 626 1204 673 Ac,
1227 625 1263 666 si
1285 640 1385 680 quae
1406 625 1451 665 in
1474 639 1524 665 eo
1550 630 1651 665 sunt
1671 625 1821 666 obscu-
1878 635 1882 687 ἶ

358 703 473 744 riora
503 702 609 751 loca,
643 715 742 757 quae
782 699 980 756 indigere
1016 698 1307 755 explicatione
1339 697 1587 747 videantur,
1624 701 1694 752 (ut
1726 712 1822 754 per·
1879 694 1881 706 ⁴

358 776 501 817 multa
533 776 665 817 etiam
702 774 748 815 in
780 774 911 816 sacris
955 773 1193 829 Scripturis
1223 771 1478 829 hujusmodi
1507 772 1820 828 reperiuntun)
1877 782 1880 799 ’τ

358 850 520 891 debent
540 850 602 891 ita
623 849 826 905 intelligi,
850 854 900 889 ut
922 847 995 904 pie
1018 846 1074 888 ad
1099 846 1403 887 orthodoxiam
1423 849 1430 868 ¹
1455 847 1667 888 Patribus
1690 846 1823 887 inter·
1876 864 1881 892 ;

357 930 536 980 pretata
557 930 672 964 sunt.
718 923 975 978 Propterea,
999 921 1201 977 religiose
1226 936 1274 962 ac
1297 921 1520 976 sapienter
1540 920 1603 968 fit,
1621 926 1672 961 ut
1687 919 1825 961 verba
1876 944 1879 952 ·

359 997 690 1039 consecrationis
717 1003 761 1038 et
788 996 980 1037 maxima
1008 1011 1111 1051 pars
1145 994 1351 1042 Canonis,
1385 994 1616 1036 summissa
1636 1008 1737 1034 voce
1758 1008 1823 1035 re·
1878 1007 1886 1050 ,Γ

359 1073 562 1113 citentur.
626 1070 699 1112 Ita
729 1070 861 1118 enim,
895 1076 939 1110 et
958 1068 1094 1125 hujus
1126 1068 1361 1110 ineffabilis
1389 1068 1586 1123 mysterii
1617 1069 1824 1124 majestas
1883 1084 1888 1106 1

358 1146 517 1187 rectius
547 1151 842 1193 conservatur,
878 1150 922 1185 et
944 1143 1148 1201 Populus
1181 1144 1400 1185 excitatur
1432 1141 1736 1184 vehementius
1769 1141 1825 1183 ad

362 1219 570 1275 praeclare
602 1218 656 1260 de
687 1218 767 1259 hoc
798 1218 1006 1259 sacrificio
1037 1217 1333 1274 cogitandum.
1396 1217 1573 1273 Lingua
1603 1216 1735 1258 etiam
1762 1216 1824 1258 la·
1877 1239 1884 1250 κ

361 1293 464 1340 tina,
499 1307 587 1348 qua
611 1292 753 1332 missae
786 1291 830 1332 in
863 1290 1132 1332 Occidentali
1163 1291 1270 1331 Ecca
1304 1291 1597 1339 celebrantur,
1635 1290 1825 1331 maxime

362 1366 587 1421 congruit,
621 1363 838 1421 siquidem
872 1379 924 1405 ea
957 1364 1164 1419 pluribus
1194 1365 1444 1405 nationibus
1478 1365 1716 1405 communis
1747 1371 1824 1412 est,

362 1451 509 1493 neque
547 1437 723 1478 videtur
764 1452 856 1478 esse
897 1435 1208 1484 dubitandum,
1252 1437 1358 1491 quin
1399 1437 1435 1477 si
1477 1436 1614 1478 Missa
1649 1438 1827 1493 vulgari
1873 1447 1900 1477 ί

362 1513 579 1565 cujusque
602 1509 746 1566 gentis
769 1508 976 1549 idiomate
1000 1516 1305 1564 perageretur,
1328 1508 1479 1549 divina
1501 1508 1714 1563 Mysteria
1742 1510 1824 1550 mi-
1878 1502 1879 1523 ³

363 1583 459 1623 nori
488 1582 732 1624 reverentia
765 1582 1024 1622 colerentur.
1087 1582 1219 1622 Esset
1251 1581 1381 1622 etiam
1415 1596 1682 1637 magnopere
1712 1583 1825 1637 peri·
1873 1601 1875 1603 ·

363 1656 574 1704 culosum,
598 1671 650 1697 ne
674 1655 784 1696 varii
805 1655 847 1694 in
869 1654 1020 1696 multis
1040 1654 1398 1695 translationibus
1419 1670 1584 1696 errores
1603 1671 1825 1697 nasceren-
1870 1644 1878 1688 i

363 1736 448 1777 tur,
483 1729 560 1784 qui
593 1729 798 1777 facerent,
836 1735 884 1769 ut
917 1727 1020 1768 fidei
1050 1735 1210 1769 nostrae
1238 1728 1456 1783 mysteria,
1489 1744 1589 1785 quae
1611 1730 1827 1786 simplicia
1870 1738 1876 1785 ζ

364 1808 478 1847 sunt,
503 1801 758 1843 viderentur
780 1816 872 1842 esse
899 1800 1084 1842 diversa.
1150 1800 1266 1841 Cum
1289 1807 1437 1842 autem
1469 1801 1513 1842 in
1545 1801 1681 1843 Missa
1709 1817 1826 1858 quae-

365 1875 465 1916 dam
488 1875 586 1923 sint,
603 1890 702 1930 quae
726 1874 782 1915 ab
805 1875 1008 1915 omnibus
1029 1873 1220 1915 debeant
1240 1873 1442 1930 intelligi,
1466 1874 1605 1916 veluti
1620 1875 1828 1917 lectiones
1869 1891 1875 1901 ¹

365 1954 411 1989 et
431 1948 674 2003 evangelia,
708 1963 773 1996 ea,
808 1962 887 2004 per
919 1947 1016 1987 illos
1048 1947 1125 2002 qui
1158 1961 1306 1987 curam
1341 1947 1584 1989 animarum
1613 1955 1825 1996 exercent,
1873 1984 1882 1990 ,,

364 2020 522 2061 saltem
541 2020 781 2061 Dominicis
803 2019 989 2075 aliisque
1011 2019 1131 2060 festis
1148 2018 1317 2066 diebus,
1335 2019 1508 2075 Populo
1524 2019 1801 2062 declarentur
1815 2037 1826 2072 3

367 2094 475 2134 utin
494 2093 580 2134 illis
602 2093 805 2134 omnibus
826 2092 1034 2134 Ecclesiis
1054 2092 1149 2133 fieri
1171 2093 1408 2142 consuevit,
1430 2093 1474 2134 in
1497 2093 1660 2150 quibus
1675 2109 1826 2136 earum

368 2168 569 2208 Pastores
591 2167 728 2208 officio
745 2181 824 2208 suo
844 2181 931 2207 non
947 2166 1117 2207 desunt.
1181 2166 1410 2216 Quantum
1428 2182 1533 2209 vero
1554 2174 1598 2209 et
1614 2168 1825 2217 vestibus,

367 2247 412 2281 et
431 2240 732 2289 luminaribus,
767 2246 811 2281 et
837 2239 934 2280 aliis
967 2239 1158 2280 externis
1179 2240 1323 2289 rebus,
1345 2255 1440 2296 quae
1462 2248 1506 2283 et
1527 2241 1827 2283 benedictione

367 2320 687 2362 consecrantur,
721 2320 766 2354 et
796 2313 851 2354 ad
883 2313 1026 2353 missae
1055 2313 1223 2354 cultum
1261 2313 1535 2365 adhibentur,
1567 2321 1828 2357 moveantur

366 2385 576 2435 homines,
599 2392 644 2427 et
666 2387 830 2426 animos
851 2392 1105 2426 convertant
1138 2401 1163 2426 a
1194 2402 1341 2428 rerum
1374 2389 1655 2443 profanarum
1682 2389 1827 2446 cogni·
1855 2391 1870 2397 ’”

367 2460 483 2501 tione
513 2459 568 2501 ad
588 2459 786 2500 divinum
817 2458 930 2499 illud
961 2459 1219 2500 sacrificium
1254 2461 1375 2516 quod
1408 2462 1570 2518 agitur,
1602 2478 1730 2504 nemo
1763 2470 1827 2504 est

367 2534 445 2588 qui
464 2533 650 2584 nesciat,
685 2541 728 2575 et
761 2539 826 2574 est
853 2531 1031 2588 quidem
1065 2533 1295 2575 utilissima
1327 2542 1369 2576 et
1391 2537 1661 2578 sanctissima
1680 2553 1827 2579 rerum

368 2622 518 2647 earum
541 2607 733 2647 omnium
759 2606 1031 2662 significatio,
1061 2620 1196 2661 quam
1229 2608 1305 2662 qui
1336 2610 1599 2665 percipiunt,
1620 2618 1735 2652 recte
1757 2625 1829 2653 eas

368 2679 593 2720 institutas
614 2679 745 2720 fuisse
767 2685 1044 2735 cognoscunt.
1107 2679 1260 2733 Atque
1291 2680 1404 2722 idem
1435 2681 1640 2737 Spiritus,
1663 2698 1752 2739 quo
1772 2681 1829 2724 ad
1859 2727 1865 2746 ἵ,

368 2754 624 2795 sacrificium
659 2752 979 2794 instituendum
1013 2752 1057 2792 in
1095 2751 1237 2793 Coena
1271 2752 1473 2796 Christus
1505 2755 1720 2798 adductus
1749 2763 1826 2806 est,

604 2843 612 2860 ¹
641 2842 876 2881 Orthodoxum,
896 2844 968 2875 MS,
1013 2844 1149 2885 Perhaps
1165 2845 1188 2875 it
1205 2845 1319 2877 should
1336 2846 1374 2877 be
1388 2847 1424 2876 ab
1439 2848 1616 2877 orthodoa-is.
