1905 3254
703 271 815 303 sEss.
841 271 917 301 vn.
1460 257 1543 297 285

142 380 335 423 Peractis
365 381 502 437 igitur
533 380 857 436 Theologorum
879 378 1268 434 disputationibus,
1304 378 1539 434 accitisque

84 454 127 495 in
171 453 567 510 Congregationem
608 453 830 500 Patribus,
872 452 986 493 idem
1030 451 1309 508 Seripandus,
1363 452 1540 493 absente

86 527 341 575 Mantuano,
378 526 432 566 sit
471 526 654 581 incepit:
697 525 905 567 Vestrum
940 532 1020 573 est,
1065 525 1335 566 Sanctissimi
1370 525 1536 573 Patres,

85 599 406 655 Theologorum
423 599 647 640 sententiis
665 613 777 654 quas
792 605 905 639 totos
921 598 1067 638 decem
1084 598 1175 639 dies
1196 598 1393 646 audistis,
1413 600 1539 640 finem

83 671 315 726 imponere.
377 671 577 727 Dignum
599 678 664 712 est
687 671 901 726 sapientia
922 676 1065 711 vestra
1089 685 1190 725 quae
1220 670 1274 710 ab
1297 671 1350 710 iis
1372 671 1541 726 agitata

84 751 185 785 sunt
216 745 280 785 ita
311 760 579 800 componere,
617 751 752 800 atque
781 744 947 800 ingenii
978 744 1113 784 vestri
1146 744 1312 785 lumine
1335 744 1397 785 ita
1419 744 1539 785 illus-

84 822 213 866 trare,
249 822 300 857 ut
330 816 374 857 in
403 832 454 857 ea
484 818 547 872 pii
568 832 714 858 omnes
736 818 957 858 intuentes
977 816 1159 871 posthac
1182 817 1328 858 statim
1352 817 1540 873 amplec-

84 895 246 938 tentur,
279 896 322 930 et
348 890 450 931 laeto
483 890 626 931 animo
652 890 876 945 accipiant.
940 890 1232 945 Quapropter,
1263 889 1459 946 deligent
1487 890 1541 932 de

82 976 202 1002 more
237 962 541 1018 amplitudinis
583 970 739 1004 vestrae
783 962 947 1003 ordinis
981 963 1113 1003 vestri
1149 963 1329 1018 aliquos,
1373 965 1451 1019 qui
1488 980 1542 1006 ex

83 1034 316 1090 prudentia
348 1050 428 1076 sua
461 1035 673 1084 Canones,
704 1035 940 1077 orthodoxa
965 1035 1165 1076 adhibita
1185 1035 1393 1085 doctrina,
1416 1038 1543 1078 confi-

84 1108 199 1148 ciant
212 1124 223 1158 ;
256 1109 519 1164 interimque
548 1124 625 1149 nos
647 1108 852 1165 parandis
875 1109 969 1149 aliis
990 1108 1043 1149 de
1065 1108 1389 1151 Reformatione
1411 1111 1542 1152 rebus

83 1194 261 1234 operam
297 1179 511 1221 dabimus.
575 1181 691 1221 Tum
730 1181 833 1235 quia
869 1181 1023 1222 Patres
1050 1180 1095 1221 id
1126 1196 1170 1221 se
1193 1181 1442 1237 legatorum
1465 1183 1543 1238 qui

84 1251 262 1293 aderant
284 1251 464 1292 arbitrio
486 1251 732 1307 relinquere
761 1251 1094 1308 responderunt,
1124 1252 1209 1308 ipsi
1240 1268 1318 1308 per
1351 1254 1544 1295 Secreta-

83 1325 196 1365 rium
218 1325 441 1366 nominant
462 1325 493 1366 J
498 1325 737 1373 adrensem,
761 1325 1069 1382 Reginensem,
1098 1326 1433 1382 Legionensem,
1458 1327 1539 1369 Co-

84 1398 406 1447 nimbriensem,
469 1398 833 1446 Nemaucensem,
889 1398 1221 1448 Canadicnsem,
1280 1400 1543 1441 Generalcm

88 1470 337 1519 Servorum,
367 1471 627 1513 Generalem
651 1472 681 1513 J
684 1472 938 1514 esuitarum.

142 1544 249 1585 Post
269 1544 376 1593 haec,
395 1551 445 1586 ut
465 1545 679 1600 promissa
700 1547 862 1601 saepius
885 1547 1042 1587 veteris
1061 1546 1303 1602 disciplinae
1326 1549 1545 1589 restitutio

85 1618 292 1659 Patribus
325 1617 542 1667 ederetur,
580 1633 676 1659 cum
709 1619 905 1674 quinque
939 1620 1035 1667 viri,
1070 1620 1231 1675 quibus
1253 1620 1297 1660 id
1317 1622 1544 1676 negotium

86 1690 237 1731 datum
261 1697 365 1739 erat,
388 1691 610 1746 permulta
628 1695 717 1746 jam
741 1692 831 1732 suis
853 1691 1093 1733 distributa
1114 1693 1335 1747 capitibus
1362 1694 1545 1749 delegis-

87 1770 196 1811 sent,
220 1778 316 1804 ecce
340 1778 526 1819 magnus
546 1778 693 1804 rumor
716 1763 1030 1811 circumfertur,
1053 1764 1188 1804 fixum
1212 1765 1419 1805 Patribus
1441 1781 1543 1813 esse,

86 1841 138 1876 ut
169 1835 338 1876 interea
369 1835 423 1876 de
455 1835 692 1876 residentia
712 1836 756 1876 in
784 1836 934 1891 primis
955 1835 1224 1876 decernatur.
1288 1836 1452 1892 Legati
1475 1851 1544 1878 ve-

86 1915 239 1949 rentur
273 1924 326 1949 ne
363 1915 532 1949 veteres
574 1915 832 1964 repetantur
869 1909 1197 1958 controversiae3
1240 1924 1426 1965 cumque
1459 1910 1548 1951 illis

87 1996 349 2037 quacunque
384 1982 564 2030 ratione,
588 1997 824 2029 occurrere,
857 1988 1092 2036 tutumque
1121 1981 1301 2036 aliquod
1323 1983 1547 2024 consilium

85 2055 194 2096 inire
212 2061 433 2110 cuperent,
458 2069 546 2095 rem
565 2054 671 2095 adeo
687 2054 919 2100 difficilem,
939 2054 995 2093 ob
1012 2053 1249 2094 multorum
1265 2056 1545 2110 pertinaciam

88 2135 132 2169 et
150 2127 415 2184 judiciorum
440 2128 695 2169 varietatem
717 2127 1004 2183 comperiunt,
1030 2133 1078 2167 ut
1100 2126 1209 2167 nihil
1232 2127 1353 2183 prius
1378 2136 1546 2171 tentan-

90 2200 194 2242 dum
224 2207 432 2250 statuant,
464 2216 594 2256 quam
630 2201 772 2242 omnia
807 2201 884 2240 S¹¹¹0
922 2199 1021 2239 Dno
1044 2200 1137 2240 Nro
1158 2200 1472 2255 significentur,
1496 2218 1548 2244 ne

90 2273 305 2316 calumnia
347 2275 455 2316 alias
492 2275 553 2315 eis
588 2275 738 2315 inusta
776 2280 1025 2314 renovetur.
1086 2273 1248 2313 Litoris
1290 2273 1429 2329 igitur
1470 2291 1549 2331 per

90 2353 254 2388 certum
277 2347 582 2388 Tabellarium
606 2351 763 2403 magnii
785 2362 882 2387 cum
901 2346 1121 2387 celeritate
1145 2345 1199 2386 ad
1220 2346 1372 2387 urbem
1393 2349 1547 2397 missis,

92 2418 307 2476 adjunctis
341 2420 407 2469 iis,
443 2436 544 2476 quae
580 2420 633 2461 de
667 2420 862 2460 moribus
893 2418 1174 2475 proponenda
1194 2427 1463 2469 censuerant,
1486 2423 1550 2463 rei

91 2499 253 2534 statum
276 2494 411 2550 Papae
434 2494 691 2550 significant,
710 2508 868 2549 urgere
891 2493 1055 2533 scilicet
1076 2493 1242 2540 Patres,
1267 2499 1315 2533 ut
1335 2494 1549 2549 imprimis

92 2565 380 2606 controversia
401 2565 454 2606 de
477 2565 733 2607 Residcntia
754 2564 930 2606 tandem
952 2564 1201 2605 definiatur.
1239 2563 1423 2619 Triplex
1446 2582 1549 2608 vero

94 2638 316 2678 consilium
340 2653 364 2679 a
386 2639 550 2687 multis,
573 2640 649 2695 qui
679 2646 836 2680 sancta:
870 2638 986 2678 illius
1020 2637 1143 2678 Sedis
1173 2652 1216 2677 se
1252 2638 1550 2682 studiossimos

95 2709 369 2764 profitentur,
393 2713 592 2768 proponi,
617 2713 699 2761 vel,
722 2720 771 2753 ut
794 2712 893 2753 novi
916 2711 1025 2751 nihil
1047 2710 1127 2751 hac
1144 2710 1198 2751 de
1221 2726 1265 2751 re
1281 2710 1549 2761 decernatur,

98 2797 195 2823 cum
226 2783 446 2825 decretum
479 2785 608 2826 Pauli
640 2785 727 2826 III.
754 2785 1026 2840 temporibus
1048 2783 1213 2825 editum
1236 2784 1446 2836 sufficiat3
1482 2788 1551 2828 vel
