1905 3254
350 295 428 334 1822
987 314 1098 344 sEss
1128 315 1185 343 w.

740 667 877 705 ACTA
908 667 1095 705 SEXTAE
1129 668 1368 706 SESSIONI
1378 669 1415 706 S.

349 784 459 834 QUAE
500 784 544 824 in
585 783 663 824 hac
699 783 884 824 sessione
920 791 1151 826 consecuta
1189 792 1304 833 sunt,
1342 799 1473 841 quam
1510 784 1552 824 in
1593 785 1799 841 praesenti

343 871 564 898 recensere
585 856 829 913 aggredior,
859 873 957 898 cum
987 858 1275 913 multiplicem
1308 872 1452 898 rerum
1485 856 1652 912 copiam
1686 872 1797 898 com-

342 930 605 985 plectantur,
642 930 789 970 censui
825 930 954 971 certis
994 931 1214 986 capitibus
1253 945 1345 971 esse
1378 929 1702 986 distinguenda,
1743 944 1797 971 ne

342 1009 596 1044 coacervata
635 1003 768 1044 moles
807 1003 1120 1044 obscuritatem
1170 1003 1327 1059 pariat,
1380 1009 1513 1059 atque
1557 1003 1795 1060 legentium

343 1076 650 1132 cogitationem
687 1075 935 1124 distrahat余
969 1077 1148 1118 :fuerunt
1181 1091 1295 1123 vero,
1315 1076 1402 1118 haec
1434 1076 1654 1132 praecipue
1675 1077 1720 1117 in
1750 1079 1800 1119 ea

339 1154 552 1190 tractata:
586 1149 735 1190 Primo
766 1149 820 1191 de
854 1150 1070 1191 Sacrificio
1099 1150 1272 1200 Missae3
1302 1149 1401 1191 inde
1423 1149 1477 1190 de
1499 1164 1582 1190 usu
1606 1149 1767 1191 Calicis
1783 1167 1796 1201 3

339 1228 493 1278 postea
513 1221 567 1263 de
589 1222 872 1264 observandis
893 1230 937 1264 et
969 1223 1188 1266 evitandis
1216 1224 1261 1264 in
1294 1221 1585 1264 celebratione
1619 1220 1796 1271 Missae3

340 1310 387 1336 ac
408 1310 575 1336 morum
598 1296 917 1338 reformatione.
981 1297 1119 1338 Simul
1142 1311 1257 1345 vero,
1285 1296 1389 1336 dum
1423 1301 1629 1350 ageretur
1654 1293 1708 1336 de
1729 1310 1794 1336 sa-

338 1369 493 1410 crificio
531 1370 695 1418 Missae,
724 1370 867 1411 multa
900 1371 1063 1426 saepius
1105 1370 1356 1411 acciderunt
1391 1369 1448 1410 ad
1488 1384 1617 1410 usum
1650 1368 1797 1410 calicis

337 1443 629 1498 pertinentia余
673 1449 718 1484 et
758 1442 812 1484 de
854 1443 1006 1484 eodem
1050 1443 1254 1484 sacrificio
1294 1442 1563 1498 quamplura
1595 1442 1637 1482 in
1680 1442 1795 1483 calce

339 1516 550 1557 Sessionis
576 1515 730 1557 deinde
753 1516 934 1558 fuerunt
955 1517 1161 1572 repetita,
1185 1522 1319 1571 atque
1341 1516 1548 1557 tractatio
1575 1515 1717 1556 calicis
1739 1531 1793 1558 ex

337 1589 468 1629 variis
499 1589 732 1630 eventibus
768 1604 908 1645 usque
943 1589 998 1630 ad
1028 1589 1240 1629 Sessionis
1262 1596 1506 1630 extremum
1528 1588 1614 1630 fuit
1635 1588 1796 1644 saepius

336 1669 555 1703 renovata.
621 1662 742 1703 Idem
780 1669 822 1703 et
852 1663 895 1703 in
928 1663 1024 1703 aliis
1060 1661 1279 1703 interdum
1314 1662 1492 1703 accidit:
1526 1669 1796 1718 quapropter

333 1736 437 1791 Ego
458 1734 693 1791 separatim
716 1734 1063 1790 unumquodque
1081 1742 1213 1790 caput
1233 1742 1453 1791 perpetua
1473 1735 1664 1776 oratione
1681 1750 1791 1776 com-

331 1808 688 1865 prehendendum
711 1808 832 1851 duxi.
895 1810 962 1850 Ae
984 1810 1128 1866 primo
1151 1809 1204 1850 de
1237 1809 1446 1850 sacrificio
1478 1809 1629 1850 Missae
1662 1824 1793 1865 agen-

338 1883 466 1933 dum余
499 1882 599 1924 inde
630 1883 683 1925 de
715 1899 799 1925 usu
834 1884 1000 1934 calicis3
1038 1890 1188 1939 postca
1209 1884 1263 1925 (le
1286 1884 1609 1926 Reformatione
1626 1900 1637 1934 3
1670 1899 1717 1925 ac
1738 1883 1792 1925 de

333 1956 546 1997 abusibus
568 1955 730 2005 Missae,
753 1958 915 2013 quibus
937 1965 980 1998 et
999 1957 1211 1998 nonnulla
1232 1957 1401 1998 interea
1422 1962 1588 2005 exorta,
1612 1971 1659 1997 ac
1680 1971 1790 1997 com-

330 2030 643 2071 memoratione
667 2030 802 2087 digna
824 2030 1077 2088 adjungam.

387 2101 561 2158 Legati,
596 2119 693 2144 cum
726 2104 865 2145 multa
897 2104 1301 2146 animadverterent
1334 2105 1450 2146 intra
1480 2104 1558 2145 hoc
1579 2105 1788 2160 spatium,

332 2175 520 2216 Sessioni
560 2178 874 2232 praestitutum,
918 2193 1011 2219 esse
1053 2177 1335 2227 absolvenda,
1386 2178 1673 2219 necessarium
1711 2178 1788 2218 im-

329 2247 481 2303 primis
519 2263 610 2290 esse
652 2257 828 2305 putant,
871 2250 1195 2307 Theologorum
1236 2248 1463 2300 minorum,
1516 2251 1593 2307 qui
1631 2250 1789 2292 dicturi

329 2328 482 2369 essent,
516 2329 560 2363 et
591 2337 774 2365 numero
807 2331 851 2365 et
884 2324 1130 2379 prolixitati
1161 2324 1337 2366 modum
1367 2325 1557 2380 aliquem
1580 2331 1784 2366 statuere.

328 2395 487 2452 Itaque
521 2397 731 2437 formulas
767 2396 980 2452 quasdam
1018 2397 1200 2452 posthac
1232 2398 1288 2439 ab
1319 2398 1519 2440 omnibus
1539 2398 1584 2438 in
1604 2397 1786 2439 dicendo

325 2469 633 2518 observandas,
657 2470 714 2511 ab
738 2469 957 2511 Auditore
979 2472 1256 2526 compositas,
1280 2471 1490 2513 Patribus
1511 2471 1662 2521 edunt,
1685 2486 1786 2528 quae

327 2543 382 2584 ab
403 2544 456 2584 iis
477 2544 676 2598 probatae
699 2544 896 2585 fuerunt.

476 2666 666 2719 Modus,
694 2667 774 2729 qui
802 2667 998 2731 posthac
1021 2668 1282 2715 servandus
1307 2670 1407 2716 erit.
1547 2669 1623 2716 fol.

379 2778 761 2820 Existimaverunt
793 2780 922 2821 etiam
958 2781 1169 2822 rationem
1206 2781 1399 2836 aliquam
1433 2782 1553 2830 inire,
1585 2788 1636 2823 ut
1668 2783 1782 2824 inter

322 2851 530 2892 Praelatos
564 2854 791 2894 sententiae
824 2863 867 2896 et
898 2855 1081 2896 celerius
1103 2862 1145 2896 et
1167 2856 1482 2911 congruentius
1503 2856 1750 2898 dicerentur
1765 2873 1775 2905 余
