1905 3254
368 262 452 302 496
992 274 1102 304 sess.
1131 274 1206 303 vn.

372 381 677 438 respondeant.
740 380 906 422 Verum
948 385 992 419 et
1021 378 1121 418 hinc
1157 376 1481 433 perspiciebant
1523 372 1745 430 Synodum
1779 371 1823 412 in
1876 362 1885 426 ξ

373 454 719 509 disputationem
739 450 1076 507 protrahendam
1093 466 1100 490 :
1134 449 1191 490 3⁰.
1211 455 1400 496 censent,
1425 462 1477 488 ex
1500 461 1626 502 aequo
1647 452 1690 487 et
1711 446 1824 486 bono

373 542 471 567 cum
509 527 754 567 oratoribus
794 522 1149 567 conveniendum,
1188 528 1236 562 ut
1277 521 1534 575 insigniores
1573 519 1740 574 aliquot
1778 533 1825 558 ac
1872 512 1874 516 ’

373 599 606 655 graviores,
642 598 828 653 quisque
864 611 1014 637 eorum
1048 596 1215 641 Prorcs,
1250 593 1454 640 nominet,
1491 605 1679 646 quorum
1714 604 1825 645 prae·
1879 591 1888 612 ‘⁰

372 672 512 712 sentia
533 677 703 711 tantum
725 670 769 710 in
793 668 965 724 Synodo
987 666 1258 713 admittatur,
1280 680 1356 705 nec
1373 663 1580 719 expedire
1600 661 1647 702 id
1665 662 1825 717 passim

373 744 575 786 omnibus
597 742 784 789 concedi,
808 740 923 796 quod
945 740 1070 780 nimis
1101 753 1263 780 novum
1295 743 1419 783 esset,
1456 751 1501 777 ac
1535 735 1688 775 turbas
1722 734 1828 774 alias

375 818 517 858 excire
539 821 695 871 posset.
739 813 839 854 Hoc
862 813 917 853 ab
939 812 1044 867 ipsis
1066 811 1291 867 praecipue
1314 808 1675 855 commendatum,
1694 812 1827 861 atque
1882 858 1887 863 “

375 905 400 930 a
415 888 601 944 Legatis
620 887 882 942 probatum3
906 885 1154 926 oratoribus
1177 884 1306 924 etiam
1328 882 1387 922 ita
1410 882 1454 920 in
1473 895 1619 921 eorum
1642 878 1828 934 gratiam
1880 885 1885 926 j

377 962 467 1002 fieri
494 960 615 1002 haud
645 974 761 1015 aegre
794 973 1053 1015 persuasum
1086 957 1182 998 fuit.
1245 957 1397 1011 Atque
1429 955 1492 994 ita
1523 953 1726 1007 deinceps
1756 951 1829 991 ob-

375 1039 610 1075 servatum.
675 1031 945 1087 Scripserant
974 1036 1120 1071 autem
1153 1028 1243 1084 [de]
1280 1027 1359 1068 hoc
1392 1032 1652 1081 argumento
1685 1024 1829 1071 multi,
1876 1050 1877 1057 κ

375 1105 620 1161 praesertim
651 1103 964 1150 Lancellottus,
994 1101 1260 1147 Advocatus,
1295 1106 1338 1140 et
1369 1099 1534 1140 Doctor
1555 1096 1830 1144 Thomasius,

377 1191 563 1232 quorum
586 1189 792 1230 responsa
818 1174 958 1215 adhuc
978 1179 1141 1215 extant.

379 1309 703 1370 Allegationes
730 1307 789 1353 D.
816 1307 1120 1362 Lancellotti‚
1147 1313 1193 1352 et
1219 1305 1439 1351 Doctoris
1463 1302 1722 1357 Thomasii,
1751 1301 1833 1347 An
1878 1324 1879 1333 π

535 1397 868 1443 Procuratores
895 1395 1242 1459 Episcoporum
1269 1394 1364 1440 sint
1387 1393 1681 1440 admittendi.

438 1520 565 1560 Tunc
597 1520 651 1560 de
689 1519 861 1560 Comite
895 1518 1091 1559 Lunensi
1134 1517 1352 1558 Catholici
1388 1516 1525 1570 Regis
1566 1515 1750 1554 Oratore
1790 1514 1835 1553 in

330 1598 334 1599 ⁷
382 1592 602 1647 Synodum
621 1591 868 1646 recipiendo
890 1596 1035 1630 actum
1058 1589 1167 1638 fuit3
1201 1603 1291 1643 qua
1311 1588 1355 1628 in
1378 1602 1423 1628 re
1445 1602 1541 1628 cum
1560 1586 1682 1626 Galli
1699 1586 1835 1641 suspi-
1876 1568 1889 1638 ζ

381 1670 528 1704 cantes
558 1677 612 1703 ne
635 1662 742 1717 quid
762 1661 815 1702 de
837 1661 1045 1702 Proedria
1077 1660 1287 1701 adversus
1317 1658 1663 1713 antiquissimam
1686 1671 1834 1697 eorum

380 1735 691 1791 possessionem
709 1734 1029 1781 decerneretur,
1051 1732 1156 1774 satis
1178 1732 1359 1772 fremere
1381 1731 1628 1785 coepissent,
1646 1744 1837 1785 eousque
1875 1745 1885 1783 χ

383 1808 592 1863 prolapsi,
619 1813 681 1855 ut,
704 1807 739 1847 si
773 1806 881 1861 quid
914 1820 1037 1846 secus
1066 1805 1206 1852 fieret,
1232 1804 1287 1844 ad
1319 1804 1521 1844 futurum
1553 1803 1737 1858 Papam,
1760 1802 1837 1857 qui
1878 1810 1887 1856 ξ

383 1880 546 1935 aequior
586 1879 654 1926 sit,
698 1886 830 1934 atque
866 1877 922 1918 ad
959 1877 1139 1918 liberius
1183 1876 1426 1917 Concilium
1462 1890 1506 1916 se
1544 1875 1838 1931 appellaturos
1875 1881 1903 1909 Γ

383 1952 615 1999 edicerent,
647 1965 915 2006 magnopere
946 1949 1168 1990 interdum
1202 1949 1458 1989 dubitatum
1486 1948 1584 1993 fuit,
1621 1961 1676 1987 ne
1710 1945 1837 1987 vehe-

383 2024 614 2065 mentiores
655 2038 706 2064 ea
746 2038 814 2063 res
855 2022 1073 2063 tumultus
1115 2021 1376 2062 accenderet.
1451 2019 1650 2060 Tandem
1692 2018 1840 2059 divina

384 2097 578 2137 bonitate
599 2096 960 2151 Legatorumque
991 2094 1225 2150 prudentia
1253 2093 1413 2134 factum
1445 2099 1525 2141 est,
1558 2099 1609 2132 ut
1630 2106 1698 2132 res
1726 2091 1839 2132 inter
1877 2135 1879 2137 ,

383 2183 457 2209 eos
476 2167 556 2208 hoc
577 2173 704 2222 pacto
725 2167 887 2207 fuerint
909 2166 1169 2220 compositae.
1210 2165 1328 2205 Nam
1349 2179 1444 2204 cum
1467 2164 1658 2218 primum
1682 2162 1840 2203 Orator
1875 2166 1880 2201 Ῐ

385 2254 527 2281 coram
549 2239 760 2279 Patribus
780 2237 986 2278 mandata
1006 2237 1143 2292 Regis
1170 2237 1239 2276 sui
1270 2235 1486 2282 exhibuit,
1512 2234 1645 2290 jussit
1667 2248 1840 2289 quoque
1886 2227 1887 2230 Ἰ

386 2318 436 2352 ut
459 2314 555 2366 ejus
584 2310 754 2351 nomine
786 2309 1044 2365 protestatio
1075 2307 1279 2363 quaedam
1316 2306 1596 2347 recitaretur:
1638 2309 1688 2347 ea
1719 2306 1838 2353 lecta,
1878 2308 1880 2310 ’

386 2383 505 2423 locus
534 2381 599 2421 illi
630 2387 756 2421 extra
786 2380 981 2420 ordinem
1017 2394 1042 2419 a
1069 2379 1207 2419 latere
1241 2377 1395 2418 Crucis
1428 2384 1661 2432 argenteae,
1695 2391 1796 2431 quae
1817 2389 1840 2416 e

385 2453 563 2507 regione
584 2452 857 2506 Legatorum
878 2452 923 2491 in
944 2465 1165 2492 consessus
1192 2455 1336 2490 centro
1357 2448 1580 2504 defigitur,
1601 2447 1687 2488 fuit
1710 2447 1838 2501 assig-

386 2532 529 2566 natus.
592 2525 710 2564 Tum
743 2524 900 2564 Orator
929 2523 1089 2564 Gallus
1122 2522 1251 2563 aliam
1280 2520 1639 2577 protestationem
1670 2519 1838 2560 habuit.
1880 2529 1882 2537 '

389 2598 507 2638 Hinc
527 2597 692 2637 Doctor
712 2597 750 2637 F
753 2596 1014 2643 ontidonius,
1034 2594 1218 2635 Comitis
1239 2593 1455 2634 Lunensis
1480 2593 1662 2638 nomine,
1687 2591 1742 2632 ad
1765 2591 1838 2645 Sy·
1872 2590 1879 2653 ξ
1900 2607 1902 2610 ’

388 2670 550 2710 nodum
585 2669 779 2723 graviter
815 2667 1065 2721 diserteque
1099 2667 1252 2706 oravit.
1316 2664 1426 2706 Inde
1462 2670 1652 2720 sequuta
1681 2670 1748 2704 est
1776 2676 1839 2703 rea

391 2743 562 2797 sponsio
595 2741 772 2796 Synodi,
807 2741 1055 2794 Oratorque
1088 2739 1141 2779 de
1163 2753 1280 2779 more
1309 2738 1545 2786 admissus3
1578 2752 1676 2792 quae
1698 2742 1838 2777 tamen

1873 2371 1882 2426 3
1894 2410 1896 2414 .

1875 2576 1879 2595 Ι
