1905 3254
391 295 473 335 385
1010 310 1116 340 ssss.
1142 311 1218 340 vu.
1901 309 1905 327 ¹

396 417 604 472 Hincque
642 417 777 472 sequi,
822 416 1175 458 Jurisdictionem
1228 418 1546 473 Episcoporum
1586 416 1773 457 derivari
1822 430 1847 456 a

398 489 588 537 Christo,
612 489 852 545 praesertim
868 489 985 545 quod
1006 489 1048 529 in
1071 488 1281 530 Doctrina
1302 490 1435 530 fiebat
1458 490 1618 530 mentio
1636 488 1689 529 de
1706 489 1845 530 Juris-

396 561 580 602 dictione
602 562 644 601 in
667 577 716 602 eo
740 562 887 607 verbo,
912 561 1173 610 obedientia,
1207 569 1249 602 et
1269 563 1330 602 ibi
1350 562 1554 618 pascendi
1580 567 1844 617 potestatem
1900 567 1905 598 ἒ

397 633 557 674 habere
589 634 631 673 in
664 634 872 674 Ecclesiis
908 634 990 673 sibi
1019 634 1278 683 commissis;
1311 633 1429 689 quod
1457 633 1662 674 dicebant
1687 631 1846 673 intelli-

398 706 589 762 gendum
625 722 650 747 a
681 706 868 754 Christo,
906 707 1124 762 quoniam,
1158 707 1193 747 si
1228 707 1498 762 acciperetur
1519 706 1572 747 de
1591 706 1726 761 Papa,
1756 718 1848 745 esse

396 779 708 819 indubitatum.
770 779 819 819 In
840 778 922 819 hac
943 779 1144 834 opinione
1162 787 1254 820 erat
1277 779 1617 826 Neocastrensis,
1634 777 1847 833 Hydrun-
1900 784 1905 808 ἓ

399 852 531 899 tinus,
565 852 823 892 Parmensis.
886 851 1027 892 Erant
1059 859 1101 892 et
1135 852 1221 898 alii,
1254 852 1330 892 sed
1361 851 1543 891 diversis
1574 850 1843 899 rationibus3

397 939 497 964 nam
521 923 754 971 Vestanus,
779 924 1162 979 Albingaunensis,
1187 925 1557 980 Caputaquensis,
1583 924 1848 964 verebantur

399 997 576 1053 quidem
610 996 966 1038 Jurisdictionem
999 997 1318 1052 Episcoporum
1346 1013 1370 1037 a
1399 996 1571 1037 Christo
1602 996 1847 1052 significari,

399 1069 473 1110 sed
508 1076 666 1117 tamen,
696 1069 731 1109 si
763 1069 876 1110 clare
910 1070 1245 1125 exprimeretur,
1277 1068 1594 1125 plenitudinem
1620 1069 1849 1124 potestatis

399 1145 532 1184 fuisse
550 1144 593 1183 in
606 1144 738 1184 Petro
760 1150 802 1184 et
822 1143 960 1198 Papa,
984 1149 1088 1183 tunc
1109 1157 1193 1183 non
1214 1151 1531 1198 repugnassent
1547 1158 1693 1184 omnes
1709 1142 1850 1183 Theo-

400 1218 501 1273 logi.
563 1217 675 1257 Haec
706 1217 816 1257 nihil
849 1217 1066 1257 faciebant
1088 1215 1338 1263 Clodiensis,
1373 1216 1645 1272 Reginensis,
1671 1215 1850 1256 Lancia-

400 1291 558 1338 nensis,
583 1289 794 1330 Cavensis
816 1290 869 1337 ⁵2⁵,
901 1289 1316 1343 Justinopolitanus,
1345 1288 1631 1330 Mutinensis:
1671 1289 1777 1344 quin
1808 1294 1851 1328 et

402 1364 531 1404 multi
565 1362 812 1403 Canonistae
846 1361 913 1402 his
941 1362 1180 1410 haerebant,
1228 1361 1523 1409 Rossanensis,
1572 1362 1851 1408 Tarentinus,

407 1437 615 1477 Civitatis
637 1435 832 1483 Castelli,
870 1435 1181 1482 Sulmonensis,
1217 1435 1336 1490 quod
1358 1435 1550 1476 dicerent
1573 1436 1755 1476 verbum
1779 1450 1854 1474 au-

403 1510 608 1551 thoritate
631 1509 816 1549 Romani
836 1509 1055 1549 Pontificis
1084 1508 1237 1548 tollere
1259 1523 1405 1548 omnes
1426 1508 1720 1556 difficultates,
1755 1523 1851 1548 cum

403 1583 447 1623 id
490 1584 687 1630 verbum,
729 1582 1008 1629 authoritate,
1051 1581 1250 1622 ostendat
1286 1596 1459 1621 eausam
1502 1581 1768 1628 efficientem,
1806 1587 1856 1621 ut

405 1655 526 1712 apud
549 1655 818 1696 Clementem
843 1654 1009 1709 Papam
1043 1654 1086 1693 in
1108 1654 1254 1708 Epist.
1273 1657 1310 1694 4.
1373 1653 1436 1694 Et
1458 1655 1562 1708 quia
1581 1654 1625 1693 in
1647 1653 1856 1694 Doctrina

406 1730 553 1785 agitur
585 1734 757 1769 tantum
780 1727 833 1767 de
858 1733 1123 1767 sacramento
1142 1725 1329 1775 Ordinis,
1363 1733 1406 1767 et
1427 1741 1480 1767 ex
1503 1727 1600 1767 aliis
1619 1726 1860 1768 rationibus

405 1803 511 1843 alias
531 1816 665 1857 supra
686 1799 896 1841 adductis.

464 1875 625 1931 Legati
646 1874 843 1915 videntes
865 1889 949 1914 non
971 1888 1095 1928 posse
1119 1880 1182 1914 tot
1203 1873 1375 1914 diversa
1400 1872 1567 1928 judicia
1594 1872 1723 1913 simul
1745 1887 1855 1913 com-

406 1949 510 2004 poni
542 1948 807 1989 conveniunt
839 1961 937 1987 cum
959 1945 1262 2001 Lotharingio,
1298 1953 1347 1986 ut
1377 1945 1470 1986 haec
1502 1945 1696 1986 doctrina
1718 1961 1857 1986 emen-

407 2022 552 2063 danda
568 2021 769 2062 mittatur
787 2019 841 2060 ad
868 2020 1038 2067 Sanctm,
1060 2026 1103 2059 et
1125 2026 1342 2074 quatenus
1365 2019 1419 2060 ad
1446 2027 1706 2075 potestatem
1729 2020 1860 2075 Papae

407 2102 589 2151 spectat,
607 2094 772 2149 duplex
790 2093 921 2149 hujus
943 2093 1080 2147 partis
1100 2093 1300 2141 formula,
1317 2094 1687 2134 consentientibus
1703 2093 1860 2141 Gallis,

1890 2006 1897 2202 --,.-.-.-«-Ν,,.,

408 2169 644 2215 conficitur,
669 2175 712 2208 et
735 2173 924 2222 utraque
946 2166 988 2205 in
1010 2165 1222 2206 Doctrina
1244 2166 1449 2206 inseritur
1470 2167 1514 2206 in
1535 2166 1648 2206 hunc
1670 2166 1858 2207 modum.

410 2275 650 2329 Quintum
693 2272 855 2335 Caput
893 2271 1136 2317 Doctrinae
1160 2271 1475 2333 compositum
1513 2278 1617 2333 post
1657 2271 1864 2333 disputa-

476 2359 626 2404 tiones
653 2355 970 2401 Praelatorum
1008 2354 1056 2398 in
1099 2352 1256 2398 Domo
1283 2350 1556 2398 Cardinalis
1582 2352 1790 2409 Moroui,
1816 2360 1862 2399 et

478 2438 811 2486 transmissum
838 2437 897 2482 ad
927 2435 1105 2481 Urbem
1138 2437 1195 2480 19
1219 2433 1246 2479 J
1252 2435 1351 2479 unii
1382 2437 1521 2480 1563.

471 2537 653 2584 Verum,
694 2540 856 2590 praeter
890 2538 1242 2574 commemoratos
1275 2530 1488 2572 Ordinum
1530 2531 1704 2587 gradus,
1741 2526 1893 2572 docet}

414 2611 544 2651 etiam
588 2609 745 2649 Sancta
787 2605 998 2662 Synodus,
1035 2604 1289 2660 EpiSCOPOS,
1327 2605 1614 2646 Sacrosanctae
1654 2586 1893 2657 Romanaei

416 2683 541 2724 Sedis
563 2680 827 2737 Apostolicae
850 2679 1106 2720 auctoritate
1127 2685 1385 2733 assumptos,
1418 2693 1502 2719 non
1533 2694 1639 2727 esse,
1671 2685 1720 2718 ut
1740 2676 1862 2732 impii
1886 2675 1892 2727 ξ

415 2754 725 2795 damnabiliter
740 2753 873 2797 aiunt,
888 2752 1032 2792 larvas
1049 2751 1237 2807 Papales
1249 2767 1327 2792 seu
1342 2753 1598 2808 figmentum
1611 2751 1859 2796 humanum,

417 2827 491 2868 scd
513 2843 603 2868 esse
626 2843 650 2868 a
668 2826 844 2868 Christo
864 2825 1110 2875 institutos3
1144 2839 1304 2879 eosque
1332 2825 1374 2865 in
1407 2825 1602 2866 Ecclesia
1637 2823 1861 2865 Catholica
1885 2805 1889 2860 ⁴:

1885 2902 1889 2943 ί
