1905 3254
341 258 423 299 330
962 273 1074 302 sess.
1100 273 1172 301 vn.

339 381 638 437 disputatione
670 379 868 420 descrere
910 378 1079 424 nolunt,
1116 376 1336 417 damnare.
1394 376 1542 417 Prima
1564 382 1629 417 est
1647 374 1797 416 Gallo-

340 471 451 498 111111,
482 455 559 510 qui
582 469 635 495 ex
657 454 903 495 inveterata
926 451 1096 492 Scholae
1120 451 1368 491 Sorbonicae
1392 450 1609 505 opinione,
1642 449 1678 490 si
1703 463 1798 490 con-

339 528 580 575 fiterentur,
605 526 774 582 Papam
797 539 888 566 0550
911 538 1044 579 supra
1068 523 1329 566 Concilium.
1353 523 1560 577 abjurare
1582 522 1626 562 in
1649 521 1798 562 Gallia

338 606 619 655 cogerentur:
644 598 687 639 2²¹
708 598 1027 653 Hispanorum,
1051 595 1231 637 authore
1262 595 1491 636 Francisco
1513 593 1568 635 de
1589 593 1798 642 Victoria,

339 672 415 727 qui
436 672 674 712 multorum
697 670 774 726 qui
801 670 870 710 hic
894 669 1051 710 adsunt
1074 668 1392 724 Hispanorum,
1424 672 1669 723 praeceptor
1701 664 1801 712 fuit,

341 751 384 785 et
407 760 537 800 quem
573 744 681 785 mire
716 758 863 784 01111105
896 742 1124 789 extollunt,
1158 741 1236 796 qui
1269 741 1311 780 in
1346 739 1681 781 Commentariis
1713 738 1801 778 suis

341 819 552 874 scriptum
574 818 769 872 reliquit.
793 817 1037 872 Episcopos
1058 830 1182 871 posse
1206 815 1261 855 ab
1284 815 1378 855 aliis
1400 814 1645 870 Episcopis,
1669 813 1801 854 etiam

341 892 571 947 ignorante
612 891 750 945 Papa,
788 890 871 930 rite
906 889 1054 935 creari,
1095 886 1331 928 dummodo
1364 886 1561 926 Romano
1601 884 1802 926 Pontifici

340 964 635 1005 obedientiam
668 962 969 1018 profiteantur,
1007 960 1088 1000 nisi
1120 960 1355 1015 Papa-met
1391 957 1640 1014 specialiter
1680 971 1803 998 secus

342 1038 592 1080 constituat.

399 1109 552 1150 Tertia
592 1109 829 1150 communis
873 1108 1104 1149 Gallorum
1142 1112 1185 1148 et
1218 1104 1536 1160 Hispanorum,
1576 1103 1800 1151 aientium,

342 1183 372 1224 J
378 1182 702 1223 urisdictionem
739 1183 1064 1237 Episcoporum
1091 1194 1175 1220 non
1206 1177 1463 1220 descendere
1494 1175 1747 1217 immediate
1778 1189 1803 1216 a

343 1256 480 1311 Papa,
515 1255 590 1296 sed
626 1271 650 1295 a
685 1254 874 1294 Christo.
938 1253 1051 1294 Cum
1089 1253 1226 1308 igitur
1258 1258 1455 1306 receptas
1485 1250 1612 1291 hasce
1642 1249 1699 1290 ab
1719 1248 1804 1290 illis

343 1329 565 1385 opiniones
586 1343 662 1369 nec
684 1328 895 1376 damnari,
918 1342 994 1367 nec
1018 1327 1061 1366 in
1078 1325 1442 1381 disputationem¹
1466 1324 1612 1364 vocari
1633 1323 1677 1364 in
1699 1338 1803 1378 pon-

345 1402 460 1443 tifice
487 1401 708 1457 expediat,
732 1400 839 1440 nihil
860 1399 1018 1440 nostris
1039 1412 1190 1438 nocere
1213 1398 1390 1438 aiebant
1410 1395 1500 1437 haec
1520 1411 1606 1437 non
1628 1395 1804 1451 attingi,

344 1489 440 1515 cum
474 1473 540 1515 hic
568 1489 653 1514 11011
686 1474 739 1513 511
771 1473 891 1513 100115
913 1472 1117 1528 proprius
1140 1470 1297 1526 agendi
1319 1470 1372 1510 de
1394 1475 1610 1525 potestate
1634 1467 1805 1509 Summi

344 1547 589 1597 Pontificis;
626 1562 723 1587 nam
760 1560 859 1587 011111
895 1560 988 1600 prae
1011 1544 1214 1584 manibus
1244 1543 1299 1583 sit
1331 1543 1514 1583 materia
1536 1539 1806 1583 Sacramenti

346 1619 521 1661 Ordinis
550 1620 595 1660 in
617 1634 667 1661 ea
688 1634 774 1659 non
795 1617 1084 1659 necessarium
1106 1631 1198 1657 esse
1220 1616 1458 1671 quicquam
1488 1616 1729 1656 immiscere
1750 1613 1805 1654 de

345 1693 611 1736 authoritate
643 1693 796 1747 Papae,
831 1691 960 1732 sicuti
990 1691 1033 1730 in
1065 1689 1289 1730 veteribus
1319 1688 1398 1729 hac
1431 1688 1484 1729 de
1515 1703 1561 1729 re
1582 1687 1806 1728 Doctrinis

345 1781 570 1821 nunquam
606 1771 671 1805 est
704 1764 880 1811 factum,
914 1778 991 1804 nec
1024 1761 1148 1818 apud
1177 1761 1390 1802 Doctores
1416 1760 1704 1807 scholasticos,
1728 1758 1805 1800 ubi

346 1838 398 1880 de
423 1840 701 1880 Sacramento
725 1836 901 1877 Ordinis
926 1842 1079 1891 agunt,
1103 1835 1336 1890 quicquam
1359 1833 1413 1874 de
1435 1833 1559 1889 Papa
1580 1838 1804 1874 tractetur.

345 1912 564 1954 Dicebant
581 1925 698 1966 ergo,
717 1916 896 1950 eatenus
911 1908 1104 1948 sufficere
1124 1907 1433 1948 authoritatem
1446 1907 1583 1962 Papae
1598 1904 1807 1961 perstrin-

347 2000 464 2042 gere,
489 1992 706 2040 quatenus
727 1983 1015 2024 necessarium
1039 1982 1095 2022 sit
1116 1981 1172 2022 ad
1186 1980 1506 2022 dubitationem
1528 1994 1712 2027 omnem,
1730 1993 1807 2020 seu

346 2057 663 2114 praejudicium,
694 2054 1000 2101 amovendum,
1031 2054 1064 2094 si
1097 2053 1216 2110 quod
1247 2043 1357 2095 forte
1389 2053 1494 2094 oriri
1514 2059 1676 2109 posset,
1699 2051 1806 2092 dum

346 2132 668 2187 Episcoporum
682 2129 924 2171 authoritas
936 2128 1004 2169 hic
1020 2134 1278 2175 recensetur,
1293 2133 1344 2168 ut
1358 2127 1447 2167 scil.
1463 2126 1720 2173 declaretur,
1735 2139 1808 2166 eos

346 2205 519 2245 omnino
541 2203 610 2244 hic
625 2203 816 2259 pendere
833 2209 876 2244 et
898 2203 1077 2243 subesse
1098 2215 1265 2241 summo
1286 2200 1501 2241 Pontifici.
1536 2198 1635 2239 Hoc
1656 2204 1805 2239 autem

346 2294 431 2319 non
468 2279 605 2319 solum
637 2279 681 2318 in
712 2276 920 2333 praesenti
955 2275 1150 2316 doctrina
1186 2275 1361 2316 abunde
1394 2273 1609 2330 prce-stari,
1650 2273 1729 2314 sed
1763 2278 1807 2314 et

347 2352 537 2408 amplius
558 2351 696 2392 multa
719 2349 833 2397 addi,
858 2348 1167 2404 amplificantia
1189 2347 1500 2388 authoritatem
1522 2347 1673 2402 Papae,
1707 2359 1806 2400 quae

346 2425 390 2464 in
431 2423 658 2465 veteribus
700 2421 907 2462 Conciliis
946 2435 1165 2475 nusquam
1206 2420 1442 2476 leguntur:
1491 2418 1646 2466 veluti,
1689 2416 1807 2473 quod

348 2496 509 2538 habeat
531 2495 713 2537 eandem
736 2494 854 2534 solus
874 2492 1194 2549 plenitudinem
1218 2492 1462 2548 potestatis,
1496 2505 1630 2546 quam
1651 2489 1808 2530 habuit

348 2569 508 2610 Petrus
525 2586 536 2618 3
567 2583 682 2616 nam,
714 2567 793 2608 hoc
815 2582 1025 2613 concesso,
1048 2564 1352 2606 difficillimum
1375 2564 1459 2605 erit
1479 2563 1697 2604 haereticis
1718 2577 1805 2603 am—

348 2642 463 2697 plius
497 2642 682 2698 probare
715 2654 808 2680 esse
838 2640 882 2679 in
919 2638 1119 2680 Ecclesia
1151 2638 1281 2678 aliam
1313 2636 1631 2693 plenitudinem
1663 2642 1805 2692 potes-

349 2716 465 2763 tatis,
498 2716 584 2756 imo
612 2715 722 2755 forte
755 2712 1033 2769 impossibile.
1096 2711 1165 2751 De
1199 2711 1294 2751 aliis
1325 2711 1471 2752 verbis
1491 2725 1627 2766 supra
1647 2709 1806 2751 notatis

885 2801 892 2818 ¹
919 2800 1176 2841 Dispositionem‚
1197 2799 1231 2828 M
1238 2800 1268 2828 S.
