1905 3254
389 253 471 293 ‘240
1032 267 1141 298 sess.
1167 266 1223 296 vi.

390 365 629 414 sermonem
647 373 820 421 diceret,
838 387 985 413 eorum
1006 372 1360 428 propositionem,
1375 371 1450 426 qui
1468 376 1627 426 petunt
1641 369 1841 419 Calicem,

391 460 543 501 sapere
578 445 791 493 haeresim,
825 460 958 500 seque
993 445 1037 485 id
1071 445 1197 486 certis
1233 444 1502 499 argumentis
1537 443 1841 499 probaturum.

392 517 595 573 Cumque
628 519 673 558 in
704 517 884 559 dicendo
917 524 1134 573 pergeret,
1171 516 1295 558 Card.
1336 516 1621 563 Mantuanus,
1659 516 1713 556 ab
1749 515 1842 555 aliis

393 590 524 630 etiam
546 591 727 646 Legatis
748 591 879 631 tacite
900 591 1107 641 monitus,
1130 589 1185 631 ad
1201 605 1299 630 eum
1324 603 1568 635 conversuS,
1592 595 1641 629 ut
1657 593 1843 629 cessaret

393 662 448 702 ab
480 662 547 703 his
581 663 774 718 ineptiis,
812 678 911 703 eum
947 663 1172 717 corripuit,
1206 677 1305 702 nam
1339 676 1435 702 cum
1465 675 1490 700 a
1520 660 1702 716 Legatis
1737 659 1843 715 ipsis

391 735 481 776 haec
524 737 748 792 proposita
783 738 977 784 fuissent,
1019 736 1264 777 laedcbatur
1300 751 1447 777 eorum
1484 735 1689 791 dignitas,
1727 734 1842 790 quod

391 810 478 852 haec
511 810 714 851 haeretica
747 812 1075 867 appellarentur
1092 827 1103 859 3
1136 825 1234 851 cum
1267 810 1340 850 ille
1374 809 1515 850 adhuc
1537 815 1723 850 tentaret
1745 823 1842 863 pro-

391 883 529 938 sequi,
554 883 821 923 Mantuanus
843 883 881 923 ei
903 884 1123 924 silentium
1144 882 1325 922 indixit:
1359 897 1457 921 mox
1488 896 1584 921 cum
1616 882 1842 936 proximus

390 956 453 995 illi
477 956 630 995 Abbas
651 963 749 1010 post
771 971 870 995 eum
897 955 1076 996 dicendo
1109 955 1467 1009 subsequeretur,
1500 954 1576 993 ille
1607 954 1753 993 statim
1788 952 1841 993 de

390 1043 468 1068 suo
488 1028 579 1068 loco
600 1027 822 1068 discedens
840 1027 894 1068 ad
910 1028 1102 1083 Legatos
1122 1027 1239 1082 ipsos
1260 1026 1495 1081 procedens
1513 1025 1683 1066 veniam
1701 1024 1842 1080 petiit,

389 1102 425 1141 si
447 1100 554 1156 quid
575 1101 717 1141 minus
738 1099 1000 1141 considerate
1025 1099 1191 1140 dictum
1222 1100 1263 1140 ei
1295 1098 1523 1140 excidisset
1536 1115 1547 1148 3
1580 1098 1841 1154 rogavitque

389 1173 532 1219 simul,
566 1181 616 1214 ut
650 1173 843 1214 animum
874 1188 1002 1214 suum
1037 1173 1189 1214 liceret
1219 1172 1302 1212 sibi
1333 1172 1413 1213 toti
1437 1171 1609 1227 Synodo
1630 1177 1840 1212 testatum

390 1247 554 1287 facere:
598 1261 685 1302 quo
717 1247 951 1300 impetrato
993 1245 1048 1286 ad
1082 1246 1226 1286 locum
1258 1261 1387 1287 suum
1424 1260 1637 1292 reversus,
1666 1250 1842 1300 peracta

389 1320 667 1359 excusatione
702 1333 765 1366 ea,
793 1334 893 1373 quae
921 1318 1105 1365 dixerat,
1138 1319 1416 1368 retractavit,
1461 1318 1662 1373 clareque
1696 1332 1841 1359 omnes

388 1391 702 1432 intellexerunt
725 1406 824 1432 eum
845 1390 1125 1446 simplicitate
1156 1390 1360 1445 quadam,
1383 1405 1468 1431 non
1498 1406 1634 1446 pravo
1656 1390 1839 1436 consili0,

387 1464 562 1519 lapsum
583 1464 731 1506 fuisse.

450 1535 536 1576 Sed
567 1551 621 1577 ne
653 1536 828 1592 longius
859 1536 1040 1591 reliquis
1072 1535 1383 1591 persequendis
1415 1536 1611 1576 molestia
1644 1536 1841 1590 legentes

389 1609 581 1656 afficiam,
615 1616 787 1659 caetera,
820 1624 919 1663 quae
950 1608 1030 1649 hoc
1062 1615 1324 1664 argumento
1355 1609 1563 1649 latissime
1586 1624 1611 1650 a
1631 1609 1842 1650 Patribus

388 1688 491 1722 sunt
513 1687 709 1728 tractata,
731 1680 985 1737 compendio
1008 1680 1197 1735 quodam
1218 1680 1491 1736 subjicienda
1512 1681 1630 1722 duxi.

388 1833 624 1890 Rationes,
651 1850 708 1880 ex
746 1835 919 1898 quibus
958 1835 1124 1898 petitio
1151 1834 1506 1881 Germanorum
1544 1844 1686 1898 atque
1723 1835 1839 1881 alio-

452 1932 575 1971 rum,
623 1924 677 1962 ut
723 1917 789 1962 eis
843 1917 1130 1963 concedatur
1176 1918 1451 1964 communio
1507 1919 1593 1964 sub
1638 1928 1839 1981 utraque

451 1998 617 2059 specie,
644 2014 782 2060 aequa
807 2014 860 2044 ac
885 1998 1054 2044 decens
1079 1998 1281 2044 videtur.

442 2113 549 2160 ΡΜ,
573 2110 690 2167 quod
710 2111 816 2151 Ecca
845 2110 1103 2158 diutissime,
1126 2111 1269 2166 spatio
1285 2112 1386 2167 plus
1403 2112 1520 2153 mille
1535 2119 1579 2153 et
1600 2112 1838 2154 ducentum

386 2199 610 2232 annorum,
632 2183 746 2225 hunc
767 2199 927 2225 morem
952 2184 1139 2232 admisit,
1163 2192 1213 2226 ut
1235 2185 1533 2226 indifferenter
1555 2201 1703 2227 omnes
1726 2202 1837 2227 com-

384 2258 655 2315 municarent
677 2258 760 2298 sub
781 2264 970 2312 utraque
993 2259 1160 2313 specie,
1185 2259 1346 2314 quibus
1368 2260 1644 2315 temporibus
1661 2260 1838 2300 fuerunt

384 2330 602 2385 Apostoli,
626 2336 852 2385 martyreS,
869 2337 913 2370 et
937 2336 1002 2371 tot
1025 2330 1099 2370 alii
1121 2331 1256 2372 sancti
1275 2346 1321 2372 ac
1339 2331 1568 2387 Religiosi,
1588 2338 1631 2372 ct
1644 2338 1709 2372 tot
1726 2332 1837 2372 Con-

384 2402 483 2442 cilia
499 2402 782 2450 sanctissima,
800 2416 899 2456 quae
913 2417 1141 2457 nunquam
1158 2403 1464 2458 improbarunt
1481 2401 1559 2442 hoc
1572 2402 1835 2444 institutum.

441 2475 495 2514 2³.
531 2474 661 2524 Quod
691 2473 762 2514 hic
791 2481 858 2514 est
893 2489 1032 2529 purus
1063 2474 1185 2521 ritus,
1222 2489 1352 2529 quem
1382 2473 1487 2514 Ecca
1518 2480 1673 2529 potest,
1707 2481 1840 2530 prout

384 2547 621 2596 videbitur,
644 2554 829 2596 mutare,
851 2547 985 2602 idque
1008 2547 1246 2587 Concilium
1269 2547 1598 2587 Constantiense
1626 2547 1835 2596 admittit,

383 2619 502 2675 quod
523 2620 557 2660 si
581 2619 727 2675 aliquo
750 2626 947 2675 tempore
976 2619 1022 2659 id
1052 2619 1250 2674 permitti
1271 2634 1396 2674 posse
1419 2618 1564 2666 debet,
1588 2626 1702 2659 certe
1723 2634 1837 2660 nunc

383 2693 570 2733 maxime
601 2691 809 2747 expedire
841 2691 1031 2741 videtur,
1064 2697 1128 2732 tot
1150 2692 1414 2747 urgentibus
1436 2692 1577 2732 causis
1599 2707 1698 2747 quae
1720 2700 1834 2734 notae

383 2771 483 2804 sunt
501 2781 508 2804 ε
542 2764 648 2805 alias
669 2779 892 2819 nunquam
914 2765 1200 2820 imposterum
1223 2764 1304 2805 erit
1326 2764 1406 2806 hoc
1427 2764 1762 2813 concedendum,
1792 2772 1835 2807 et
