1905 3254
384 305 466 344 346
1006 320 1120 349 sEss.
1147 319 1222 348 vn.

383 425 540 475 clesia3
576 439 673 466 nam
708 439 792 465 non
828 426 971 465 omnia
1002 440 1102 480 quae
1128 439 1212 465 non
1236 438 1466 480 possumus
1487 429 1680 479 arguunt
1702 423 1836 464 imbe-

381 498 605 539 cillitatem
630 505 833 547 nostram,
865 498 940 538 sed
965 499 1112 553 potius
1135 498 1356 546 virtutem,
1380 504 1430 538 ut
1451 511 1503 538 ea
1521 511 1605 536 non
1626 496 1838 551 possimus

380 585 480 626 quae
510 586 594 612 non
629 572 790 612 licent:
828 586 925 611 cum
958 577 1002 612 et
1028 570 1152 612 Deus
1177 571 1450 626 omnipotens
1471 569 1655 616 dicatur,
1679 569 1755 624 qui
1775 575 1837 609 ta-

378 658 477 684 men
508 659 595 684 non
630 650 774 700 potest
808 644 925 684 mala
952 650 997 684 et
1024 643 1195 700 flagitia
1224 650 1492 698 perpetrare.
1554 641 1664 682 Dico
1686 642 1836 697 igitur,

379 729 434 754 ex
455 715 635 755 materia
657 722 700 755 et
721 716 907 756 essentia
928 715 1020 770 Epi
1041 714 1152 755 illud
1173 730 1278 763 esse,
1301 722 1350 756 ut
1377 714 1539 755 habeat
1561 712 1837 753 Jurisdictio-

378 800 492 833 nem,
529 800 626 825 cum
660 785 752 826 haec
789 800 980 826 connexa
1013 787 1113 834 sint,
1152 793 1195 827 et
1226 802 1280 827 ex
1312 786 1407 840 ipso
1434 799 1582 825 rerum
1614 783 1765 824 ordine
1792 784 1837 824 id

378 864 601 913 sequatur.
663 858 758 898 Nec
794 859 908 898 enim
942 873 1137 914 unquam
1169 859 1359 914 aliquem
1387 857 1636 898 ordinatum
1660 858 1836 912 Episco-

381 946 489 986 pum
521 930 772 970 audivimus
801 931 883 970 nisi
913 930 968 971 ad
988 931 1224 986 regendam
1247 931 1439 985 aliquam
1464 929 1714 972 Ecclesiam.
1779 930 1836 971 Et

379 1002 555 1058 quando
582 1001 740 1042 desunt
772 1002 990 1050 Ecclesiae,
1014 1002 1242 1042 ordinatur
1274 1002 1331 1042 ad
1363 1001 1595 1041 Ecclesiam
1626 1001 1670 1040 in
1689 1000 1838 1041 Terris

381 1074 649 1122 Infidelium,
666 1075 814 1130 potius
836 1089 968 1129 quam
990 1074 1046 1115 ad
1067 1074 1245 1115 nullam.
1310 1073 1441 1124 Quod
1456 1088 1557 1114 vere
1580 1080 1789 1114 vocentur
1812 1087 1837 1113 a

378 1147 476 1189 Deo
497 1154 621 1203 patet
640 1148 684 1188 in
705 1148 815 1204 psal.
839 1148 894 1197 3.,
911 1148 1048 1204 Elegi
1063 1147 1212 1188 David
1233 1162 1410 1188 servum
1426 1162 1571 1188 meum
1595 1147 1690 1188 &c.¹
1743 1147 1838 1187 Nec

379 1222 563 1268 dicatur,
598 1221 716 1276 quod
737 1236 834 1262 cum
856 1221 887 1262 J
890 1221 1113 1261 urisdictio
1134 1221 1270 1276 possit
1291 1221 1384 1261 tolli
1406 1235 1431 1261 a
1453 1220 1591 1276 Papa,
1620 1234 1726 1276 ergo
1747 1234 1832 1260 non

379 1293 534 1349 pendit
568 1308 593 1334 a
626 1293 747 1334 Deo:
785 1308 884 1333 nam
919 1300 964 1334 et
995 1293 1120 1348 Papa
1147 1293 1379 1334 haereticus
1412 1299 1558 1348 potest
1585 1292 1757 1348 deponi,
1793 1299 1837 1333 et

378 1373 524 1407 tamen
552 1369 648 1420 ejus
675 1372 869 1420 potestas
891 1365 1011 1405 venit
1033 1380 1058 1405 a
1078 1365 1189 1405 Deo.
1251 1365 1345 1405 Nec
1378 1365 1508 1405 etiam
1540 1364 1596 1405 ad
1621 1379 1713 1405 rem
1742 1378 1837 1419 per-

379 1439 503 1485 tinet,
542 1437 661 1492 quod
695 1438 818 1491 Papa
852 1442 997 1491 potest
1033 1437 1196 1492 eligere
1229 1435 1342 1477 hune
1376 1437 1447 1477 vel
1478 1437 1617 1479 illum.
1656 1451 1756 1477 nam
1793 1442 1837 1477 et

381 1508 636 1549 Cardinales
657 1508 828 1564 eligunt
849 1508 963 1549 hunc
987 1508 1056 1549 vel
1083 1509 1203 1549 illum
1229 1509 1422 1564 Papam3
1461 1515 1505 1549 et
1538 1515 1683 1549 tamen
1713 1515 1777 1549 est
1811 1523 1836 1548 a

377 1581 489 1621 Deo.
552 1580 702 1620 Minus
737 1581 892 1629 obstat,
926 1582 1046 1636 quod
1079 1582 1312 1622 transferat
1350 1582 1473 1636 Papa
1510 1581 1747 1636 Episcopos
1783 1580 1836 1621 de

378 1668 465 1693 uua
500 1653 691 1693 Ecclesia
725 1653 768 1692 in
802 1653 955 1693 aliam:
993 1653 1038 1694 id
1073 1654 1187 1694 enim
1223 1654 1363 1693 oritur
1396 1667 1449 1693 ex
1491 1653 1633 1707 prima
1672 1653 1835 1694 virtute

378 1725 591 1781 acquisita
624 1726 669 1765 in
704 1725 1048 1773 Consccratione,
1087 1733 1130 1767 et
1165 1733 1287 1767 extat
1319 1726 1433 1766 liber
1466 1726 1510 1767 J.
1541 1725 1594 1766 de
1624 1725 1833 1775 Victoria,

379 1800 458 1855 qui
491 1799 565 1846 ait,
602 1798 788 1839 exclusis
829 1799 1005 1854 legibus
1045 1799 1258 1847 humanis,
1303 1799 1386 1839 viz.
1430 1800 1466 1838 si
1501 1798 1626 1854 Papa
1663 1800 1835 1841 tolleret

378 1887 525 1913 omnes
556 1887 658 1912 suas
695 1871 1057 1920 Constitutiones,
1093 1871 1235 1913 adhuc
1271 1886 1324 1912 ex
1365 1870 1490 1911 Juris
1525 1872 1749 1918 naturalis,
1784 1879 1834 1913 ut

377 1946 540 1991 dicunt,
582 1945 761 1991 ratione,
802 1945 971 2000 aliquos
1013 1960 1135 1986 veros
1177 1945 1411 2000 Episcopos
1447 1944 1633 1993 futuros,
1669 1946 1835 2001 absque

377 2017 701 2058 confirmatione
730 2017 866 2071 Papae
882 2032 891 2065 3
927 2023 971 2057 et
999 2017 1033 2056 si
1061 2017 1332 2072 contingeret
1353 2015 1481 2056 hodie
1503 2016 1702 2058 interdici
1725 2033 1833 2059 com-

376 2091 583 2131 mercium
624 2091 739 2131 inter
781 2089 912 2130 Indos
954 2097 998 2130 et
1037 2104 1126 2137 nos,
1164 2096 1277 2130 certe
1311 2089 1543 2138 crederem,
1579 2090 1676 2131 illos
1708 2106 1834 2146 posse

376 2178 520 2204 creare
553 2178 677 2203 veros
713 2162 975 2218 Episcopos3
1013 2177 1110 2203 cum
1143 2162 1229 2202 sint
1262 2162 1492 2203 necessarii
1528 2162 1584 2202 ad
1616 2163 1833 2217 guberna-

376 2235 534 2276 tionem
580 2234 807 2281 Ecclesiae;
857 2233 1044 2288 ideoque
1094 2240 1236 2288 potest
1285 2234 1370 2274 dici
1419 2233 1463 2273 id
1503 2240 1679 2274 cautum
1721 2234 1752 2275 J
1760 2250 1834 2275 ure

375 2309 534 2349 dix-ino.

434 2380 841 2436 Aliphanus—Ego
863 2395 916 2420 ex
939 2394 988 2421 eo
1015 2394 1199 2420 numero
1226 2394 1320 2420 sum
1343 2380 1419 2434 qui
1448 2381 1664 2435 profiteor,
1697 2380 1832 2422 donec

376 2453 578 2508 Synodus
622 2453 883 2493 contrarium
913 2458 1091 2498 statuat,
1132 2451 1357 2492 Christum
1398 2451 1639 2493 Dominum
1686 2460 1830 2508 potes-

375 2532 510 2566 tatem
533 2525 761 2580 Apostolis
782 2525 962 2572 dedisse,
996 2539 1080 2565 non
1103 2531 1249 2565 autem
1273 2524 1454 2565 Petrum
1487 2540 1583 2566 eam
1625 2526 1831 2566 tribuisse

374 2599 525 2639 eodem
555 2598 695 2645 modo,
728 2613 806 2638 nec
838 2598 1006 2652 Papam
1040 2597 1234 2637 tribuere
1267 2597 1402 2637 ullam
1436 2604 1696 2653 potestatem
1721 2599 1830 2653 Epi-

374 2670 528 2724 scopiS,
551 2684 650 2723 quae
671 2670 912 2709 necessaria
934 2669 1002 2716 sit,
1027 2668 1082 2709 ad
1104 2669 1466 2724 gubernationem
1484 2669 1705 2710 Ecclesiae.
1741 2669 1829 2710 Hic

373 2740 638 2782 Varmiensis
671 2742 788 2781 illius
816 2742 951 2782 verba
986 2742 1309 2796 interrumpens
1341 2741 1462 2789 dixit,
1495 2756 1579 2781 non
1602 2756 1692 2782 esse
1716 2756 1826 2782 nunc

931 2866 938 2882 ¹
967 2866 1026 2896 Not
1043 2866 1132 2905 quite
1147 2870 1272 2895 correct.
