1905 3254
1455 266 1478 307 x]

1482 267 1507 305 υτ

682 277 795 307 SESS.
820 279 868 309 II.

106 381 341 428 Pactensis,
366 381 531 429 Placet,
557 385 660 438 quia
683 385 852 425 caeteris
880 385 1041 440 placet.

104 454 134 495 J
138 454 517 509 ustinopolitanus,
542 455 703 505 Placet,
729 458 833 512 quia
855 458 999 513 placet
1021 459 1176 514 maj0ri
1204 459 1330 514 parti.

106 526 276 566 Sanctae
302 525 511 582 Agathae,
542 528 704 577 Placet,
739 536 871 584 prout
903 530 947 569 in
976 536 1077 570 voto
1099 530 1141 569 in
1177 530 1350 585 scriptis
1386 529 1503 578 dato,

47 599 206 641 tenoris
227 599 504 655 infrascripti,
529 601 626 649 viz„
686 601 786 641 Illmi
805 602 912 644 DD.
937 603 1181 658 Patresque
1205 603 1374 657 optimi,
1399 603 1503 643 Pro-

46 673 237 729 positum
261 673 394 713 trium
419 673 508 714 fere
531 675 748 714 mensium
773 682 948 730 tempus
970 675 1025 716 ad
1047 676 1239 716 futuram
1269 675 1501 716 sessionem

45 746 224 787 brevius
253 746 477 801 aliquanto
502 746 823 788 desiderarem:
857 763 941 789 non
976 749 1091 790 enim
1122 748 1300 790 videtur
1328 763 1353 789 a
1386 748 1503 789 Sacri

45 819 226 860 Concilii
247 819 463 876 dignitate
487 827 623 875 atque
646 819 713 860 his
736 822 1010 876 temporibus
1025 822 1211 862 instante
1228 821 1499 869 necessitate,

41 892 156 933 illius
189 908 374 941 cursum,
405 893 475 934 vel
504 894 651 949 potius
680 894 872 949 Spiritus
901 895 1059 943 Sancti,
1084 895 1227 951 longis
1260 895 1499 935 sessionum

41 965 291 1006 intervallis
311 965 554 1021 impedire3
586 967 831 1021 praesertim
856 982 953 1007 cum
977 968 1275 1023 contagiosum
1299 968 1433 1016 istud,
1458 975 1502 1009 et

42 1039 204 1080 lethale
227 1045 293 1080 tot
311 1039 527 1080 haeresum
546 1040 724 1086 malum,
743 1055 828 1081 non
851 1041 1059 1095 temporis
1081 1040 1287 1081 medicina
1311 1048 1355 1082 et
1375 1056 1499 1082 cunc-

43 1112 208 1152 tatione
232 1111 472 1152 curandum
507 1112 576 1159 sit,
600 1111 675 1152 scd
707 1113 963 1168 opportunis
985 1120 1029 1153 et
1052 1113 1501 1153 celerrimisremediis

40 1184 106 1225 illi
144 1185 201 1225 sit
233 1183 575 1225 occurrendum:
620 1191 753 1239 atque
794 1185 959 1225 utinam
997 1192 1125 1226 antea
1157 1185 1212 1225 al)
1236 1185 1346 1233 aliis,
1382 1186 1499 1241 quod

40 1256 212 1297 facilius
248 1255 387 1296 multo
423 1256 519 1295 ficri
556 1256 785 1311 potuisset,
830 1256 894 1296 illi
937 1256 1094 1297 fuisset
1135 1271 1380 1306 occursum;
1414 1272 1498 1297 non

39 1330 154 1370 enim
177 1328 309 1384 pestis
332 1329 415 1368 ista
437 1330 501 1369 ita
524 1329 612 1369 late
627 1329 847 1384 longeque
870 1329 1110 1384 serpsissct,
1127 1335 1204 1369 aut
1227 1329 1496 1369 invaluisset.

39 1402 141 1443 Non
165 1403 297 1443 ctiam
322 1401 498 1443 videtur
520 1417 573 1442 ex
596 1401 870 1457 Reipubliczc
896 1401 1158 1442 Christiana*
1186 1402 1382 1443 utilitate
1406 1417 1497 1442 esse

37 1489 180 1515 moras
201 1473 268 1515 his
292 1474 567 1530 temporibus
590 1473 778 1521 trahere,
803 1474 837 1513 si
861 1474 1017 1515 fratres
1039 1482 1207 1515 nostros
1235 1474 1376 1516 adhuc
1412 1476 1495 1515 sin-

37 1562 167 1594 ceros,
192 1554 236 1587 et
257 1548 300 1587 in
323 1547 406 1588 fide
430 1562 623 1602 veraque
646 1547 858 1603 religione
878 1554 1208 1603 perseverantes
1225 1563 1495 1595 conservare,

37 1628 81 1662 et
117 1636 142 1662 a
174 1620 444 1676 perditorum
488 1620 710 1661 hominum
750 1621 968 1668 versutiis,
1004 1620 1182 1667 insidiis,
1217 1626 1349 1675 atquc
1387 1621 1496 1662 dolis

38 1695 153 1735 tueri
187 1694 470 1735 voluerimus.
528 1693 712 1743 ⁴Verum,
738 1708 835 1748 quae
860 1699 924 1733 est
949 1700 1107 1741 vestra,
1132 1693 1284 1734 Patres
1319 1694 1494 1749 amplis-

37 1767 147 1813 simi,
172 1776 214 1807 et
237 1780 366 1806 sacrae
395 1765 528 1821 hujus
553 1765 811 1805 universalis
836 1765 999 1820 Synodi
1037 1765 1290 1820 prudentia,
1313 1773 1358 1806 ct
1388 1781 1495 1822 erga

36 1839 291 1895 religionem
331 1839 473 1894 pictas
515 1853 563 1879 ac
605 1836 852 1893 diligentia,
891 1852 990 1891 quac
1027 1843 1273 1891 opportune
1304 1837 1495 1878 curanda

34 1918 149 1960 sunt,
174 1912 311 1960 facilc,
335 1918 392 1958 ct,
417 1910 514 1951 Deo
536 1910 660 1958 duce,
679 1909 876 1957 feliciter,
903 1916 1247 1964 opportuneque
1270 1909 1490 1950 curabitis.

93 1984 387 2031 DcrtusensiS,
415 1983 579 2030 Placet,
605 1980 841 2022 dummodo
865 1980 1034 2037 aliquid
1059 1986 1231 2037 agatur.

92 2058 362 2105 Ostunensis,
388 2057 546 2105 Placet,
572 2056 803 2098 dummodo
827 2057 991 2097 interca
1015 2062 1176 2111 agatur
1206 2054 1259 2095 de
1284 2055 1489 2095 reforma-

34 2133 147 2174 tione
169 2147 352 2173 morum.

91 2206 339 2254 Leiriensis,
364 2204 528 2252 Placet,
561 2202 796 2244 dummodo
828 2203 1002 2243 interim
1035 2208 1276 2243 tractentur
1308 2217 1359 2243 ea
1391 2218 1490 2258 quat

35 2278 255 2335 pertinent
279 2276 334 2318 ad
356 2275 706 2317 reformationem
731 2283 775 2316 et
798 2289 951 2316 mores

91 2351 372 2393 Almeriensis
406 2357 449 2391 et
497 2350 658 2397 Placet,
683 2348 916 2390 dummodo
945 2347 1118 2388 interim
1157 2345 1210 2386 de
1247 2346 1490 2388 reformat¹¹⁰

91 2425 390 2481 chioncnsis,
476 2352 492 2476 l
556 2429 779 2463 tractetur.

92 2499 296 2538 Sutrinus
319 2505 362 2538 et
390 2498 653 2552 Nepesinus,
693 2496 856 2543 Placet,
896 2492 1130 2534 dummodo
1165 2499 1406 2534 tractentur
1438 2510 1490 2534 ea

35 2585 130 2626 quae
154 2571 375 2627 pertinent
397 2570 451 2611 ad
468 2569 832 2611 reformationem.

89 2644 354 2699 Aliphanus,
377 2645 542 2692 Placet,
566 2643 800 2684 dummodo
825 2641 995 2697 aliquid
1020 2641 1094 2680 fiat
1117 2639 1233 2694 quod
1258 2640 1312 2680 sit
1350 2655 1372 2680 e
1402 2641 1486 2682 Re-

33 2717 211 2773 publica
231 2718 456 2759 Ecclesiae.
