1905 3254
393 271 475 312 506
1016 289 1125 320 sess.
1151 289 1226 321 m.

395 394 604 449 piscopos,
642 395 989 443 Antibarensem,
1035 397 1350 445 Senonensem3
1394 396 1651 451 Episcopos,
1687 395 1849 438 Virdu-

397 482 585 516 nensem,
628 469 891 516 Leriensem,
945 469 1301 517 Maceratensem,
1356 469 1623 516 Auriensem,
1665 469 1850 510 Neocas-

400 546 602 586 trensem,
644 541 1023 596 Parmensemque‚
1062 540 1342 581 emendandis
1381 541 1433 580 iis
1467 541 1599 581 rebus
1640 541 1867 596 praefecis-·

400 619 508 660 sent,
543 614 704 668 quibus
742 615 1010 655 Sacramenti
1046 614 1222 654 Ordinis
1263 614 1578 654 administratio
1609 615 1753 655 soluta
1783 615 1852 656 de-

398 692 676 741 pravataque
714 687 963 737 videretur3
1008 688 1176 728 caeteris
1212 702 1315 728 vero
1352 687 1524 735 Pribus,
1558 694 1622 734 ut,
1647 702 1744 742 quae
1777 687 1855 728 hoc

400 774 559 814 genere
597 760 799 815 neglecta
835 765 980 816 jacere
1017 759 1307 808 offendissent,
1350 759 1511 800 eisdem
1547 752 1853 814 significarent,

396 831 651 872 mandatum
694 832 862 881 fuisset,
901 833 1063 873 factum
1106 832 1204 873 hinc
1237 839 1315 879 est,
1351 839 1400 872 ut
1434 832 1668 887 multiplex
1709 847 1853 873 rerum

399 905 634 959 congeries,
670 905 749 946 hoc
772 907 945 947 nomine
969 906 1187 947 abusuum
1218 905 1393 946 Ordinis
1415 906 1468 946 ad
1498 920 1570 946 eos
1598 906 1731 948 fuerit
1758 922 1853 963 pro-

398 976 489 1016 lata
502 993 512 1025 3
545 991 646 1032 quae
679 984 837 1025 tamen,
880 993 963 1018 non
1006 979 1333 1019 Sacramentum
1381 978 1556 1019 Ordinis
1589 979 1744 1028 solum,
1784 979 1858 1021 sed

399 1050 559 1090 multos
579 1057 794 1106 praeterea
829 1052 1066 1108 degeneres
1100 1052 1283 1092 aliarum
1317 1067 1463 1092 rerum
1497 1067 1636 1093 mores
1656 1053 1856 1109 respicie-

402 1123 521 1164 bant.
603 1125 702 1165 Prae
751 1125 918 1166 caeteris
960 1132 1105 1166 autem
1150 1125 1397 1166 Cardinalis
1438 1125 1751 1182 Lotharingius
1792 1142 1856 1168 ca-

401 1197 496 1251 pita
527 1212 671 1237 rerum
707 1205 898 1253 quatuor
927 1199 981 1239 ad
1011 1215 1082 1240 eos
1115 1199 1378 1239 moderanda
1398 1198 1631 1248 detulerat,
1674 1215 1858 1256 quorum

403 1269 594 1324 primum
618 1277 712 1310 erat
732 1270 785 1311 de
814 1271 1107 1311 Parochorum
1144 1286 1348 1321 munere;
1382 1272 1449 1311 ΞΜ.
1484 1271 1538 1312 de
1570 1272 1859 1328 dignitatibus

403 1341 697 1382 Ecclesiarum
718 1360 727 1392 3
761 1343 828 1383 3¹¹¹.
865 1342 918 1383 de
956 1342 1204 1387 Canonicis1
1254 1345 1325 1385 41¹¹.
1364 1343 1417 1383 de
1456 1343 1860 1393 Commendatariis,

405 1429 504 1469 quae
527 1422 649 1456 erant
669 1414 933 1471 hujusmodi.

672 1519 842 1582 Capita
867 1530 1072 1582 quatuor
1097 1522 1184 1568 sub
1209 1523 1311 1568 noie
1343 1523 1594 1568 abusuum.

463 1607 679 1654 Praefecti,
723 1616 1006 1663 agnoscentes
1046 1609 1236 1649 muneris
1285 1611 1353 1650 sui
1396 1610 1556 1651 limites
1597 1618 1861 1652 sacramento

406 1678 582 1718 Ordinis
601 1694 692 1719 esse
715 1680 1072 1736 circumscriptos,
1096 1689 1146 1722 ut
1168 1682 1271 1722 scil..
1296 1683 1412 1723 vitiis
1435 1689 1605 1724 tantum
1630 1699 1728 1740 quae
1751 1686 1862 1726 circa

406 1749 735 1790 Sacramentum
757 1750 934 1792 Ordinis
957 1759 1184 1793 versantur
1216 1755 1480 1810 corrigendis
1511 1771 1687 1796 inanum
1719 1757 1860 1797 admo-

406 1829 568 1871 veant3
601 1830 757 1863 caetera
793 1839 909 1872 vero,
945 1840 1046 1880 quae
1073 1826 1128 1866 ad
1159 1842 1226 1867 res
1258 1828 1585 1870 Ecclesiasticas
1618 1829 1862 1871 formandas

409 1895 630 1948 pertinent
650 1910 733 1936 non
754 1896 887 1952 hujus
907 1897 987 1938 loci
1009 1900 1189 1954 propria
1209 1915 1314 1947 esse,
1337 1916 1432 1940 cum
1456 1901 1574 1942 aliud
1595 1903 1651 1942 sit
1672 1903 1862 1944 conferre

408 1966 631 2015 Ordinem,
670 1968 794 2009 aliud
830 1969 1022 2011 conferre
1056 1970 1351 2022 Beneficium,¹
1389 1974 1473 2028 [ut]
1510 1989 1636 2015 nemo
1669 1976 1751 2015 nisi
1782 1976 1862 2017 rite

407 2037 631 2080 ordinatus
671 2039 947 2088 admittatur,
982 2057 1077 2082 cum
1101 2043 1208 2083 alias
1231 2045 1437 2085 universa
1459 2060 1560 2100 quae
1583 2046 1638 2086 ad
1659 2050 1862 2087 constitu-

406 2109 566 2149 endum
589 2110 796 2151 Ecclesiae
818 2118 981 2153 statum
1003 2121 1201 2168 spectant
1216 2115 1300 2156 huc
1314 2118 1600 2158 tumultuario
1616 2119 1863 2174 detorqueri

406 2190 609 2238 possent3
651 2191 887 2239 propterea
927 2186 1023 2241 ipsi,
1067 2196 1222 2229 cuncta
1263 2205 1288 2229 a
1319 2190 1479 2231 Pribus
1520 2192 1575 2232 ad
1610 2208 1681 2233 eos
1720 2193 1864 2234 delata

407 2256 567 2310 triplici
589 2256 730 2311 gradu
752 2259 1020 2312 partiuntur.
1084 2261 1269 2308 Primus,
1294 2277 1442 2303 earum
1468 2278 1612 2304 rerum
1636 2273 1742 2314 erat,
1765 2281 1861 2322 quae

408 2343 509 2369 vere
538 2335 582 2370 et
616 2330 792 2384 proprie
830 2345 927 2371 cum
971 2330 1342 2375 administratione
1386 2336 1656 2378 Sacramenti
1689 2339 1863 2380 Ordinis

407 2407 508 2441 sunt
540 2402 782 2457 conjuncta,
818 2403 980 2458 quibus
1011 2419 1089 2459 pro
1121 2420 1267 2447 eorum
1301 2423 1481 2449 munere
1513 2411 1685 2452 omnino
1717 2412 1863 2453 vident

407 2488 499 2514 esse
541 2474 921 2529 prospiciendum3
956 2477 1006 2516 2³.
1040 2492 1200 2526 earum,
1235 2494 1333 2534 quae
1369 2481 1476 2521 nihil
1511 2498 1735 2525 commune
1767 2499 1860 2525 cum

411 2545 486 2586 hoc
523 2553 789 2587 sacramento
825 2546 1063 2597 habebant,
1107 2565 1214 2605 quas
1255 2551 1351 2592 ideo
1387 2560 1596 2609 tanquam
1633 2557 1688 2597 ab
1717 2571 1860 2597 eorum

407 2617 609 2657 instituto
641 2617 803 2659 alienas
825 2625 1028 2661 statuunt
1063 2624 1398 2675 praetermittere
1416 2642 1426 2675 3
1460 2627 1527 2675 3³„
1563 2642 1726 2676 earum,
1757 2642 1862 2684 quas

407 2689 491 2743 ipsi
515 2690 627 2730 inter
649 2705 708 2738 se,
733 2706 787 2731 an
808 2691 891 2732 huc
913 2693 1151 2734 referendae
1173 2703 1328 2742 essent,
1352 2713 1450 2738 cum
1473 2699 1604 2740 medii
1637 2701 1858 2756 cujusdam

409 2762 580 2813 generis
602 2761 868 2809 viderentur,
899 2778 983 2803 non
1018 2765 1122 2805 satis
1154 2768 1481 2816 conveniebant,
1516 2785 1623 2824 quas
1645 2772 1701 2812 ad
1721 2773 1858 2828 Lega-

861 2851 867 2867 ¹
895 2851 1030 2892 Perhaps
1046 2853 1132 2892 quod
1150 2853 1174 2883 is
1190 2853 1259 2884 here
1276 2855 1417 2886 omitted.
