1905 3254
696 315 804 346 SESS.
833 316 907 345 ru.
1454 299 1533 338 451
1571 308 1577 313 ·

33 458 43 466 ,
72 417 243 458 Pastori
264 432 316 458 ea
346 433 444 473 quae
477 424 579 459 sunt
611 419 802 460 muneris
833 419 913 466 sui,
945 425 988 459 et
1010 433 1111 474 quae
1144 418 1318 473 ipsimet
1345 417 1388 457 in
1424 415 1532 457 obli-

74 489 248 545 gatione
269 504 349 530 sua
369 496 446 530 aut
470 490 733 544 professione
750 490 1023 545 pollicentur,
1047 505 1147 545 quae
1170 490 1274 530 satis
1295 487 1532 529 ostendunt

73 576 182 602 onus
203 569 397 603 nostrum
421 570 464 603 et
486 564 697 604 rationem
720 564 828 618 ejus.

131 635 188 675 N.
234 636 578 676 Gallus—Non
618 635 867 676 declaretur
913 635 1024 675 Jure
1065 634 1239 681 divium
1290 648 1391 674 nam
1431 633 1531 673 hinc

76 707 287 748 Haeretici
308 708 472 748 multas
499 708 723 748 cautiones
742 723 751 756 3
784 714 833 748 ut
854 707 978 747 nobis
1009 708 1167 747 infensi
1187 706 1272 747 sint
1301 706 1432 747 etiam
1454 720 1531 745 nos

75 782 245 836 experti
278 796 430 822 sumus
463 782 508 821 in
544 781 706 821 Gallia.
760 780 829 821 De
864 780 1064 821 Curatis:
1111 779 1302 820 addatur
1324 779 1454 820 etiam
1477 779 1531 820 de

80 851 382 907 dignitatibus,
407 860 457 894 ut
478 852 709 894 resideant.

133 925 624 967 Massalumbrensis—
648 925 837 966 Nullum
879 926 1020 981 magis
1061 939 1252 979 praesens
1292 924 1531 965 remedium

76 1012 207 1054 quam
243 1005 293 1039 ut
327 999 573 1040 declaretur
611 999 723 1040 Jure
756 999 927 1049 divino3
965 999 999 1040 si
1041 1006 1188 1040 tamen
1222 998 1347 1039 aliter
1381 997 1533 1053 majori

75 1070 191 1125 parti
211 1071 442 1126 placuerit,
467 1071 749 1126 acquiescam.

133 1144 760 1199 Bergomensis—-Sufficiunt
797 1159 942 1200 pocnae
982 1146 1267 1199 antiquorum
1309 1158 1534 1185 canonum.

75 1215 312 1257 dummodo
353 1217 597 1258 executioni
638 1217 911 1257 mandentur.
995 1217 1093 1258 Hoc
1135 1216 1361 1258 decretum
1397 1217 1536 1271 igitur

77 1304 160 1330 non
197 1289 354 1345 placet,
390 1290 465 1331 sed
500 1290 614 1332 illud
649 1290 763 1346 quod
797 1291 880 1331 sub
918 1290 1070 1349 Paulo,
1092 1290 1192 1336 III„
1227 1290 1460 1330 declaratis
1493 1296 1536 1329 et

80 1361 240 1403 additis
261 1364 526 1404 necessariis.
591 1363 785 1404 Maxime
821 1370 968 1403 tamen
991 1363 1196 1419 placeret,
1222 1370 1273 1403 ut
1294 1362 1537 1402 declaretur

79 1449 170 1477 esse
211 1435 334 1477 Juris
376 1435 540 1485 divini;
591 1451 707 1483 nam,
751 1437 825 1491 qui
867 1451 934 1477 me
970 1436 1190 1477 confessus
1231 1435 1365 1476 fuerit
1396 1450 1537 1475 coram

79 1509 329 1551 hominibus
351 1510 588 1551 confitebor
609 1525 691 1564 ego
713 1525 812 1550 eum
836 1524 977 1550 coram
1003 1510 1134 1550 Patre
1155 1524 1262 1550 meo·

138 1582 708 1624 Cornuvalensis1-Cum
757 1583 982 1623 Cardinali
1025 1582 1317 1638 Lotharingio
1359 1581 1539 1637 praemia

81 1656 201 1697 nulla
236 1656 427 1712 placent,
460 1656 542 1696 nisi
577 1655 621 1695 id
654 1654 771 1711 quod
803 1670 882 1710 per
915 1654 1041 1695 Paul.
1064 1653 1431 1695 immarcessibilis
1453 1667 1538 1694 suae

82 1729 245 1785 gloriae,
271 1730 349 1770 &c.

139 1802 624 1858 Anglonus2-—Omnes
653 1801 947 1848 convenimus,
975 1808 1025 1841 ut
1047 1802 1218 1842 omnino
1251 1802 1453 1842 Pastores
1475 1815 1539 1841 re-

83 1876 265 1923 sideant,
292 1876 419 1916 aliter
440 1875 664 1931 Religioni
681 1874 795 1915 male
818 1873 1063 1915 consultum
1087 1873 1189 1914 fore.
1243 1874 1389 1929 Igitur
1410 1872 1540 1914 debe-

83 1964 179 1992 mus
210 1964 284 1990 nos
321 1949 430 1989 inire
465 1949 678 1989 rationem
712 1947 904 2003 aliquam
938 1953 988 1987 ut
1026 1948 1200 1987 omnino
1221 1945 1267 1986 id
1287 1946 1542 1987 muneribus

84 2022 359 2078 impleamus.
422 2023 552 2070 Nam,
587 2029 630 2062 et
667 2023 710 2061 in
745 2020 976 2076 proverbio
1010 2027 1088 2067 est,
1127 2020 1204 2075 qui
1237 2019 1376 2060 debiti
1406 2019 1540 2060 exsol-

87 2095 213 2136 vendi
231 2095 423 2135 animum
446 2094 595 2142 habet,
619 2095 654 2134 is
675 2109 760 2134 non
783 2100 960 2134 veretur
982 2093 1181 2149 quolibet
1205 2092 1386 2134 arctiore
1407 2093 1541 2133 etiam

87 2168 256 2209 nomine
277 2183 321 2209 se
343 2167 399 2208 ad
429 2167 474 2208 id
505 2168 757 2223 astringere.
821 2167 868 2207 Si
895 2181 962 2207 res
993 2172 1107 2207 esset
1128 2166 1302 2221 integra
1322 2166 1543 2220 rejicerem

87 2242 231 2282 omnia
254 2241 309 2283 ad
340 2242 515 2283 Sanctm.
577 2243 641 2282 At
665 2248 898 2297 postquam
921 2240 1116 2280 omnium
1138 2239 1250 2279 oculi
1272 2238 1315 2278 in
1346 2254 1422 2279 nos
1443 2245 1546 2280 sunt

90 2314 287 2369 conjecti,
332 2320 376 2354 et
416 2320 650 2368 expectant
693 2330 717 2355 a
757 2315 882 2355 nobis
922 2312 1030 2369 quid
1071 2326 1266 2367 agamuS,
1306 2311 1545 2352 necessario

91 2385 223 2428 debet
244 2387 412 2443 aliquid
435 2388 608 2443 prodire
631 2387 748 2443 quod
780 2387 956 2443 publice
989 2385 1211 2441 expediat.
1271 2384 1367 2425 Nec
1389 2384 1548 2433 obstat,

94 2458 212 2513 quod
245 2459 376 2500 aliter
406 2460 489 2500 sub
524 2460 662 2501 Paulo
697 2460 786 2502 III.
819 2460 900 2501 hoe
927 2466 1143 2501 statutum
1178 2459 1247 2499 sit.
1310 2458 1425 2498 Nam
1449 2471 1547 2521 qum

92 2531 232 2572 minus
248 2532 439 2588 perfecte
469 2540 602 2588 atque
635 2540 785 2574 exacte
819 2533 862 2574 id
895 2533 995 2573 olim
1020 2538 1210 2578 cautum,
1234 2530 1366 2571 debet
1387 2545 1501 2571 nunc
1523 2545 1547 2572 a

96 2604 218 2645 nobis
253 2605 434 2653 absolvi,
471 2607 598 2647 sicuti
633 2607 678 2647 in
711 2605 975 2662 praecedenti
1019 2605 1205 2645 sessione
1246 2604 1300 2644 de
1342 2603 1548 2645 electione

96 2674 418 2733 Episcoporum
440 2678 617 2720 decreta
637 2686 739 2720 sunt
759 2678 955 2728 condita;
989 2677 1042 2718 de
1062 2691 1152 2732 qua
1171 2691 1217 2717 re
1239 2683 1282 2717 et
1303 2676 1386 2717 sub
1409 2675 1550 2717 Paulo

99 2747 188 2789 III.
211 2749 356 2791 fuerat
377 2750 605 2791 sancitum.

400 2847 406 2865 ι
435 2839 448 2870 ?
987 2840 998 2855 ’ί
1025 2837 1255 2876 Anglmnensifl.

1200 2898 1225 2935 :2
1247 2910 1272 2935 G
1299 2896 1324 2936 2
