1905 3254
671 284 785 314 sess.
812 283 889 312 vu.
1427 268 1509 307 549

53 391 250 431 omittere
280 404 363 430 non
400 404 600 445 possum;
634 391 838 445 primum,
872 395 1064 431 veterem
1092 389 1335 430 Ecclesiam
1356 387 1508 444 hujus-

52 461 165 503 modi
187 461 430 517 Episeopos
450 476 535 501 non
559 462 814 517 agnovisse3
848 464 916 502 2¹¹¹.
941 477 1012 503 eos
1042 476 1127 502 non
1160 461 1365 517 expedire
1386 459 1507 500 insti-

52 536 129 577 tui.
193 535 322 585 Quod
353 536 509 576 attinet
543 535 599 575 ad
632 535 839 590 primum,
863 542 1026 590 praeter
1047 535 1271 591 Epistolas
1291 534 1420 574 Pauli
1452 532 1507 574 ad

52 609 202 650 Titum
223 615 265 650 et
286 608 341 649 ad
362 607 658 656 Timotheum,
683 614 934 664 praetcrque
957 609 1071 648 Acta
1099 607 1420 662 Apostolorum,
1449 605 1507 646 lc-

53 689 215 738 gantur
238 681 436 722 Canones
457 680 694 722 eorundem
714 681 1035 735 Apostolorum,
1051 680 1243 720 Decreta
1260 678 1506 733 antiquissi-

52 770 220 796 morum
243 755 537 796 Conciliorum
572 761 814 795 sanctorum
849 754 1047 802 Patrum,
1070 767 1295 807 nunquam
1317 751 1509 792 invenies

51 828 372 884 Episcoporum
408 828 670 868 mentionem
702 827 806 874 fieri,
827 826 910 866 nisi
941 826 983 866 in
1015 825 1164 866 ordine
1198 824 1253 866 ad
1285 823 1507 880 Populum

51 900 240 942 traditur
273 902 324 942 iis
359 901 412 943 de
453 900 682 956 pascendO,
717 900 770 941 dc
812 899 1017 947 docendo,
1052 899 1105 940 de
1145 897 1425 939 instituendis
1464 897 1507 937 iu

54 973 322 1014 Civitatibus
361 973 625 1030 Episcopis;
671 987 771 1027 quae
814 972 958 1012 omnia
998 972 1168 1019 omitto,
1211 970 1350 1010 solum
1392 983 1508 1009 men-

51 1047 208 1087 tionem
245 1046 399 1088 faciam
434 1045 610 1087 Laodic.
638 1044 755 1086 Conc
794 1045 956 1085 Canon.
983 1045 1050 1092 57,
1074 1051 1117 1084 et
1141 1043 1265 1084 Sard.
1302 1043 1409 1082 Can.
1438 1041 1509 1089 6.;

51 1120 156 1160 item
180 1120 383 1160 Anacleti
406 1125 450 1159 et
480 1118 640 1158 Leonis
674 1132 798 1173 paene
831 1116 983 1158 iisdem
1007 1117 1153 1157 verbis
1182 1113 1510 1172 prohibentium

51 1191 298 1247 Episcopos
321 1190 523 1231 constitui
544 1190 584 1230 in
610 1190 758 1246 parvis
774 1188 960 1244 oppidis,
978 1189 1102 1244 cujus
1119 1202 1289 1228 causam
1307 1185 1510 1232 afferunt,

53 1278 106 1304 nc
130 1263 311 1304 vilescat
331 1278 487 1304 nomen
510 1262 736 1318 Episcopi.
801 1260 945 1315 Igitur
977 1260 1012 1300 si
1046 1258 1336 1313 antiquissimi
1359 1258 1513 1297 Patres

55 1336 362 1378 abstinuerunt
383 1351 428 1376 se
452 1336 506 1377 ab
527 1334 802 1376 intitulandis
824 1334 1059 1389 Episcopis
1080 1333 1123 1372 in
1157 1331 1306 1387 parvis
1329 1330 1514 1371 civitati-

54 1410 153 1458 bus,
175 1424 229 1450 ne
251 1409 358 1451 viles
380 1408 665 1450 redderentur
687 1407 915 1463 Episcopi.
940 1413 1105 1462 quanto
1135 1406 1276 1460 magis
1313 1404 1516 1444 titulares

54 1483 298 1539 Episcopos
333 1498 417 1523 non
449 1487 737 1538 agnoverunt,
757 1487 940 1535 propter
977 1494 1086 1534 quos
1122 1478 1336 1534 Episcopi
1359 1492 1515 1518 nomen

57 1557 364 1605 contemnitur,
386 1572 436 1597 co
459 1555 577 1612 quod
598 1554 799 1610 Populus
821 1554 882 1594 cis
903 1553 1036 1594 deest.

114 1631 209 1671 Nec
249 1630 364 1671 illud
404 1630 511 1670 mihi
555 1629 686 1676 dicas,
724 1628 969 1683 Episcopos
1009 1625 1064 1666 ad
1103 1625 1322 1680 Populum
1364 1630 1517 1680 postea

57 1704 367 1760 assignandum
399 1703 630 1744 ordinatos.
694 1699 791 1740 Hoc
823 1713 1050 1753 nunquam
1074 1713 1099 1738 a
1120 1697 1330 1738 Patribus
1360 1697 1518 1737 nostris

56 1778 143 1818 fuit
165 1778 344 1826 factum,
367 1792 443 1819 nec
466 1776 664 1818 auditum
690 1789 767 1814 nec
799 1774 1040 1828 cogitatum
1054 1790 1065 1821 3
1098 1771 1285 1812 clamant
1309 1770 1516 1811 adversus

57 1851 135 1894 hoc
157 1852 321 1894 dictum
344 1852 488 1893 omnia
524 1850 765 1905 priscorum
797 1852 1092 1891 monumenta,
1117 1845 1360 1900 pracsertim
1386 1843 1516 1884 Cone.

58 1925 209 1966 Nicen.
233 1924 342 1965 Can.
365 1925 432 1973 4.;
465 1921 600 1963 Laod.
626 1921 697 1961 xii.
719 1918 922 1960 Antioch.
947 1919 1032 1959 xix.
1055 1917 1176 1957 Sard.
1199 1917 1257 1967 6.,
1279 1932 1332 1956 ex
1355 1916 1518 1971 quibus

56 1998 154 2039 luce
187 1998 344 2038 clarius
377 2002 564 2052 apparet
595 2008 690 2034 cam
715 1992 846 2032 fuisse
868 1991 1036 2046 praxim
1055 1989 1276 2035 Ecclesiae,
1297 1993 1368 2028 ut¹
1393 1987 1520 2028 electi

58 2086 83 2113 a
113 2070 555 2127 comprovincialibus
583 2066 726 2108 statim
762 2065 817 2105 ab
850 2063 1118 2104 ordinatione
1153 2068 1518 2109 consecrarentur,

57 2159 141 2187 non
179 2151 227 2186 ut
263 2144 352 2199 [ad]
391 2144 606 2183 incertum
644 2139 715 2180 vel
750 2139 953 2179 futurum
989 2135 1164 2177 titulum
1197 2133 1517 2182 ordinarentur,

58 2225 209 2274 postca
229 2217 406 2273 populis
429 2217 720 2256 mitterentur.

117 2292 341 2332 Praeterea
365 2289 567 2330 Clemens
598 2288 642 2327 in
665 2290 774 2342 sept.
798 2284 873 2324 lib.
902 2282 1087 2323 Constit.
1112 2296 1203 2337 cap.
1224 2281 1295 2322 46.
1317 2286 1520 2321 numerat

61 2378 206 2405 omnes
227 2362 352 2404 sedes
373 2361 577 2402 fundatas
600 2359 655 2400 ab
675 2356 916 2414 ApostoliS,
935 2362 978 2395 et
994 2355 1166 2395 nomina
1181 2353 1519 2408 Episcoporum,

62 2437 137 2493 qui
176 2437 219 2477 in
255 2436 317 2477 eis
352 2435 532 2476 fuerunt
563 2433 733 2481 collati3
768 2436 810 2471 et
843 2431 885 2470 in
923 2430 961 2469 8.
997 2442 1091 2482 cap.
1123 2428 1148 2466 2
1184 2432 1227 2466 et
1268 2426 1306 2466 3.
1341 2425 1523 2480 exponit

61 2509 241 2551 formam
292 2508 513 2549 electionis
559 2513 603 2547 ct
650 2502 980 2546 consecrationis
1031 2500 1352 2555 Episcoporum
1394 2497 1522 2538 valde

64 2582 248 2623 alienam
288 2582 344 2623 ab
380 2580 651 2621 institutione
686 2575 986 2622 Titularium3
1033 2587 1165 2627 quam
1200 2571 1381 2611 formam
1424 2584 1522 2610 cum

63 2655 302 2697 servaverit
334 2653 586 2709 antiquitas,
610 2663 875 2704 consequens
896 2652 961 2687 est
982 2653 1032 2686 ut
1054 2644 1250 2686 dieamus
1272 2659 1365 2685 eam
1388 2643 1518 2685 Titu-

63 2727 173 2769 larcs
194 2743 277 2769 non
301 2727 544 2783 agnovisse,

707 2812 714 2830 ¹
741 2811 792 2848 Et,
812 2809 883 2840 MS.
