1905 3254
367 248 418 288 76
997 269 1110 299 sEss.
1136 270 1198 298 111.

746 607 883 644 ACTA
914 591 1129 643 TERTIAE
1162 605 1458 643 SESSIONIS.

365 755 483 795 PosT
505 754 596 794 haec
618 754 779 809 Legati
798 753 853 794 ad
876 768 925 794 ea
953 755 1144 794 animum
1179 752 1366 808 adjicere
1400 753 1627 808 incipiunt,
1663 769 1760 810 quae
1798 771 1823 796 a

362 828 568 868 Patribus
606 827 649 866 in
683 827 886 881 praesenti
928 826 1153 881 praecipue
1190 825 1333 880 optari
1371 825 1533 866 vident.
1596 825 1699 867 Duo
1732 827 1821 869 hece

361 907 513 941 erant:
548 900 734 940 alterum
772 898 825 939 de
859 899 969 940 Fide
1002 898 1180 953 publica
1217 898 1502 946 concedenda,
1538 899 1724 940 alterum
1768 900 1821 942 de

362 965 566 1013 Moribus
599 969 892 1012 restituendis.
959 970 1221 1010 Convocatis
1246 971 1385 1026 igitur
1414 971 1689 1019 Rossanensi,
1714 973 1820 1014 Iler-

360 1046 492 1091 dcnsi,
517 1045 721 1091 Vestano,
746 1044 948 1085 Paleotto
974 1043 1203 1091 Auditore,
1237 1050 1280 1083 et
1318 1042 1511 1083 Castello
1550 1043 1818 1094 Promotore,

360 1120 566 1161 mandant
588 1120 653 1168 iis,
679 1127 728 1160 ut
751 1119 983 1159 formulam
1013 1118 1204 1174 aliquam
1225 1117 1359 1173 hujus
1381 1116 1483 1157 fidei
1516 1118 1704 1172 publicae
1725 1134 1819 1160 con-

358 1195 514 1240 ficiant,
540 1209 636 1248 quae
658 1193 859 1234 omnibus
881 1193 1128 1248 prospiciat,
1143 1192 1195 1232 iis
1218 1192 1410 1246 exceptis
1435 1206 1623 1246 quorum
1646 1193 1819 1234 nomina

363 1267 651 1321 Inquisitores
671 1266 773 1306 fidei
800 1266 844 1305 in
876 1265 1078 1306 Urbibus
1102 1280 1148 1305 ac
1171 1263 1336 1320 chnis
1362 1264 1594 1320 Hispaniae
1619 1272 1662 1306 et
1691 1266 1818 1307 Lusi-

364 1339 494 1379 taniae
517 1344 617 1378 sunt
638 1342 728 1393 jam
752 1337 910 1378 delata.
975 1336 1221 1378 Prudenter
1245 1344 1389 1377 tamen
1421 1336 1509 1378 hsce
1528 1338 1661 1378 verba
1685 1339 1820 1380 conci·

360 1412 498 1466 piant,
528 1426 581 1452 ne
616 1418 691 1451 aut
723 1410 813 1450 haec
845 1409 983 1450 officia
1019 1410 1062 1449 in
1100 1414 1306 1464 maj0re1n
1350 1408 1573 1450 hominum
1607 1410 1818 1451 invidiam

359 1483 644 1530 adducantur,
668 1489 742 1522 aut
765 1481 934 1537 aliquid
957 1482 1215 1536 exprimant,
1239 1480 1355 1536 quod
1388 1495 1546 1536 parum
1571 1496 1623 1522 ex
1658 1482 1820 1537 Synodi

359 1557 576 1613 dignitate
600 1556 814 1596 videatur.

418 1631 484 1670 Hi
505 1631 672 1677 Patres,
699 1629 878 1669 alterius
900 1630 961 1668 rei
993 1628 1296 1669 difficultatem
1332 1629 1646 1684 expendentes,
1681 1637 1818 1670 statu-

359 1711 440 1744 unt
460 1704 503 1743 in
526 1703 690 1758 primis,
711 1701 840 1743 fidem
863 1701 1100 1757 publicam,
1125 1717 1225 1757 quae
1249 1702 1356 1742 alias
1387 1702 1429 1741 in
1457 1702 1535 1743 hoc
1559 1703 1818 1744 Tridentino

360 1777 568 1824 Concilio,
603 1776 780 1816 sedente
817 1775 939 1816 Julio
974 1774 1081 1823 III„
1122 1775 1352 1815 Germanis
1385 1775 1469 1815 fuit
1503 1790 1715 1824 concessa,
1747 1776 1816 1816 iis-

357 1851 502 1891 demet
517 1850 674 1896 verbis,
691 1848 854 1904 quibus
870 1847 955 1902 ipsi
971 1848 1072 1887 olim
1090 1847 1498 1902 expostulaverunt,
1512 1863 1625 1889 nunc
1643 1863 1817 1904 quoque

356 1923 653 1979 repetendam,
676 1937 728 1963 ne
748 1922 840 1962 ulla
861 1920 1115 1976 disputandi
1136 1921 1189 1961 de
1214 1936 1266 1961 ca
1286 1922 1449 1961 occasio
1478 1921 1748 1976 praebeatur,
1772 1929 1816 1963 et

355 1999 531 2053 longius
563 2012 653 2037 rem
690 1995 932 2036 differendi.
967 1995 1156 2035 .Postca
1189 2009 1284 2035 eam
1320 1994 1375 2034 ad
1410 1994 1514 2034 alias
1542 2010 1720 2050 quoque
1741 2011 1814 2036 na-

356 2071 505 2115 tiones,
545 2069 623 2109 ubi
658 2068 836 2123 publice
879 2073 954 2107 aut
989 2067 1169 2121 impune
1209 2065 1489 2121 praedicatur,
1524 2066 1594 2106 vel
1635 2066 1814 2108 docetur

355 2142 585 2183 adversum
626 2142 868 2182 Romanam
897 2139 1134 2186 ecclesiam,
1172 2138 1489 2179 extendendam
1523 2146 1724 2190 censent3
1755 2141 1814 2181 sic

355 2216 466 2256 enim
505 2215 733 2269 Hispaniae
755 2221 798 2255 et
825 2213 1067 2254 Lusitaniae
1099 2226 1235 2267 regna
1266 2214 1349 2251 non
1372 2211 1731 2266 comprehensum
1759 2213 1812 2253 iri

355 2288 468 2329 anim
477 2287 774 2334 adverterunt,
791 2301 890 2341 quae
912 2287 1057 2325 severa
1071 2284 1358 2339 magistratus
1376 2284 1635 2325 auctoritate
1656 2286 1812 2327 nefari-

353 2376 420 2401 am
444 2358 696 2415 hujusmodi
719 2358 945 2398 audaciam
968 2363 1175 2397 coercent.

410 2433 521 2473 Haec
559 2447 655 2472 cum
691 2430 876 2486 Legatis
903 2429 1183 2484 placuissent,
1209 2444 1261 2469 ea
1292 2429 1499 2470 Patribus
1533 2430 1679 2470 statim
1713 2444 1809 2484 pro-

351 2512 530 2561 ponunt,
554 2518 794 2559 eorumque
816 2503 1054 2557 exquirunt
1074 2502 1364 2556 [sententias]

548 2621 720 2667 Forma
744 2619 861 2665 salvi
886 2619 1150 2665 conductus
1176 2635 1286 2664 cum
1313 2620 1601 2666 extensione.

409 2736 477 2775 Illi
500 2736 659 2790 partim
682 2749 771 2774 rem
794 2732 1050 2787 simpliciter
1072 2732 1274 2786 probant,
1299 2733 1460 2787 partim
1494 2748 1809 2788 supervacane-

350 2821 422 2845 um
437 2806 514 2846 hoc
537 2806 758 2846 decretum
782 2804 1058 2859 respondent,
1077 2819 1172 2844 cum
1190 2803 1498 2844 haereticorum
1514 2804 1598 2844 huc
1612 2819 1735 2845 nemo
1753 2805 1807 2844 sit
