1905 3254
714 292 825 323 SESS.
851 291 891 323 v.
1448 275 1519 315 151

64 417 264 458 expresse
301 405 532 449 statuatur,
566 400 675 441 nihil
717 400 889 442 omnino
920 399 1022 455 plus
1052 398 1206 455 gratiae
1239 412 1292 438 ex
1329 403 1519 452 utraque

62 474 204 529 specie
226 488 355 529 quam
384 488 437 514 ex
458 473 596 514 altera
615 479 785 514 tantum
809 471 1059 528 comparari,
1084 470 1296 526 suspicari
1316 484 1373 518 se,
1396 469 1521 510 brevi

63 546 165 595 fore,
196 553 247 587 ut
279 561 424 588 omnes
457 547 543 587 illae
573 546 785 593 nationes,
819 560 933 600 quae,
969 545 1072 585 licet
1103 544 1245 585 adhuc
1279 543 1518 584 Catholicae

61 619 157 666 sint,
193 625 337 660 tamen
357 634 484 659 usum
505 618 646 659 calicis
666 619 859 673 impense
890 623 1146 673 exposcunt,
1185 631 1211 657 a
1230 617 1355 657 nobis
1375 616 1518 657 defici-

61 697 149 740 ant,
166 691 245 732 hae
266 692 357 732 sola
376 691 542 732 ratione
558 705 793 746 persuasae,
812 689 928 746 quod
944 690 1054 730 lueri
1076 688 1241 745 aliquid
1258 703 1312 729 ex
1328 695 1517 744 utraque

61 764 202 819 specie
235 764 319 804 sint
350 764 529 804 facturae
546 779 556 813 3
590 769 722 818 prout
753 762 884 802 multi
916 776 970 802 ex
1001 761 1328 816 Theologismct
1359 761 1518 802 nostris

59 838 103 878 in
137 837 306 893 Synodo
337 843 626 878 asseruerunt.
697 835 862 877 Verum
886 835 1038 875 Patres
1059 834 1229 890 aliquot
1248 848 1418 890 magnac
1440 848 1515 874 au-

60 910 289 958 thoritatis,
303 909 602 958 Granatensis,
618 909 909 957 Bracarensis‚
927 908 1218 964 Segobiensis,
1234 907 1515 956 Mutinensis,

0 1006 5 1013 f
60 986 302 1033 Auriensis,
324 983 621 1031 Dertuscnsis,
642 982 993 1039 Senogalliensis,
1017 988 1060 1023 et
1080 981 1279 1022 nonnulli
1301 981 1389 1028 alii,
1413 981 1514 1022 Pro-

58 1057 203 1098 blema
224 1057 303 1098 hoc
320 1072 410 1098 esse
431 1056 749 1112 Theologicum
772 1054 1117 1104 contendebant3
1152 1060 1402 1110 certamque
1419 1053 1514 1094 nul-

58 1132 144 1172 lam
178 1140 256 1173 aut
289 1133 499 1173 efficacem
533 1137 679 1172 extare
711 1130 919 1171 rationem
951 1130 994 1169 in
1027 1129 1283 1170 alterutram
1317 1134 1485 1184 partem
1503 1143 1515 1178 3

57 1205 226 1261 hacque
257 1206 309 1247 de
343 1221 474 1247 causa
497 1205 743 1246 Concilium
767 1203 1101 1243 Constanticnse
1123 1201 1258 1258 hujus
1273 1201 1337 1242 rei
1359 1201 1513 1242 defini-

58 1277 218 1318 tionem
254 1278 467 1333 rcjecisse,
501 1283 550 1318 ut
585 1278 777 1318 Joannes
801 1276 970 1316 Gerson
992 1281 1193 1316 testatur.
1257 1275 1407 1315 Satius
1424 1274 1515 1315 fore

57 1349 99 1389 in
130 1364 181 1390 ea
216 1350 425 1398 doctrina,
459 1365 558 1405 quae
580 1364 711 1405 super
732 1348 799 1389 his
822 1348 1079 1388 Canonibus
1101 1348 1182 1389 erit
1203 1346 1513 1403 componenda,

57 1423 268 1480 siquidem
301 1425 454 1465 Patres
476 1425 565 1465 fere
587 1439 732 1465 omnes
754 1438 846 1464 eam
881 1422 1163 1464 vehementer
1195 1422 1513 1478 efflagitabant,

56 1502 117 1544 ut,
140 1497 313 1544 scilicet,
337 1496 538 1552 exemplo
560 1497 829 1553 reliquarum
851 1511 1009 1545 rerum,
1033 1512 1132 1551 qua:
1153 1497 1197 1537 in
1218 1495 1297 1537 hoc
1321 1496 1515 1536 Concilio

56 1577 182 1611 antea
222 1577 323 1611 sunt
362 1577 561 1619 tractata,
601 1585 715 1611 nunc
748 1584 927 1625 quoque
963 1569 1064 1610 huic
1105 1570 1221 1625 parti
1259 1570 1513 1625 explanatio

56 1644 206 1698 aliqua
222 1650 558 1699 proponeretur3
584 1643 749 1698 aliquid
765 1643 898 1683 latius
914 1642 993 1684 hoc
1012 1650 1272 1698 argumento
1289 1643 1515 1697 explicari,

56 1717 172 1773 quod
193 1717 423 1772 scrupulos
445 1716 607 1757 adimat
620 1733 630 1765 3
662 1731 747 1756 non
769 1717 831 1756 ita
853 1722 998 1756 tamen
1021 1722 1072 1756 ut
1095 1716 1352 1757 alterutram
1375 1715 1512 1771 opini-

54 1805 179 1832 onem
204 1790 408 1831 offendat.

113 1863 309 1904 Delectis
347 1863 486 1919 igitur
520 1862 725 1917 patribus
763 1861 944 1917 aliquot,
983 1861 1059 1916 qui
1082 1860 1283 1901 Canones
1304 1875 1357 1902 ex
1379 1861 1513 1902 variis

55 1936 237 1977 Patrum
256 1935 634 1977 observationibus
655 1935 946 1982 emendarent,
962 1934 1100 1989 iisque
1123 1934 1253 1975 simul
1274 1934 1511 1976 doctrinam

53 2009 141 2050 sive
158 2023 306 2050 eorum
321 2008 655 2063 explicationem
671 2006 737 2062 adj
745 2013 974 2062 ungerent,
997 2007 1073 2054 illi,
1098 2013 1296 2047 accurate
1310 2007 1512 2048 omnibus

55 2081 307 2125 observatis,
331 2080 736 2135 communicatoque
758 2079 918 2135 saepius
941 2079 1128 2126 consilio,
1160 2079 1334 2120 tandem
1358 2079 1512 2121 doctri-

53 2169 150 2195 nam
187 2154 426 2201 absolvant,
468 2160 512 2194 et
536 2153 736 2193 Canones
771 2152 813 2192 in
846 2152 960 2193 hunc
989 2153 1065 2208 qui
1098 2153 1298 2209 sequitur
1332 2154 1509 2195 modum

56 2227 304 2268 emendatos
326 2226 473 2268 edunt.

103 2349 331 2396 Doctrina
353 2350 410 2396 de
437 2347 752 2404 Eucharistia‚
780 2349 935 2411 primo
964 2347 1186 2394 Patribus
1210 2349 1461 2411 proposita,

580 2414 659 2460 An
685 2415 750 2460 ita
777 2414 975 2478 placeat.

107 2496 225 2561 Cap.
254 2497 339 2544 ΡΜ.
368 2497 514 2544 Nullo
539 2498 702 2544 divino
729 2505 965 2560 praeccpto
992 2497 1228 2559 adstringi
1256 2496 1434 2554 Laicos‚
1456 2507 1511 2545 ut

333 2576 420 2622 sub
444 2584 647 2638 utraque
670 2575 823 2638 speeie
847 2574 1218 2621 communicent.

112 2667 330 2726 Principio
350 2671 500 2727 itaque
521 2672 679 2713 Sancta
703 2672 917 2728 Synodus,
951 2688 996 2712 rc
1018 2671 1207 2712 multum
1228 2671 1393 2727 diuque
1415 2687 1508 2714 con-

59 2739 240 2782 siderata
260 2749 304 2783 et
325 2758 527 2799 expensa,
565 2744 702 2793 docet,
734 2745 902 2785 nullum
926 2745 969 2785 in
991 2744 1151 2785 divinis
1175 2744 1416 2800 Scripturis
1437 2760 1508 2787 cx-

59 2818 148 2854 tare
170 2822 433 2871 pracceptum
458 2817 574 2872 quod
596 2817 750 2859 Laieos
772 2832 930 2864 01111105,
965 2824 1007 2858 et
1031 2817 1220 2858 Clericus
1244 2832 1326 2858 non
1348 2819 1501 2860 sacrifi-
