1905 3254
289 266 335 305 14
932 279 1045 308 sess
1076 279 1099 308 1.

295 386 424 432 mani,
450 384 659 439 Gallique
678 383 744 424 his
768 383 949 425 adversa
970 399 1020 425 eo
1041 385 1264 440 praecipue
1283 383 1614 430 contendebant,
1633 382 1750 438 quod

295 464 397 497 tunc
430 472 513 497 non
535 457 736 497 omnibus
757 457 960 505 liberum,
991 466 1039 498 ut
1061 458 1247 505 aiebant,
1282 457 1447 498 aditum
1472 457 1665 511 patuisse
1687 455 1748 496 di-

293 537 452 577 cerent,
472 531 699 586 multaque
727 546 779 571 ex
807 538 1002 586 tempore
1025 531 1209 577 decreta,
1233 531 1396 586 quibus
1416 530 1499 585 ipsi
1520 545 1597 570 nec
1617 530 1748 570 inter-

294 604 488 651 fuissent,
511 619 589 644 nec
612 604 668 644 ab
691 618 838 644 eorum
860 603 1111 644 hominibus
1134 603 1274 644 adhuc
1298 604 1603 659 probarentur.
1646 603 1748 642 Non

294 676 444 716 decere
480 675 575 716 ideo
606 676 752 730 priora
783 675 860 715 illa
890 682 984 715 acta
1013 691 1109 716 cum
1145 675 1213 716 his
1243 691 1342 731 quae
1373 676 1416 715 in
1446 689 1637 730 praesens
1664 681 1747 714 sta-

293 749 455 790 tuenda
476 756 617 789 essent
638 755 899 789 connectere.
937 749 1159 798 Quantum
1183 750 1242 790 ita
1257 750 1346 805 jam
1371 748 1532 789 eisdem
1551 748 1748 788 assentiri

293 822 466 878 ipsimet
490 821 743 862 viderentur
765 836 865 877 quae
886 821 929 861 in
950 822 1104 876 primis
1131 822 1316 877 cupiunt
1349 821 1583 869 retractari,
1618 821 1748 861 Novo

294 894 492 935 Concilio
529 910 639 950 opus
671 909 775 942 esse,
809 901 858 934 ut
892 908 974 933 non
1003 908 1052 934 ea
1080 901 1251 934 tantum
1283 895 1358 935 sed
1380 902 1422 935 et
1445 902 1613 941 caetera,
1647 908 1747 949 quae

291 968 402 1008 inter
436 967 707 1007 Christianos
740 967 793 1008 de
828 967 1060 1022 Religione
1091 974 1192 1007 sunt
1217 974 1509 1014 controversa,
1532 969 1745 1023 majorum

288 1055 405 1080 more
426 1040 478 1080 de
501 1040 717 1080 communi
738 1040 929 1080 omnium
952 1041 1168 1080 sententia
1190 1040 1478 1080 excutiantur.

351 1114 462 1154 Haec
498 1128 643 1154 secum
682 1113 987 1153 Sanctissimus
1021 1113 1164 1153 animo
1205 1113 1387 1169 agitans,
1425 1112 1601 1154 tandem
1636 1111 1747 1152 hanc

290 1188 446 1228 mentis
467 1203 557 1228 suae
579 1187 896 1228 dubitationem
920 1201 1015 1226 cum
1040 1187 1137 1227 aliis
1159 1188 1487 1234 communicare,
1517 1193 1747 1241 totumque

290 1261 367 1302 hoc
405 1262 630 1317 negotium
673 1268 824 1316 aperte
860 1260 1032 1300 omnino
1064 1266 1262 1307 tractare,
1306 1260 1541 1301 constituit.
1606 1259 1747 1299 ,Iubet

289 1335 470 1375 selectos
501 1335 713 1375 antistites
735 1333 1021 1389 quamplures
1045 1334 1255 1389 varioque
1278 1349 1332 1374 ex
1360 1333 1507 1374 ordine
1530 1347 1577 1372 ac
1599 1333 1747 1388 magni

291 1407 478 1451 Concilii
515 1409 630 1449 viros
669 1408 877 1454 accersiri,
923 1406 1193 1454 Cardinales,
1235 1407 1459 1454 Praelatos,
1505 1405 1746 1446 Generales

289 1479 587 1535 Religionum,
631 1479 870 1520 Auditores
913 1479 1054 1525 Rotae,
1098 1477 1442 1525 ReferendariOS,
1484 1477 1744 1524 Advocatos,

291 1552 559 1602 Causidicos,
588 1553 712 1593 Juris
738 1553 954 1593 Pontificii
981 1551 1327 1607 Theologiaeque
1352 1551 1526 1606 peritos,
1560 1558 1603 1592 et
1633 1551 1746 1591 inter

288 1626 367 1667 hac
391 1629 690 1682 cujuscunque
709 1627 797 1666 fere
819 1626 1005 1666 nationis
1029 1625 1207 1680 aliquot.

348 1701 573 1756 Significat
593 1699 681 1740 illis
705 1698 886 1754 pridem,
910 1714 954 1739 se
977 1698 1250 1739 constituisse
1274 1697 1608 1738 OEcumenicum
1633 1697 1745 1738 Con-

286 1772 435 1813 cilium
468 1786 703 1812 convocare
737 1770 792 1811 ad
821 1770 1084 1811 Christianae
1110 1769 1388 1825 Reipublicae
1409 1769 1680 1810 commodum
1702 1777 1745 1810 et

288 1845 614 1885 incrementum.
678 1843 813 1883 Hunc
847 1843 1138 1889 Conventum,
1170 1857 1265 1883 cum
1299 1857 1352 1884 ex
1385 1842 1587 1882 omnibus
1606 1842 1743 1882 natio-

287 1920 417 1960 nibus
438 1917 836 1972 frequentissimum
860 1931 952 1956 esse
975 1917 1137 1971 cupiat,
1161 1931 1244 1956 non
1269 1923 1368 1956 ante
1388 1923 1534 1956 tamen
1549 1931 1650 1956 suas
1666 1915 1745 1956 hac

289 1992 342 2033 de
364 2007 410 2032 re
430 1992 579 2032 literas
597 1990 669 2030 edi
687 1989 888 2037 voluisse,
909 2004 1039 2045 quam
1060 1989 1235 2029 illorum
1253 1989 1511 2029 sententiam
1527 1990 1743 2044 exquirat,

288 2067 493 2108 deceatne
519 2065 628 2105 hanc
656 2064 757 2104 novi
783 2062 967 2103 Concilii
995 2062 1316 2111 indicationem,
1351 2078 1404 2103 an
1437 2063 1584 2119 potius
1612 2065 1743 2104 conti-

288 2138 539 2179 nuationem
556 2136 824 2178 conscribere
840 2152 848 2176 :
872 2135 955 2176 sibi
972 2135 1139 2191 gratius
1162 2134 1205 2175 id
1220 2135 1418 2175 futurum
1436 2136 1555 2191 quod
1575 2137 1743 2178 Sanctae

288 2211 498 2252 Ecclesiae
534 2210 672 2265 magis
710 2208 967 2264 expedierit.
1031 2207 1132 2255 Hic,
1173 2224 1270 2249 cum
1308 2224 1465 2264 graves
1497 2226 1522 2251 a
1556 2211 1744 2267 singulis

289 2291 432 2326 essent
453 2284 579 2325 dictae
601 2283 840 2330 sententiae,
870 2282 926 2322 ob
947 2281 1008 2322 rei
1030 2288 1173 2322 tamen
1195 2281 1510 2331 difficultatem,
1531 2299 1616 2324 non
1638 2286 1743 2326 satis

287 2359 401 2399 inter
434 2372 478 2398 se
506 2356 833 2401 consentientes,
863 2369 1007 2409 neque
1033 2369 1086 2394 ex
1113 2354 1164 2393 iis
1190 2355 1423 2410 quicquam
1445 2357 1551 2397 certi
1572 2363 1648 2398 aut
1670 2372 1741 2398 ex-

287 2431 447 2486 plorati
470 2430 677 2470 Summus
698 2426 902 2468 Pontifex
931 2426 1127 2473 haberet,
1157 2434 1328 2468 mature
1355 2427 1514 2469 idcirco
1539 2430 1742 2470 omnibus

288 2502 596 2543 animadversis
628 2500 814 2541 mediam
849 2498 930 2539 sibi
967 2498 1081 2538 viam
1110 2499 1165 2539 ab
1187 2514 1338 2540 eorum
1360 2501 1545 2549 nomine,
1570 2517 1678 2557 quos
1698 2503 1742 2542 in

287 2574 511 2614 consilium
534 2573 811 2621 adhibuerat,
828 2570 971 2612 adhuc
988 2570 1220 2625 prolatam,
1243 2571 1477 2613 ineundam
1498 2574 1741 2628 proposuit,

290 2662 377 2702 qua
417 2647 648 2702 utriusque
684 2646 821 2701 partis
861 2645 972 2687 ratio
1007 2645 1236 2693 habeatur,
1278 2660 1355 2686 nee
1391 2646 1566 2686 illorum
1601 2648 1742 2702 magis

289 2734 418 2774 quam
451 2722 632 2761 istorum
666 2719 844 2761 consilia
875 2718 1100 2775 impediat.
1166 2718 1333 2759 Statuit
1353 2718 1428 2759 ille
1445 2719 1671 2775 imprimiS,
1692 2728 1742 2762 ut

289 2793 532 2833 Concilium
566 2794 739 2834 omnino
768 2793 1002 2848 aperiatur,
1034 2807 1172 2847 eoque
1205 2792 1384 2832 Praelati
1414 2808 1560 2834 omnes
1589 2809 1741 2835 convo-
