1905 3254
355 332 438 372 326
975 344 1081 374 sEss.
1106 345 1182 373 vn.

359 453 605 509 Episcopos
637 467 728 494 esse
761 453 1004 508 superiores
1029 456 1128 506 jure
1150 450 1312 497 divino,
1337 455 1385 490 ut
1407 449 1547 504 magis
1569 447 1808 489 confodian-

358 533 432 567 tur
453 525 677 567 Haeretici.

417 597 966 653 Bracarensis--Episcopi
999 603 1100 638 sunt
1133 596 1296 638 Vicarii
1326 594 1506 643 Christi,
1532 610 1563 635 c.
1586 595 1698 635 inter
1719 593 1812 634 haec

361 672 416 714 de
439 687 622 714 consecr.
647 671 833 712 distinct.
868 672 906 711 2.
936 670 1295 712 Jurisdictionem
1329 676 1478 709 autem
1501 683 1590 723 qua
1620 667 1811 723 fungun-

362 752 451 795 tur,
493 760 640 786 omnes
678 745 872 786 fatentur
908 760 933 785 a
966 744 1063 785 Deo
1104 744 1235 785 fuisse
1273 743 1531 790 institutam,
1573 740 1813 782 ministerio

361 825 509 860 tamen
530 819 665 874 Papae
687 818 1035 860 distribuendam
1057 835 1063 857 2
1102 825 1145 859 et
1167 817 1367 872 quamvis
1400 816 1473 857 alii
1505 815 1666 863 dicant,
1697 813 1813 870 quod

363 892 451 932 imo
467 897 669 932 creantur
687 906 710 932 a
725 891 865 946 Papa,
883 890 989 947 quid
1010 897 1155 931 tamen
1177 890 1221 930 id
1240 890 1444 937 refertur,
1462 889 1497 929 si
1518 888 1812 931 convenimus,

364 964 533 1020 Papam
554 978 679 1020 posse
702 964 872 1005 auferre
895 979 919 1004 a
940 963 1065 1004 nobis
1086 963 1197 1003 hanc
1219 963 1249 1004 J
1252 962 1588 1006 urisdictionem,
1612 960 1704 1000 sive
1726 974 1814 1000 ma-

364 1038 549 1079 teriam?
591 1036 715 1077 Idem
739 1037 973 1078 verborum
994 1037 1140 1092 potius
1163 1050 1296 1092 quam
1317 1035 1379 1076 rei
1401 1041 1466 1075 est
1487 1033 1756 1075 concertatio.

422 1111 802 1152 Nicosiensis—ex
837 1109 1035 1151 doctrina
1065 1123 1090 1149 a
1120 1109 1335 1150 contrario
1368 1122 1498 1148 sensu
1529 1106 1679 1148 inferri
1699 1106 1815 1147 vide-

365 1190 452 1231 tur,
475 1183 592 1239 quod
614 1184 650 1223 si
672 1182 884 1239 Episcopi
905 1197 989 1223 non
1013 1183 1058 1223 in
1084 1189 1254 1237 partem
1285 1179 1570 1221 solicitudinis
1592 1194 1816 1220 assumun-

367 1264 456 1305 tur,
479 1271 563 1297 non
584 1264 685 1297 sunt
706 1256 931 1312 Episcopi,
965 1255 1081 1311 quod
1103 1262 1168 1296 est
1188 1254 1345 1295 falsum
1363 1270 1373 1303 ;
1406 1268 1506 1294 nam
1538 1259 1677 1294 status
1708 1253 1818 1308 Epi-

368 1329 487 1385 scopi
509 1330 571 1371 ita
600 1328 825 1370 videretur
854 1328 995 1384 magis
1017 1327 1208 1384 pendere
1231 1342 1256 1368 a
1275 1326 1306 1367 J
1310 1325 1585 1368 urisdictione
1608 1340 1740 1381 quam
1763 1325 1818 1366 ab

367 1402 530 1445 ordine.

427 1473 873 1531 Tarentinus—quod
905 1473 1152 1515 omittendae
1188 1479 1288 1513 sunt
1317 1471 1634 1527 disputationes
1669 1486 1819 1527 super-

371 1566 586 1599 vacaneae,
610 1557 654 1591 et
672 1550 716 1591 in
739 1565 788 1591 eo
809 1549 946 1589 solum
970 1546 1230 1589 versandum
1253 1546 1371 1601 quod
1397 1546 1669 1601 propositum
1701 1551 1765 1585 cst
1796 1559 1821 1584 a

370 1622 566 1678 LegatiS,
609 1636 686 1661 nec
728 1620 783 1660 ad
822 1634 994 1661 sensum
1038 1619 1220 1659 aliorum
1257 1625 1321 1659 est
1357 1617 1557 1674 Synodus
1587 1616 1820 1658 inutilibus

352 1695 759 1751 ,disceptationibus
780 1693 1007 1734 oneranda.

428 1768 739 1810 Lanciancnsis
762 1767 922 1823 probat
948 1766 1151 1807 ultimum
1181 1765 1414 1814 Canonem,
1440 1764 1521 1805 etsi
1541 1778 1626 1804 non
1651 1762 1822 1804 dicatur

373 1843 435 1883 ibi
466 1843 578 1884 Jure
611 1841 759 1883 divino
776 1858 787 1891 3
825 1855 924 1881 nam
956 1855 1041 1882 non
1076 1840 1219 1880 omnia
1251 1854 1355 1880 vera
1388 1844 1490 1879 sunt
1524 1835 1819 1892 exprimenda,

374 1912 548 1969 quando
569 1912 669 1953 inde
693 1911 815 1953 aliud
835 1926 985 1953 verum
1009 1918 1154 1967 potest
1174 1910 1437 1967 perturbari,
1470 1910 1582 1950 sicut
1604 1908 1704 1949 olim
1725 1922 1822 1964 pro-

372 1986 520 2028 hibuit
561 1987 720 2027 Sancta
761 1985 960 2041 Synodus
1001 2001 1053 2026 nc
1095 1985 1312 2026 diceretur
1346 1983 1632 2025 Christitocos
1663 1982 1822 2030 Maria,

375 2062 575 2117 quamvis
625 2060 671 2100 id
722 2074 875 2100 verum
922 2065 1047 2103 esset,
1101 2073 1154 2099 ne
1197 2057 1420 2099 videretur
1460 2056 1635 2099 excludi
1677 2056 1824 2098 Maria

376 2136 554 2182 Θεοτοκος,
585 2134 686 2176 licet
713 2133 822 2174 illud
854 2132 986 2173 etiam
1015 2147 1165 2172 verum
1198 2132 1264 2172 sit.
1328 2130 1455 2172 Dixit
1477 2145 1594 2187 ergo,
1627 2131 1658 2172 J
1663 2145 1739 2171 ure
1761 2129 1823 2170 di-

377 2207 476 2247 vino
496 2206 718 2247 institutos
734 2206 978 2261 Episcopos
1001 2218 1026 2244 a
1046 2202 1156 2252 Deo,
1173 2202 1292 2258 quod
1313 2202 1367 2244 ad
1387 2202 1594 2251 ordinem,
1619 2208 1663 2243 et
1684 2201 1715 2242 J
1717 2202 1825 2242 uris-

375 2277 605 2318 dictionem
648 2276 858 2333 proficisci
895 2290 919 2315 a
952 2275 1088 2331 Papa,
1122 2276 1297 2316 tametsi
1332 2276 1455 2331 large
1486 2273 1716 2329 loquendo,
1749 2274 1826 2314 illa

377 2351 507 2392 etiam
530 2365 555 2391 a
576 2350 674 2391 Deo
695 2350 763 2390 sit.
826 2348 1005 2396 Verum,
1033 2363 1129 2388 cum
1152 2363 1289 2403 purus
1310 2348 1502 2388 minister
1522 2347 1565 2387 in
1587 2361 1824 2388 sacramen·

378 2424 541 2466 talibus
561 2437 788 2478 nunquam
817 2427 932 2476 agat,
955 2421 1036 2461 nisi
1056 2421 1099 2461 in
1123 2427 1382 2476 praesentem
1405 2422 1643 2468 materiam,
1660 2420 1824 2477 adjecta

376 2496 513 2537 forma
533 2501 652 2536 certa
672 2493 916 2542 verborum,
948 2493 1071 2548 Papa
1091 2499 1238 2533 autem
1260 2492 1397 2547 possit
1418 2506 1563 2533 creare
1583 2491 1825 2548 Episcopos

377 2569 507 2611 ctiam
531 2567 745 2615 absentes,
774 2566 872 2607 hinc
897 2566 1023 2621 sequi
1045 2580 1143 2606 eum
1164 2579 1323 2620 purum
1344 2564 1587 2606 ministrum
1612 2579 1697 2605 non
1718 2579 1824 2612 esse,

375 2641 451 2682 sed
492 2640 734 2687 authorem,
787 2654 885 2680 cum
925 2653 1002 2679 nec
1042 2638 1172 2679 etiam
1214 2638 1482 2693 praescriptis
1531 2637 1634 2677 ullis
1673 2642 1827 2677 utatur

375 2713 531 2754 verbis.

433 2782 949 2837 panormitanus—quod
985 2781 1218 2837 dupliciter
1259 2781 1287 2821 J
1294 2797 1343 2821 us
1379 2781 1576 2823 divinum
1613 2781 1825 2829 sumitur3
