1905 3254
665 313 775 343 sEss.
805 313 875 343 vn.
1419 301 1502 340 :349

44 417 235 466 sciretur,
269 432 366 458 cum
397 419 495 473 quis
516 420 702 475 imponit
728 435 924 468 manum,
948 435 973 461 a
994 435 1082 476 quo
1106 420 1237 462 fuerit
1256 422 1322 462 illi
1344 437 1501 463 manus

43 492 261 547 imposita,
293 498 337 532 et
368 492 432 533 ita
466 492 685 548 gradatim
709 494 1039 548 pervenireimis
1062 509 1201 549 usque
1225 495 1280 536 ad
1296 496 1500 551 primum,

43 564 118 620 qui
138 564 231 605 fons
248 564 332 605 fuit
354 565 648 606 ordinationis.
698 566 872 607 Accidit
892 567 1015 617 mihi,
1038 583 1134 608 cum
1157 583 1333 623 agerem
1355 577 1503 610 contra

42 638 285 679 Haereticos
305 639 348 679 in
372 638 605 680 Conventu
634 639 845 686 Possiaco,
877 646 921 680 et
945 654 1186 695 quaererem
1217 642 1272 681 ab
1305 642 1402 689 illis,
1426 643 1503 697 qui

44 726 114 753 eos
135 711 354 753 ordinavit
375 719 451 753 aut
473 712 594 753 dedit
614 712 703 752 illis
735 719 997 767 potestatem
1030 713 1135 754 alios
1165 714 1405 763 ordinandi,
1439 716 1503 756 illi

43 785 371 840 respondebant
403 801 447 827 se
481 802 572 827 0330
605 786 823 827 ministros
845 787 1212 828 extraordinarios
1233 788 1458 830 institutos
1479 804 1504 830 a

43 859 140 900 Deo
167 874 222 900 ex
254 860 528 916 negligentia
556 867 712 901 nostra.
777 860 943 902 Idcirco
966 862 1001 902 si
1022 861 1233 903 addamus
1256 878 1310 911 v.,
1335 878 1387 903 ex
1410 879 1503 905 suc-

44 933 247 980 cessione,
270 933 375 973 satis
396 933 577 974 tolletur
598 932 666 974 hic
688 947 817 974 error.
883 932 935 974 In
958 935 1112 989 quinto
1134 935 1277 989 capite
1297 935 1503 976 doctrinae

43 1004 199 1045 vellem
222 1012 375 1061 aperte
397 1006 539 1046 omnia
560 1006 785 1061 explicari,
811 1012 860 1046 ut
882 1006 1031 1047 nullus
1051 1022 1128 1048 nec
1153 1006 1402 1055 Catholicis,
1426 1023 1502 1049 nec

45 1075 282 1118 Haereticis
317 1077 548 1118 dubitandi
576 1078 695 1118 locus
728 1078 1015 1134 relinquatur.
1078 1079 1132 1120 Id
1153 1095 1268 1134 *vero
1300 1081 1506 1136 profiteor

42 1149 88 1189 id
116 1165 176 1197 v.,
199 1150 230 1191 J
234 1165 311 1191 ure
340 1150 500 1199 divino,
533 1166 602 1192 me
635 1166 719 1192 non
754 1152 954 1207 probare,
977 1154 1181 1208 quoniam
1217 1153 1295 1195 hoc
1318 1156 1503 1197 verbum

44 1236 225 1278 magnas
266 1222 433 1263 dissidii
477 1238 524 1263 ac
557 1224 839 1264 contentionis
875 1239 1024 1266 causas
1061 1225 1104 1266 in
1139 1226 1337 1268 Ecclesia
1368 1227 1502 1270 dedit.

44 1294 200 1336 Dicam
223 1301 369 1336 tamen
391 1311 471 1352 pro
493 1297 750 1338 conscientia
771 1304 814 1338 et
834 1297 919 1338 fide
940 1313 1048 1345 mea,
1081 1300 1189 1354 quid
1218 1300 1272 1341 de
1304 1301 1384 1341 hac
1415 1316 1505 1342 maa

42 1368 153 1410 teria
187 1369 366 1410 sentiam
385 1386 396 1419 3
428 1384 514 1410 non
550 1368 704 1410 dubito
739 1385 822 1426 ego
859 1378 1123 1426 potestatem
1157 1372 1318 1413 ordinis
1353 1389 1444 1415 esse
1481 1389 1506 1415 a

43 1440 141 1482 Deo
161 1441 424 1483 immediate.
479 1443 641 1491 Primo,
667 1444 774 1498 quia
794 1444 857 1484 ita
889 1444 1117 1499 Scriptura
1151 1444 1360 1500 loquitur,
1384 1446 1508 1486 Acci-

45 1514 138 1570 pite
173 1514 386 1570 Spiritum
421 1514 643 1564 Sanctum,
686 1516 790 1565 &c.;
825 1515 900 1556 sed
936 1515 1047 1557 addo
1081 1517 1212 1557 etiam
1244 1525 1504 1574 potestatem

39 1588 355 1644 Jurisdictionis
383 1589 702 1630 Ecclesiasticae
726 1604 816 1630 esse
839 1605 864 1630 a
886 1589 998 1638 Deo,
1022 1592 1124 1646 quia
1145 1606 1228 1632 non
1249 1599 1392 1647 potest
1413 1599 1506 1634 tota

43 1662 244 1703 Ecclesia
268 1662 408 1702 facere
432 1663 536 1718 quin
559 1663 615 1702 sit
638 1662 774 1717 Papa,
807 1670 852 1703 et
884 1663 971 1704 sint
999 1664 1223 1719 Episcopi,
1252 1680 1328 1706 nec
1362 1672 1506 1721 potest

45 1735 187 1792 redigi
211 1735 265 1777 ad
286 1736 620 1776 Aristocratiam
644 1742 720 1776 aut
741 1735 1081 1785 Democratiam,
1104 1752 1201 1777 cum
1223 1737 1381 1779 debeat
1412 1754 1505 1781 esse

48 1815 215 1849 tantum
254 1808 537 1858 Monarchia3
570 1815 613 1849 et
647 1807 725 1848 hoc
760 1815 825 1849 est
861 1809 1034 1849 omnino
1070 1824 1094 1849 a
1125 1809 1245 1859 Deo;
1278 1818 1322 1851 et
1351 1811 1385 1852 si
1408 1813 1506 1867 quis

45 1881 235 1938 objiciat,
269 1897 473 1937 aequosne
506 1896 654 1922 omnes
689 1881 941 1922 Sacerdotes
963 1881 1129 1937 Papae?
1161 1883 1336 1925 minime
1353 1900 1364 1933 3
1397 1885 1505 1926 nihil

46 1953 153 1994 adeo
187 1954 370 1994 firmiter
408 1960 472 1995 est
506 1953 781 1994 retinendum
805 1968 937 2008 quam
973 1953 1063 1995 haec
1092 1955 1237 1996 unitas
1269 1963 1313 1997 et
1345 1957 1503 2011 prima-

49 2032 120 2067 tus
143 2026 269 2067 Sedis
292 2027 556 2082 Apostolicae
575 2043 582 2066 :
617 2042 716 2068 nam
750 2026 815 2067 his
846 2027 1120 2082 temporibus
1141 2032 1380 2083 conjuratae
1404 2037 1506 2071 sunt

50 2100 242 2141 omnium
277 2099 466 2142 hostium
513 2100 624 2141 acies
677 2100 887 2141 adversus
931 2099 1038 2141 hanc
1081 2115 1250 2150 arcem3
1303 2108 1360 2151 et,
1401 2103 1503 2145 licet

48 2172 134 2214 sint
167 2172 353 2214 diversae
387 2188 537 2214 earum
578 2174 731 2220 Scetae,
763 2172 1022 2221 Lutherani,
1069 2173 1334 2224 Calvinistae,
1373 2177 1505 2218 Zuin-

47 2244 196 2301 gliani,
232 2245 535 2300 Anabaptistae
569 2252 613 2286 et
645 2245 742 2286 aliae
780 2246 1014 2294 factiones,¹
1051 2247 1093 2286 in
1118 2246 1197 2287 hoc
1230 2253 1375 2288 tamen
1408 2264 1504 2290 con-

53 2317 246 2364 veniunt,
280 2324 330 2358 ut
360 2317 561 2359 funditus
583 2325 781 2359 evertant
800 2319 879 2359 hoc
902 2319 1140 2375 fastigium.
1206 2319 1346 2375 quue
1373 2322 1504 2377 signi-

48 2389 146 2430 ficat
163 2390 205 2429 in
217 2390 480 2447 Evangelio,
505 2390 617 2431 Cum
642 2392 765 2432 sortis
788 2400 995 2440 armatus,
1019 2394 1096 2433 8ιο.
1115 2409 1121 2431 ;
1154 2393 1263 2434 nihil
1284 2409 1388 2450 ergo
1410 2395 1507 2436 ideo

49 2462 322 2504 imminuitur
353 2464 406 2505 de
440 2464 705 2506 authoritate
743 2465 826 2512 ΞΜ,
864 2472 913 2506 ut
947 2466 1007 2505 ait
1030 2465 1276 2507 Cal-dinalis
1300 2467 1431 2508 Polus
1464 2469 1507 2508 in

49 2533 124 2576 lib.
159 2551 263 2586 suo3
307 2551 404 2577 nam
435 2537 537 2579 licet
562 2545 754 2594 potestas
784 2537 1109 2579 Jurisdictionis
1140 2538 1222 2578 sita
1252 2538 1308 2579 sit
1337 2539 1379 2579 in
1414 2547 1508 2582 tota

52 2606 247 2649 Ecclesia
264 2623 288 2649 a
304 2608 414 2656 Deo,
434 2617 579 2651 tamen
597 2612 721 2667 Papa
742 2611 859 2652 solus
881 2611 1074 2666 [potcst²]
1096 2610 1173 2651 hoc
1190 2615 1263 2666 jus
1285 2611 1327 2651 in
1352 2626 1506 2653 unum-

55 2693 279 2737 quemque
301 2697 513 2724 exercere.
578 2684 808 2734 Quodnam
832 2685 970 2739 igitur
992 2691 1069 2732 est,
1087 2699 1251 2732 vocare,
1276 2699 1505 2734 assumere,

54 2749 268 2807 deponere
292 2761 334 2796 et
357 2756 559 2797 mittere?
623 2757 693 2798 Ita
715 2764 764 2797 ut
783 2757 964 2811 quisque
984 2764 1229 2797 assumatur
1246 2764 1288 2797 et
1305 2759 1508 2801 mittatur

142 2840 146 2856 ¹
173 2843 214 2871 So
231 2842 273 2871 Le
290 2842 378 2873 Plat.
416 2844 615 2882 functiones,
634 2843 704 2874 MS.
948 2843 960 2860 ²
984 2846 1027 2874 Le
1043 2844 1115 2874 l'lat
1132 2844 1239 2875 inserts
1253 2845 1311 2876 this
1329 2848 1423 2878 word.
