1905 3254
341 252 423 291 226
968 264 1079 294 51155.
1105 264 1159 292 w.

342 385 418 411 cur
452 376 716 425 aegrotantes
757 369 913 409 fratres
956 375 1124 408 nostros
1159 382 1210 407 eo
1242 381 1329 422 quo
1361 366 1567 407 videntur
1599 366 1796 422 indigere

341 441 566 481 medicinae
590 454 748 495 genere
770 454 855 480 non
884 440 1164 480 curabimus?
1197 439 1382 480 Fatetur
1415 437 1574 485 Caesar,
1599 443 1642 478 et
1665 437 1796 486 dolet,

342 514 542 553 morbum
576 528 668 554 esse
700 513 817 553 hunc
849 513 1177 554 Provinciarum
1199 527 1390 559 suarum,
1413 518 1463 552 ut
1488 511 1647 552 Calicis
1669 526 1798 552 usum

342 592 558 641 exoptent.
626 585 796 635 Mallet,
814 593 864 626 ut
885 586 996 626 sicut
1016 586 1109 641 ipse
1131 586 1176 626 in
1201 584 1379 626 ecclesia
1405 584 1602 625 Romana
1623 598 1797 625 consue-

341 659 495 700 tudine
529 674 700 715 semper
738 660 971 714 acquievit,
1009 660 1053 699 in
1090 674 1182 714 qua
1216 659 1346 700 etiam
1379 658 1488 698 mori
1521 657 1796 706 deliberavit,

342 733 454 773 idem
488 740 531 774 et
567 733 712 774 caeteri
746 733 947 780 facerent,
986 739 1035 773 ut
1070 747 1218 773 omnes
1250 731 1619 787 quemadmodum
1648 731 1798 773 eodem

341 805 524 852 nomine,
556 805 618 846 ita
651 805 803 846 iisdem
831 820 1008 860 quoque
1041 805 1235 845 moribus
1269 811 1311 845 et
1348 804 1508 844 ritibus
1542 810 1797 854 uterentur3

342 877 416 918 sed
438 878 688 919 consolatur
710 878 803 935 ipse
825 893 882 925 se,
906 878 1078 933 quando
1099 877 1310 933 intelligit
1337 877 1538 917 morbum
1570 875 1685 917 hunc
1714 891 1799 917 non

342 965 432 991 esse
463 950 726 1007 hujusmodi,
764 950 840 1006 qui
875 951 964 991 sine
1001 950 1094 991 ulla
1126 949 1279 1005 [fidei]1
1312 949 1559 999 offensione,
1595 949 1721 990 facile
1755 956 1800 990 et

342 1024 502 1064 usitato
523 1022 854 1070 medicamento,
884 1023 1027 1064 curari
1049 1038 1133 1064 non
1162 1024 1327 1078 possit3
1360 1037 1445 1063 non
1479 1021 1593 1063 enim
1622 1021 1800 1064 haeresis

341 1096 419 1135 illa
439 1103 517 1144 est,
550 1096 766 1152 siquidem
786 1096 912 1137 nulla
933 1111 977 1137 se
999 1096 1044 1136 id
1064 1095 1331 1137 necessitatis
1353 1094 1554 1150 opinione
1576 1095 1800 1150 postulare

342 1170 537 1210 homines
578 1170 658 1218 1111,
700 1176 750 1211 111
785 1176 1019 1218 testantur,
1058 1176 1102 1210 et
1136 1170 1264 1210 fateri
1306 1170 1651 1225 quotiescunque
1687 1184 1801 1224 opus

343 1243 485 1291 fuerit,
520 1243 803 1299 pollicentur:
847 1244 1030 1284 alteram
1065 1249 1239 1284 tantum
1274 1243 1463 1299 speciem
1504 1257 1588 1283 non
1627 1242 1800 1298 ignorat

342 1322 481 1357 totum
504 1315 549 1355 id
570 1316 799 1365 continere,
834 1316 951 1371 quod
974 1316 1029 1356 ad
1049 1316 1239 1356 salutem
1263 1315 1570 1371 acquirendam
1593 1315 1698 1357 satis
1718 1316 1775 1356 sit
1788 1331 1798 1364 ;

343 1389 419 1430 sed
450 1396 543 1430 tum
581 1389 892 1445 superstitione
926 1389 1127 1443 quadam,
1167 1404 1298 1444 quam
1331 1389 1413 1443 ipsi
1448 1389 1716 1445 religionem,
1752 1404 1799 1430 ac

343 1462 461 1517 piam
485 1462 744 1502 sententiam
768 1461 1010 1517 appellant,
1033 1476 1128 1501 eum
1164 1460 1330 1501 Christi
1360 1461 1537 1502 Domini
1566 1461 1799 1502 institutio-

341 1549 439 1575 nem
462 1549 632 1575 servare
648 1535 865 1590 integram
889 1540 1125 1589 expetunt3
1149 1541 1244 1575 tum
1267 1536 1315 1574 ea
1333 1533 1613 1588 potissimum
1630 1534 1800 1574 ratione

343 1607 397 1647 ad
430 1607 474 1646 id
509 1614 552 1647 et
593 1606 858 1662 cupiendum
901 1613 944 1647 et
983 1605 1294 1662 postulandum
1335 1605 1642 1660 impelluntur,
1682 1605 1801 1661 quod

347 1680 477 1733 (510111
500 1680 582 1720 viri
602 1680 803 1720 nonnulli
824 1686 867 1721 et
889 1679 1080 1721 doctrina
1103 1686 1146 1720 et
1168 1680 1333 1734 pietate
1359 1686 1617 1735 praestantes
1647 1679 1725 1720 hoc
1755 1679 1799 1720 in

341 1753 432 1793 loco
463 1754 759 1805 asseruerunt)
797 1752 949 1808 augeri
981 1751 1175 1793 divinam
1207 1753 1397 1809 gratiam
1432 1758 1620 1808 utraque
1642 1753 1799 1808 specie,

342 1825 536 1873 credunt,
560 1840 610 1866 eo
641 1825 857 1880 imprimis
887 1832 1161 1881 argumento,
1195 1825 1312 1880 quod
1344 1824 1495 1866 vident
1528 1824 1802 1866 Christianos

341 1898 546 1947 homines,
582 1914 679 1939 cum
713 1905 900 1954 utraque
932 1899 1075 1954 specie
1113 1905 1358 1946 uterentur,
1394 1898 1440 1939 id
1470 1905 1535 1940 est
1569 1899 1614 1939 in
1649 1899 1800 1954 primis

342 1972 554 2013 nascentis
587 1972 795 2013 Ecclesiae
828 1972 1100 2027 temporibus
1128 1971 1258 2026 longe
1291 1986 1423 2026 quam
1454 1986 1570 2014 nunc
1591 1978 1693 2013 sunt
1712 1987 1799 2013 me-

341 2046 470 2086 liores
500 2045 644 2093 fuisse,
672 2052 716 2086 et
750 2045 805 2086 ad
826 2044 986 2086 Christi
1012 2045 1140 2085 fidem
1174 2044 1504 2095 defendendam,
1538 2045 1615 2100 [et]
1640 2060 1799 2102 propa-

343 2117 529 2173 gandam
552 2118 793 2166 alacriores,
816 2132 1002 2173 quorum
1026 2117 1157 2158 etiam
1195 2117 1375 2173 quidam
1403 2120 1472 2172 (ut
1492 2118 1679 2174 legitur)
1704 2133 1799 2160 eon-

343 2198 507 2232 secrato
539 2192 752 2247 sanguine
784 2191 827 2232 in
857 2191 1080 2232 tormentis
1106 2192 1291 2232 recreati
1322 2198 1436 2240 sunt,
1460 2198 1511 2232 ut
1540 2192 1799 2248 martyrium

342 2265 497 2306 fortius
527 2264 826 2306 sustinuerint.
889 2262 1002 2304 Haee
1029 2264 1245 2305 sententia
1267 2279 1314 2305 ac
1336 2265 1561 2320 persuasio
1581 2264 1668 2305 illis
1689 2264 1801 2321 eripi

342 2338 462 2378 nullo
488 2337 615 2378 modo
647 2343 822 2392 potest3
856 2336 1020 2378 caeteris
1051 2336 1094 2376 in
1128 2337 1261 2377 rebus
1294 2336 1536 2378 Romanam
1556 2337 1799 2379 Ecclesiam

342 2417 527 2451 matrem
561 2417 605 2452 et
638 2409 895 2466 magistram
933 2415 1173 2465 agnoscunt
1206 2416 1250 2450 et
1276 2416 1563 2459 venerantum
1599 2424 1678 2465 pro
1708 2425 1800 2465 qua

342 2483 486 2530 etiam,
518 2490 561 2524 et
593 2498 673 2538 pro
705 2482 907 2523 omnibus
940 2482 1069 2522 sacris
1103 2481 1331 2523 ordinibus
1358 2482 1506 2523 Deum
1536 2483 1720 2538 precari,
1756 2488 1799 2524 et

344 2556 450 2596 alios
472 2563 520 2597 ut
541 2556 657 2597 idem
679 2555 839 2596 faciant
857 2554 1036 2602 hortari,
1060 2562 1389 2603 consueverunt,
1423 2571 1500 2597 nec
1530 2555 1795 2597 sacerdotem

344 2629 483 2670 ullum
520 2644 714 2684 unquam
748 2628 1029 2676 admiserunt,
1060 2628 1137 2683 qui
1169 2635 1212 2669 et
1238 2629 1372 2669 vitam
1399 2628 1597 2669 eaelibem
1619 2643 1704 2669 non
1724 2628 1796 2668 de-

344 2710 480 2756 geret,
503 2709 546 2744 01
578 2708 692 2744 10010
726 2701 951 2742 ordinatus
979 2716 1064 2741 non
1099 2707 1210 2742 esset
1238 2702 1433 2751 omnin03
1467 2718 1564 2743 cum
1587 2702 1630 2742 in
1652 2701 1794 2743 medio

728 2788 735 2805 ¹
764 2788 916 2828 Supplied
933 2788 1010 2818 from
1030 2788 1072 2818 Le
1090 2788 1170 2818 Plat.
1218 2790 1274 2819 See
1292 2788 1400 2818 below.
