1905 3254
363 261 440 300 106
986 270 1096 301 sess
1121 271 1185 301 111.

358 382 498 430 modo,
537 389 612 422 aut
653 379 781 421 simili
816 377 1071 434 impellente
1111 377 1385 425 necessitate,
1429 376 1537 417 nulli
1577 377 1631 418 sit
1671 376 1813 418 fraudi

358 456 581 511 Episcopo
603 454 638 494 si
662 454 716 494 ab
737 452 936 494 Ecclesia
957 467 1035 492 sua
1054 449 1291 506 aliquando
1313 448 1498 491 secedat.

419 529 707 584 Suspicantur
739 526 921 567 fortasse
959 525 1034 566 alii
1066 523 1235 564 Summi
1257 523 1478 564 Pontificis
1500 521 1815 563 authoritatem

359 602 441 643 hac
461 601 627 643 ratione
650 599 753 642 elidi
774 614 912 655 posse.
981 598 1040 638 At
1068 596 1272 652 nunquid
1294 611 1348 637 ex
1369 610 1471 637 vero
1493 601 1638 650 potest
1659 594 1816 635 falsum

361 675 577 717 existere?
630 675 703 715 An
727 673 913 714 virtutes
935 687 978 713 se
1001 678 1158 712 mutuo
1180 670 1371 711 tollunt?
1434 669 1506 709 An
1523 670 1597 725 jus
1618 668 1816 710 divinum

357 748 451 803 juri
471 747 616 788 divino
639 745 888 802 repugnat?
950 745 1036 793 An,
1064 744 1164 800 lege
1198 742 1285 783 Dei
1314 744 1548 798 patefacta,
1580 755 1665 781 non
1687 742 1818 782 etiam

362 820 525 861 Vicarii
547 824 643 876 ejus
660 818 855 874 dignitas
877 817 1151 858 illustratur?
1184 816 1380 856 Tantum
1401 829 1501 855 vero
1524 814 1648 855 abest
1670 813 1819 854 firmis-

363 894 472 934 sima
501 892 637 948 hujus
673 892 964 932 Sacrosanctae
998 889 1121 931 Sedis
1155 888 1443 929 fundamenta
1471 888 1571 928 ullis
1607 887 1820 928 cuniculis

363 967 516 1010 everti,
551 973 628 1007 aut
650 964 860 1006 machinis
880 963 1063 1012 concuti,
1088 969 1166 1003 aut
1186 962 1380 1003 humana
1401 961 1610 1016 quapiam
1632 961 1676 1002 vi
1696 975 1821 1016 posse

362 1038 632 1085 labefactari,
656 1043 705 1078 ut
721 1036 848 1078 sicuti
868 1036 1073 1077 columna
1095 1034 1150 1076 ad
1170 1033 1529 1090 perpendiculam
1553 1039 1713 1084 erecta,
1735 1047 1822 1088 quo

365 1112 565 1167 graviore
588 1124 716 1152 onere
739 1109 968 1166 premitur,
1001 1115 1044 1149 et
1065 1108 1220 1149 rectior
1241 1106 1595 1162 immobiliorque
1616 1105 1822 1153 consistit,

364 1187 424 1228 sic
455 1186 643 1227 coelestis
669 1185 745 1226 illa
777 1183 1013 1231 Cathedra,
1037 1182 1296 1223 solidissima
1319 1181 1487 1222 Christi
1517 1186 1656 1237 petra,
1683 1195 1823 1236 angu-

364 1260 535 1316 larique
568 1259 717 1315 lapide
748 1259 910 1306 innixa,
947 1273 997 1298 eo
1033 1257 1237 1297 fulciatur
1272 1255 1460 1297 validius
1497 1270 1545 1296 ac
1578 1256 1826 1305 roboretur,

367 1347 454 1388 quo
477 1332 637 1372 arctius
653 1331 765 1388 juris
787 1330 924 1371 divini
945 1335 1067 1386 septo
1089 1329 1294 1384 cingitur,
1320 1335 1452 1384 atque
1474 1328 1738 1369 obvallatur.

426 1405 558 1455 Quod
579 1405 614 1445 si
635 1405 878 1460 Episcopos
902 1403 1085 1458 aliquos,
1107 1402 1188 1443 hoc
1205 1402 1318 1458 juris
1340 1402 1479 1443 divini
1510 1402 1661 1457 clypeo
1682 1403 1824 1443 muni-

367 1484 445 1524 tos,
468 1477 587 1517 illius
605 1481 728 1532 jussa
758 1476 869 1517 forte
901 1476 1193 1531 neglecturos,
1226 1474 1356 1522 dicas,
1381 1474 1480 1530 quis
1512 1480 1680 1514 tantam
1713 1474 1827 1515 ferat

366 1550 638 1591 caecitatem?
697 1549 820 1589 Num
855 1549 980 1597 filius,
1022 1549 1100 1603 qui
1135 1547 1259 1588 Patri
1295 1562 1373 1588 suo
1410 1551 1511 1601 jure
1547 1548 1743 1588 naturali
1783 1555 1827 1589 et

367 1623 515 1664 divino
546 1623 709 1671 subest,
744 1621 799 1662 ad
831 1623 945 1677 regis
975 1628 1121 1662 tamen
1152 1621 1402 1676 imperium,
1436 1621 1567 1661 etiam
1588 1621 1727 1663 invito
1750 1637 1825 1678 pa-

367 1704 500 1745 rente,
524 1710 607 1736 nou
642 1696 812 1750 cogitur
845 1701 1006 1750 praesto
1043 1697 1167 1735 esse?
1225 1693 1332 1743 Quis
1368 1708 1452 1734 non
1482 1694 1706 1751 intelligit,
1731 1711 1826 1736 con-

368 1785 502 1811 nexas
554 1784 646 1811 esse
698 1769 801 1809 istas
852 1775 1123 1824 potestatum
1168 1767 1363 1808 omnium
1416 1783 1464 1808 ac
1515 1776 1828 1824 consequentes

367 1858 517 1884 causas
535 1843 550 1882 ?
574 1848 624 1882 ut
645 1841 752 1881 nihil
775 1841 830 1882 sit
850 1842 895 1881 in
916 1841 1210 1889 inferioribus,
1235 1839 1352 1895 quod
1373 1855 1458 1881 non
1482 1840 1537 1882 ad
1558 1843 1826 1897 superiorein

366 1917 494 1957 finem
529 1930 575 1956 ac
615 1930 810 1955 normam
845 1921 961 1955 certo
994 1913 1144 1954 ordine
1185 1914 1430 1954 referatur?
1505 1914 1569 1956 Ut
1603 1922 1696 1957 tota
1736 1916 1830 1958 haec

367 1987 609 2029 hierarchia
630 1988 798 2028 mutuis
820 1987 874 2028 sit
897 1986 1045 2027 officiis
1069 1985 1290 2040 copulata,
1313 2000 1528 2041 nemoque
1554 2001 1598 2028 se
1616 2003 1640 2028 a
1659 1988 1829 2029 Summi

369 2061 590 2101 Pontificis
625 2059 926 2114 [authoritate]
965 2057 1198 2106 subducat,
1234 2059 1310 2113 qui
1345 2073 1431 2099 non
1465 2059 1595 2099 etiam
1614 2061 1727 2115 Juris
1749 2059 1828 2101 Di-

369 2133 457 2174 vini
482 2132 802 2180 authoritatem,
822 2136 948 2187 cujus
971 2132 1042 2172 ille
1062 2146 1176 2171 unus
1194 2138 1258 2171 est
1273 2131 1488 2186 interpres
1507 2147 1554 2172 ac
1571 2132 1829 2181 moderator,

370 2205 564 2261 graviter
585 2204 743 2246 laedat!

428 2278 515 2319 Sed
547 2293 688 2333 operae
720 2278 912 2333 pretium
945 2291 1031 2317 non
1060 2283 1125 2318 est
1159 2276 1367 2332 vulgares
1402 2291 1601 2332 quosque
1633 2292 1830 2319 rumores

370 2350 587 2406 colligere.
645 2350 783 2391 Vobis
815 2365 929 2399 sane,
967 2350 1122 2391 Patres
1156 2350 1430 2404 amplissimi,
1466 2349 1572 2391 adeo
1603 2351 1829 2393 manifeste

371 2425 661 2465 Sanctissimae
682 2423 759 2479 huj
770 2438 818 2464 us
840 2424 950 2479 legis
971 2438 1016 2464 se
1038 2423 1207 2464 fructus
1229 2422 1432 2470 ostendit,
1457 2430 1506 2464 ut
1529 2424 1647 2479 quod
1668 2425 1712 2465 in
1733 2425 1830 2466 aliis

370 2497 567 2539 ferentis¹
603 2497 656 2537 de
693 2512 843 2538 earum
879 2497 1000 2538 exitu
1033 2511 1151 2551 saepe
1185 2495 1382 2537 dubitari
1414 2497 1537 2546 solet,
1565 2497 1612 2538 id
1634 2512 1710 2539 vos
1736 2502 1828 2554 Jam

372 2576 537 2610 certum
560 2569 925 2625 exploratumque
947 2568 1160 2609 habeatis
1202 2568 1430 2609 Hactenus
1453 2570 1527 2624 qui
1551 2570 1695 2611 Aulas
1717 2571 1828 2611 Pon-

371 2643 548 2691 tificum,
584 2649 627 2683 et
659 2641 849 2698 Regum,
884 2642 1133 2683 ambitionis
1170 2649 1247 2683 aut
1289 2643 1531 2699 voluptatis
1563 2647 1689 2684 causa
1730 2651 1831 2685 sunt

372 2715 520 2760 secuti,
564 2713 610 2754 id
643 2713 752 2755 forte
789 2715 873 2755 sibi
909 2714 1037 2754 licere
1079 2714 1401 2762 existimabant,
1446 2714 1563 2770 quod
1601 2715 1700 2756 inde
1741 2731 1825 2756 non

918 2804 925 2821 ¹
951 2802 1117 2832 Fructibus
1133 2813 1165 2832 01·
1181 2802 1295 2832 rebus?
