1905 3254
689 297 798 327 sEss.
828 297 916 327 vni.
1443 286 1525 327 (507

71 401 246 457 solymis
277 403 532 458 congregati
565 411 702 452 erant,
736 412 880 446 actum
912 405 1008 446 fuit.
1071 407 1190 446 Anni
1221 411 1322 446 sunt
1353 407 1446 454 140,
1482 414 1526 447 et

72 476 272 531 ampliUS,
315 477 477 532 quibus
527 477 673 534 Reges
720 482 855 520 nostri
897 480 1254 521 Christianissimi
1295 482 1524 536 petierunt

71 549 391 590 restitutionem
432 548 761 591 Ecclesiasticae¹
806 552 1067 607 disciplinae3
1121 568 1261 607 eaque
1303 553 1356 594 de
1396 569 1527 594 causa

69 620 281 662 miserunt
303 621 357 662 ad
388 621 732 670 Constantiense,
757 624 1011 671 Basiliense,
1035 624 1343 671 Lateranense,
1367 632 1409 666 et
1440 626 1525 680 pri-

69 710 189 736 mum
231 711 279 736 ac
326 696 564 737 secundum
606 696 914 737 Tridentinum
957 696 1219 737 Concilium.
1296 698 1412 746 Quid
1461 698 1527 737 illi

68 769 276 824 petierint
297 770 467 824 scripsit
494 771 538 810 in
560 769 755 812 Concilio
780 769 1101 809 Con›tanticnsi
1126 769 1156 809 J
1159 784 1318 809 oannes
1342 770 1523 816 Gerson,

40 889 42 891 ‚
70 840 323 897 Theologus
354 842 621 888 Parisiensis‚
649 848 693 881 et
727 842 771 881 in
799 841 940 896 primo
962 841 1223 882 Tridentino
1254 842 1359 882 R¹¹¹¹¹S
1379 842 1525 883 Dane-

69 912 170 961 sius,
193 920 238 954 et
258 914 302 954 in
323 913 509 954 secundo
533 913 741 954 Oratores
765 912 961 967 Collegae
983 914 1069 954 mei
1101 913 1456 968 eloquentissimi,
1481 921 1524 954 et

69 984 192 1025 Ulmus
211 985 551 1041 Lotharingius3
583 997 626 1026 et
655 991 803 1025 tamen
832 984 972 1025 adhuc
1000 989 1252 1041 jejunamus
1285 993 1327 1027 et
1358 987 1523 1027 flemus.

68 1058 236 1099 Dicunt
266 1059 406 1114 aliqui
437 1059 562 1098 nobis
590 1057 765 1098 abunde
789 1057 1058 1098 satisfactum
1082 1074 1135 1099 ex
1163 1066 1227 1099 tot
1258 1058 1458 1106 decretis,
1483 1066 1526 1100 et

67 1130 330 1170 sessionibus
362 1129 724 1185 praecedentibus.
790 1128 933 1176 Certe,
972 1129 1126 1170 Patres
1167 1130 1446 1176 Sanctissimi,
1490 1131 1525 1170 si

68 1202 191 1244 aliud
220 1217 300 1258 pro
321 1203 405 1243 alio
427 1203 595 1251 solvere
627 1203 765 1242 invito
787 1201 997 1243 creditore
1025 1209 1090 1242 est
1113 1203 1374 1250 satisfacere,
1399 1203 1523 1243 nobis

68 1289 245 1331 quoque
266 1281 409 1329 potest
429 1274 513 1314 dici
534 1289 625 1314 esse
647 1274 932 1314 satisfactum.
995 1275 1149 1314 Testes
1170 1275 1321 1314 invoco
1343 1274 1523 1314 clarissi-

67 1362 185 1397 mos3
218 1347 372 1388 Manes
403 1361 565 1393 eorum,
600 1347 676 1402 qui
707 1361 730 1386 e
768 1347 859 1386 vita
894 1353 1182 1392 excesserunt,
1218 1346 1448 1386 Mantuani
1481 1354 1524 1387 et

68 1420 312 1477 Seripandi,
336 1428 379 1462 et
401 1421 687 1476 superstitum
712 1419 806 1460 Osii
832 1426 876 1459 et
906 1419 1174 1467 Simonettae,
1198 1425 1241 1459 et
1273 1418 1523 1458 clarissimo-

66 1508 165 1535 rum
205 1493 443 1534 Oratorum
483 1492 687 1542 Caesaris,
726 1498 842 1532 certe
883 1505 960 1531 nos
999 1505 1225 1546 nunquam
1265 1490 1521 1546 dogmatum

66 1565 350 1613 definitiones,
374 1572 452 1606 aut
472 1565 573 1606 fidei
604 1564 929 1620 disputationes
950 1564 1094 1606 aliave
1115 1562 1366 1619 hujusmodi
1395 1563 1522 1618 petii-

65 1653 177 1686 mus,
209 1639 285 1680 sed
320 1639 475 1679 seriam
507 1639 902 1686 Reformationem3
935 1644 978 1678 et
1005 1637 1041 1677 si
1074 1637 1118 1677 in
1151 1635 1315 1692 judicio
1345 1636 1520 1676 familiae

67 1712 399 1754 Hereiscundae²
421 1712 612 1753 habetur
644 1711 754 1751 ratio
786 1710 1082 1767 primogeniti,
1106 1717 1219 1750 certe
1247 1717 1290 1750 et
1314 1709 1521 1750 Christia-

64 1786 230 1827 nissimi
259 1785 410 1842 Regis,
435 1784 716 1841 primogeniti
741 1784 960 1831 Ecclesiae,
985 1791 1077 1824 crat
1112 1782 1322 1823 habenda.
1383 1783 1522 1823 Vobis

65 1858 180 1899 enim
215 1858 259 1898 in
294 1858 443 1898 libello
477 1864 623 1898 nostro
659 1856 765 1897 satis
796 1855 1065 1897 ostendimus
1098 1854 1213 1910 quod
1247 1868 1517 1908 cuperemus.

67 1933 178 1983 Quae
200 1930 315 1972 enim
332 1929 385 1970 de
401 1930 679 1985 Principibus
696 1927 991 1969 Saecularibus
1013 1934 1056 1967 et
1077 1926 1349 1966 anathemate
1373 1932 1520 1966 contra

16 2043 21 2046 Α
65 2017 138 2043 eos
168 2009 490 2058 proponuntur,
513 2001 589 2042 illa
615 2000 777 2042 nedum
801 2015 856 2041 ex
880 2014 926 2040 re
951 1999 1176 2040 Ecclesiae³
1199 1997 1419 2044 videntur,
1442 1997 1518 2037 sed

65 2073 256 2115 excitare
285 2073 510 2114 seditiosos
537 2079 582 2113 et
606 2072 885 2113 turbulentos
908 2071 1033 2118 viros,
1058 2083 1243 2124 quorum
1275 2082 1435 2124 magna
1455 2075 1520 2109 est

68 2147 207 2203 eopia,
230 2147 286 2188 ad
305 2147 592 2188 defectionem
613 2152 656 2186 et
676 2145 971 2186 rebellionem.

121 2219 240 2260 Nam
263 2234 358 2275 quae
381 2219 425 2259 in
447 2219 502 2260 35
525 2225 668 2259 vestro
692 2217 851 2273 Capite
873 2216 1157 2261 continentur,
1172 2214 1314 2254 omnia
1335 2212 1520 2253 tendunt

65 2292 121 2334 ad
165 2292 442 2334 evertendam
487 2291 762 2332 Libertatem
809 2289 983 2337 Galliae,
1027 2294 1071 2329 et
1116 2285 1326 2327 tollendas
1373 2285 1518 2339 Leges

63 2382 210 2410 omnes
250 2368 427 2423 Regias.
488 2367 635 2424 Reges
669 2366 882 2422 siquidem
917 2364 1053 2406 nostri
1095 2361 1339 2415 antiquitus
1372 2360 1516 2414 Leges

64 2442 350 2482 sanctissimas
370 2440 636 2488 habuerunt,
659 2454 770 2495 quas
787 2439 919 2479 etiam
938 2437 1228 2490 Imperatores
1246 2439 1517 2487 receperunt,

65 2520 110 2556 et
150 2514 234 2555 sub
266 2513 421 2554 iisdem
452 2513 656 2568 religiose
688 2518 730 2552 et
761 2512 832 2566 pie
869 2524 916 2549 ae
951 2507 1032 2548 sub
1065 2504 1315 2547 obedientia
1348 2504 1516 2546 Sanetae

108 2613 117 2631 1
141 2601 305 2639 Ecclesiae,
323 2601 395 2632 MS.

104 2654 118 2673 ²
139 2655 196 2686 See
211 2654 380 2685 Pacciolat.
399 2655 477 2684 Lex.
491 2654 550 2684 sub
566 2653 723 2683 Hei-ciam.

105 2707 119 2726 ³
142 2708 222 2739 Here
236 2707 261 2738 is
277 2706 459 2737 introduced
481 2717 561 2743 non3
585 2705 636 2735 the
653 2705 754 2734 writer
777 2700 928 2742 probably
944 2699 1110 2738 sorgetting
1125 2697 1176 2728 the
1191 2697 1309 2727 nedum
1323 2697 1389 2737 just
1407 2698 1517 2727 before.

63 2758 139 2789 This
153 2758 268 2789 affords
281 2769 300 2788 a
313 2758 539 2798 presumption,
555 2757 586 2786 in
601 2756 745 2786 addition
761 2759 791 2784 to
806 2753 953 2783 numbers
969 2750 1071 2781 which
1087 2752 1099 2779 1
1118 2749 1197 2780 have
1212 2749 1369 2786 observed,
1387 2750 1454 2779 that
1467 2749 1518 2779 the

65 2811 169 2842 writer
179 2811 241 2842 had
257 2817 310 2842 not
327 2811 444 2842 revised
459 2812 521 2841 and
539 2810 685 2851 prepared
701 2809 749 2838 his
765 2808 836 2837 MS,
852 2807 896 2837 for
911 2806 961 2835 the
977 2815 1068 2844 prese.
