1905 3254
705 284 813 315 ssss.
837 286 898 315 111.
1445 271 1524 311 119

122 388 192 430 De
216 389 457 431 Simonetta
485 396 631 431 autem
669 392 883 432 contraria
918 391 983 431 his
1014 392 1161 433 studia
1192 393 1521 434 referebantur:

66 462 206 502 vereri
228 462 355 509 enim,
388 462 578 511 aiebant,
601 479 655 504 ne
677 464 833 519 eapitis
864 469 961 520 ejus
994 465 1229 520 explicatio
1256 480 1401 506 secum
1437 465 1522 506 alia

65 542 198 589 atque
231 535 318 575 alia
350 534 541 576 traheret
574 536 854 585 incommoda,
890 545 933 578 et
963 539 1220 592 praesertim,
1262 554 1315 579 ne
1350 538 1521 579 Summi

65 608 284 648 Pontificis
316 608 640 656 authoritatem,
676 609 1066 664 Cardinaliumque
1096 611 1447 665 amplitudinem,
1473 627 1521 652 ac

65 679 273 720 Romanae
293 681 425 720 Aulae
442 681 616 736 negotia
632 681 907 722 imminueret
925 698 933 722 :
957 681 1146 738 ideoque
1164 684 1207 724 in
1226 685 1518 725 Praelatorum

64 767 192 793 aures
215 753 375 808 saepius
397 752 720 801 insusurrando,
747 768 990 809 nomenque
1013 754 1143 795 etiam
1164 756 1445 804 Sanctissimi,
1471 764 1521 797 ut

64 824 236 865 facilius
258 840 330 866 eos
354 825 558 873 alliceret,
582 825 911 882 interponendo,
930 841 1014 874 eos,
1034 842 1110 868 seu
1134 842 1225 883 spe,
1244 843 1320 869 seu
1339 836 1518 875 terrore,

63 896 268 938 inducere
297 905 513 945 conatum,
547 913 600 939 ne
635 905 768 954 caput
801 898 880 939 hoc
918 899 961 939 in
996 899 1353 956 disceptationem
1379 902 1519 942 vocari

63 977 320 1026 paterentur
339 988 345 1011 :
368 986 539 1013 curasse
563 972 712 1019 etiam,
734 978 784 1012 ut
802 971 1050 1013 Cardinalis
1073 974 1361 1023 Borromaeus,
1385 990 1519 1030 nepos

65 1043 344 1093 Sanctissimi,
358 1045 563 1100 privatim
583 1044 639 1085 ad
656 1052 794 1085 certos
807 1045 1016 1086 Praelatos
1038 1046 1264 1100 [accedat]
1286 1047 1425 1095 illum,
1442 1048 1518 1103 qui

63 1116 362 1171 apertissimus
398 1124 504 1165 erat,
534 1132 632 1158 cum
662 1117 812 1157 multis
841 1117 1020 1172 quidem
1049 1133 1132 1159 non
1159 1119 1340 1160 obscure
1363 1121 1518 1176 egisse,

63 1196 113 1230 ut
135 1190 318 1245 quaestio
346 1189 438 1230 haec
471 1190 514 1230 in
547 1190 786 1245 praesentia
807 1190 1092 1238 omitteretur,
1128 1190 1234 1231 alios
1255 1192 1386 1232 etiam
1411 1208 1520 1247 quos

62 1262 364 1303 dissentientes
394 1263 670 1318 intelligebat
702 1263 844 1318 palam
873 1264 1165 1318 improbasse:
1201 1264 1304 1311 sed,¹
1330 1265 1519 1307 'tentasse

63 1350 163 1377 eum
197 1335 297 1376 ullis
332 1336 575 1376 rationibus
612 1336 867 1391 quempiam
903 1336 959 1376 ab
993 1351 1042 1376 eo
1080 1344 1291 1386 avertere,
1330 1338 1448 1392 quod
1480 1339 1519 1379 ei

63 1407 319 1449 conscientia
340 1407 544 1449 suaderet
579 1415 850 1463 compertum
884 1422 1110 1462 nunquam
1139 1415 1228 1457 cst3
1260 1409 1379 1464 quod
1401 1417 1519 1451 etex

62 1481 269 1536 Episcopi
291 1481 575 1538 ZPisaurensis
610 1481 821 1536 suffragio
858 1481 1019 1537 patuit,
1048 1482 1125 1535 qui
1150 1498 1247 1522 cum
1267 1484 1361 1538 ejus
1383 1483 1519 1524 frater

61 1553 302 1610 iisdemque
336 1555 378 1594 in
414 1555 583 1595 sedibus
616 1570 712 1595 cum
747 1570 796 1595 eo
829 1561 1183 1602 commoraretur,
1227 1554 1335 1596 hanc
1371 1563 1517 1597 tamen

57 1626 169 1682 juris
202 1626 338 1666 divini
370 1626 702 1680 explicationem
735 1626 778 1665 in
812 1626 994 1666 Pati-um
1030 1627 1369 1681 congregatione
1407 1642 1518 1667 com-

62 1699 269 1754 probasse
306 1705 560 1754 perspectus
592 1705 681 1746 est;
725 1697 843 1751 quod
878 1697 992 1736 idem
1029 1703 1071 1737 et
1107 1697 1150 1736 in
1189 1698 1284 1736 aliis
1315 1698 1518 1739 Praelatis

63 1771 307 1812 Mantuano
341 1786 388 1811 ac
422 1770 659 1826 Sei-ipando
690 1768 1062 1824 conjunctissimiS,
1092 1774 1223 1822 atque
1248 1768 1421 1817 intimis,
1445 1771 1518 1811 ob-

63 1850 285 1884 servatum
327 1842 422 1889 fuit,
463 1843 539 1897 qui
575 1841 858 1881 nihilominus
900 1840 1133 1881 sententias
1174 1841 1425 1890 contrarias,
1469 1851 1519 1884 ut

62 1920 277 1971 cujusque
306 1915 522 1971 judicium
561 1915 676 1962 tulit,
714 1914 887 1969 quando
921 1914 971 1953 iis
1000 1913 1169 1953 dicendi
1198 1913 1318 1954 locus
1350 1915 1394 1954 in
1423 1930 1516 1956 con-

61 1990 181 2030 cione
203 1988 376 2044 obtigit,
401 1994 551 2043 aperte
575 1994 676 2027 sunt
698 1987 893 2042 professi.

121 2064 162 2102 A
186 2062 440 2104 Varmiense
465 2060 642 2117 quidem
666 2061 772 2101 satis
795 2059 1049 2115 hujusmodi
1080 2060 1269 2100 convitia
1301 2067 1515 2115 tempera-

61 2142 176 2182 runt,
195 2141 272 2175 aut
289 2134 435 2190 siquid
458 2135 498 2174 in
516 2148 615 2175 eum
634 2134 895 2188 quandoque
916 2132 1135 2187 indignius
1153 2133 1302 2187 conjici
1320 2139 1514 2189 coeptum

62 2214 137 2257 est,
161 2208 206 2249 id
228 2209 372 2249 statim
406 2208 536 2249 etiam
571 2208 750 2263 optimae
779 2205 1200 2261 simplicissima‘que
1227 2210 1323 2260 ejus
1344 2213 1515 2247 naturae

62 2282 245 2323 candore
269 2282 392 2324 facile
415 2281 687 2336 dissipatum.
751 2279 965 2319 Constans
993 2293 1094 2318 sane
1126 2293 1296 2333 semper
1323 2279 1377 2320 de
1412 2295 1515 2321 uno-

61 2369 237 2410 quoque
254 2355 525 2411 Legatorum
549 2352 667 2408 apud
683 2366 829 2393 omnes
852 2351 929 2391 hoc
949 2351 1033 2390 suit
1051 2350 1280 2405 judicium,
1300 2351 1514 2401 videlicet,

63 2427 353 2470 Mantuanuin
378 2443 475 2468 cum
502 2425 745 2482 Seripando
774 2438 1049 2479 summopere
1079 2423 1323 2478 expetiisse,
1355 2431 1404 2465 ut
1436 2424 1516 2466 hoc

58 2501 168 2556 juris
184 2501 319 2542 divini
338 2507 609 2556 praeceptum
624 2514 714 2539 esse
731 2497 991 2544 declaretur,
1018 2496 1301 2536 Simonettam
1324 2496 1369 2536 id
1388 2497 1514 2539 vehe-

63 2581 226 2616 menter
259 2574 501 2629 respuisse:
540 2572 838 2614 Varmiensein
874 2570 985 2610 inter
1021 2567 1098 2608 hos
1136 2568 1274 2609 veluti
1306 2569 1514 2619 medium,

61 2648 200 2702 primo
233 2647 410 2703 quidem
446 2646 590 2686 mirari
629 2645 803 2686 solitum
840 2650 905 2684 tot
936 2642 1250 2683 controversias
1284 2642 1326 2681 in
1354 2657 1399 2683 re
1427 2649 1514 2683 tam

63 2720 175 2762 clara
198 2721 369 2768 versari,
388 2719 543 2761 deinde
569 2734 671 2759 vero
695 2718 734 2758 in
758 2717 867 2757 lianc
891 2723 1062 2771 partem
1088 2715 1229 2770 inagis
1247 2715 1515 2770 propendere

63 2794 254 2848 coepisse,
299 2800 346 2834 ut
393 2792 680 2848 periculosam
724 2791 791 2831 his
832 2789 1106 2844 temporibus
1148 2795 1360 2830 assereret
1405 2789 1516 2830 hanc

479 2881 486 2899 ¹
513 2881 577 2916 Sic,
597 2881 685 2916 MS.;
711 2880 761 2909 ilie
779 2878 879 2909 whole
896 2878 919 2908 is
934 2877 1099 2908 awkward.
