1905 3254
361 301 443 341 350
980 313 1088 343 SEss.
1116 314 1190 343 vn.

361 438 386 463 a
421 422 518 463 Deo
554 437 632 477 per
664 422 932 468 Pontificem,
971 420 1087 476 quod
1123 422 1312 477 explicat
1345 422 1588 464 Cardinalis
1610 423 1746 464 Polus
1774 424 1819 464 in

360 496 472 536 dicto
492 497 602 536 libro
625 495 819 552 pulchris
842 495 1077 550 exemplis3
1111 502 1153 536 et
1189 511 1287 536 cum
1318 495 1535 543 audimus,
1570 497 1740 552 aliquos
1774 497 1818 537 in

361 569 600 609 Provinciis
621 569 798 610 remotis
820 568 982 609 assumi
1003 568 1047 607 in
1068 568 1329 624 Episcopos,
1353 576 1396 609 et
1414 570 1653 610 consecrari
1675 584 1700 610 a
1726 569 1819 610 Me-

362 642 638 697 tropolitano,
676 657 846 697 semper
867 641 1066 696 intelligo
1088 641 1134 681 id
1154 641 1248 682 fieri
1271 648 1347 682 aut
1368 657 1422 683 ex
1444 649 1610 684 statuto
1627 644 1819 698 Aposto-

360 715 515 762 lorum,
536 721 614 755 aut
635 730 687 756 ex
708 714 900 770 legitimi
919 713 1104 754 Concilii
1128 713 1408 763 authoritate,
1427 722 1503 756 aut
1519 731 1572 757 ex
1588 715 1820 771 privilegio

362 787 617 843 Apostolico
634 803 644 836 3
676 788 738 828 ita
758 794 809 828 ut
830 787 871 827 in
906 786 1109 826 omnibus
1137 801 1307 841 semper
1344 787 1457 828 adsit
1479 789 1706 843 explicata,
1743 795 1823 829 aut

360 860 586 915 implicata
628 860 874 901 authoritas
898 860 994 907 ἓως
1037 858 1242 913 quoniam
1284 859 1408 900 aliter
1448 875 1516 901 res
1557 876 1601 901 se
1642 860 1819 901 habere¹

360 933 526 988 nequit,
561 940 606 974 et
636 933 790 989 Caput
812 933 1066 974 destruitur.
1129 932 1159 972 J
1164 931 1386 972 urisdictio
1416 933 1557 988 igitur
1578 939 1642 974 est
1664 949 1689 974 a
1709 933 1820 981 Deo,

360 1005 467 1045 dum
490 1012 634 1046 tamen
658 1011 915 1046 exerceatur
941 1005 986 1044 in
1021 1004 1265 1059 subjectam
1301 1005 1540 1052 materiam,
1584 1020 1714 1060 quam
1747 1005 1822 1046 dat

363 1078 501 1133 Papa,
527 1078 605 1133 qui
627 1085 771 1134 potest
794 1093 890 1119 eam
911 1077 1079 1126 tollere,
1112 1077 1383 1124 imminuere,
1408 1078 1612 1127 eximere,
1641 1085 1686 1119 et
1707 1078 1823 1119 simi-

360 1151 446 1201 lia3
480 1151 599 1206 quod
622 1167 725 1192 vero
759 1151 854 1192 haec
880 1165 976 1191 *non
1008 1150 1200 1206 pendeat
1235 1150 1291 1191 ab
1316 1150 1480 1192 Ordine
1501 1159 1638 1207 patet,
1662 1152 1822 1200 Primo,

362 1224 469 1278 quia
488 1224 588 1264 sede
610 1231 788 1265 vacante
821 1223 1077 1279 Capitulum
1101 1230 1274 1264 exercet
1291 1223 1652 1279 jurisdictionem,
1687 1231 1730 1266 et
1751 1240 1822 1266 ex-

363 1296 652 1336 communicat
669 1313 680 1346 3
714 1297 769 1336 20.
788 1296 905 1351 quia,
924 1295 959 1335 si
977 1302 1090 1336 esset
1108 1299 1263 1351 juncta
1284 1312 1379 1337 cum
1398 1296 1560 1344 ordine,
1573 1297 1824 1353 Episcopus

361 1382 445 1408 non
468 1375 614 1423 posset
647 1383 741 1409 eam
776 1368 1006 1408 transferre
1028 1368 1072 1408 in
1093 1368 1317 1409 Vicarium
1334 1385 1344 1418 3
1380 1369 1434 1409 3⁰.
1454 1370 1559 1425 quia
1573 1385 1657 1411 non
1679 1378 1826 1426 posset

364 1441 578 1496 appellari
619 1442 674 1482 ab
716 1442 938 1496 Episcopo
971 1440 1025 1481 ad
1058 1440 1461 1496 Archicpiscopum,
1505 1458 1600 1483 cum
1642 1444 1823 1485 Archie-

362 1513 531 1569 piscopi
568 1514 701 1568 [sintn]
741 1515 934 1555 instituti
969 1516 1067 1570 jure
1100 1514 1300 1569 positivo,
1364 1514 1524 1569 Itaque
1552 1515 1644 1557 haec
1679 1518 1824 1558 minis-

364 1592 506 1627 tratur
541 1602 566 1626 a
593 1587 730 1642 Papa,
765 1587 842 1642 qui
880 1592 1025 1641 potest
1058 1601 1137 1640 pro
1172 1586 1351 1626 arbitrio
1373 1602 1451 1627 suo
1479 1603 1574 1628 eam
1597 1589 1824 1636 moderari,

366 1657 472 1698 dum
495 1665 641 1698 tamen
662 1658 707 1698 in
723 1657 1067 1703 aedificationem,
1083 1672 1167 1698 non
1187 1659 1231 1698 in
1247 1658 1597 1701 destructionem.
1660 1661 1825 1703 Verum

363 1730 432 1771 hae
471 1731 731 1786 quaestiones
772 1731 1034 1778 omittendae,
1071 1746 1166 1772 cum
1211 1732 1296 1772 sint
1340 1733 1630 1775 interminatae
1645 1752 1656 1784 3
1703 1742 1747 1776 et
1780 1735 1828 1776 id

364 1811 540 1844 tantum
564 1820 589 1845 a
610 1804 734 1844 nobis
755 1803 1076 1853 declarandum,
1101 1804 1220 1860 quod
1243 1811 1410 1860 spectat
1431 1805 1486 1847 ad
1507 1807 1828 1849 constituendos

364 1892 489 1917 veros
522 1877 740 1918 ministros
770 1877 1130 1918 Ecclesiasticos.³
1191 1878 1243 1919 In
1262 1878 1306 1918 6⁰
1330 1878 1509 1920 Canone
1541 1895 1626 1921 non
1656 1881 1826 1937 placere

363 1949 560 1998 verbum,
606 1950 736 1991 Sacer
778 1950 1066 2005 Principatus.
1132 1950 1185 1991 In
1220 1951 1405 2006 septimo
1442 1952 1601 1993 vellem
1641 1953 1738 1999 dici,
1774 1955 1825 1995 Si

363 2023 460 2078 quis
502 2023 678 2072 dixerit,
720 2023 964 2079 Episcopos
1003 2038 1088 2064 non
1133 2038 1223 2065 esse
1246 2039 1271 2064 a
1304 2023 1478 2066 Christo
1520 2027 1742 2068 institutos
1782 2028 1827 2069 in

362 2096 571 2144 Ecclesia,
593 2103 636 2137 et
659 2097 703 2137 in
725 2111 804 2137 sua
825 2095 1096 2137 ordinatione
1118 2111 1202 2137 non
1225 2112 1316 2138 csse
1339 2098 1611 2154 Presbyteris
1629 2105 1826 2156 maj0res,

366 2169 598 2210 anathema
619 2170 686 2210 sit.
1482 2162 1485 2163 ⁷

420 2241 1083 2299 Pragensis—--Existimaveram
1105 2242 1212 2282 nihil
1233 2243 1336 2284 mihi
1353 2244 1598 2295 dicendum,
1614 2263 1712 2288 cum
1728 2247 1826 2298 huc,

362 2331 407 2356 re
444 2320 537 2371 jam
577 2314 792 2362 inchoata,
836 2320 879 2355 et
919 2315 1025 2355 satis
1065 2315 1306 2356 multorum
1338 2317 1571 2373 suffragiis,
1623 2335 1828 2362 reversus

363 2403 511 2429 essem.
576 2389 805 2436 Attamen,
838 2402 935 2428 cum
969 2386 1062 2427 heri
1095 2387 1379 2430 Cardinalem
1411 2391 1763 2449 Lotharingium‚
1786 2400 1829 2435 et

363 2461 524 2502 sincere
558 2467 603 2501 et
637 2459 808 2501 erudite
840 2460 1090 2515 loquentem
1114 2460 1367 2510 audiverim,
1401 2463 1495 2518 ipse
1527 2480 1702 2521 quoque
1733 2466 1828 2507 bre-

363 2534 492 2575 vibus
514 2533 771 2575 sententiam
803 2547 943 2573 meam
975 2532 1193 2588 explicare
1223 2549 1308 2574 non
1331 2535 1525 2578 verebor.
1588 2538 1694 2580 Inde
1725 2553 1828 2579 non-

370 2607 494 2647 nulla
515 2606 568 2647 de
593 2606 869 2646 sacramento
893 2605 1084 2655 Ordinis,
1104 2606 1157 2647 de
1180 2608 1272 2663 ejus
1294 2608 1594 2653 functionibus
1615 2626 1663 2652 ac
1684 2612 1715 2653 J
1719 2612 1827 2653 uris-

410 2738 417 2755 ¹
444 2739 486 2767 Le
500 2738 581 2769 Plat.
629 2737 695 2767 The
713 2738 784 2767 MS.
799 2737 854 2767 has
870 2737 1018 2767 laborare.

408 2790 420 2806 ‘²
446 2791 558 2819 Added
575 2790 616 2828 by
632 2791 674 2819 Le
692 2790 774 2819 Plat.

407 2843 419 2859 ³
444 2844 487 2873 Le
502 2843 575 2873 Plat
590 2843 643 2873 has
660 2843 789 2882 nothing
803 2844 879 2873 after
894 2843 954 2874 this
974 2844 1051 2873 from
1068 2843 1115 2873 his
1132 2845 1253 2883 guides,
1273 2846 1321 2875 till
1340 2846 1389 2876 1110
1405 2848 1515 2887 speech
1534 2849 1569 2878 os
1582 2849 1705 2880 Lainez.
