1905 3254
362 302 445 345 570
987 319 1100 350 suss.
1127 318 1204 347 vn.

360 439 603 480 supremus,
628 423 834 465 utrefert
869 423 1145 475 Bovinardus
1178 430 1222 464 et
1254 422 1380 464 Rem.
1404 422 1574 464 Ruffus.
1637 422 1818 464 Accedit

359 498 533 537 omnino
554 495 673 552 quod
704 496 942 552 privilegia
971 495 1064 536 haec
1088 494 1380 536 conceduntur
1410 509 1489 550 pro
1510 509 1554 535 se
1577 500 1620 535 et
1650 510 1817 535 succes-

358 569 538 610 soribus.
598 567 728 610 Unde
744 568 872 608 nimis
894 567 1133 608 absurdum
1151 573 1227 615 est,
1247 574 1291 608 et
1304 567 1534 608 mulierem
1552 574 1597 607 et
1612 581 1816 622 puerum,

358 643 434 698 qui
458 642 696 698 aliquando
718 648 817 683 sunt
838 655 1113 687 successoreS,
1138 655 1315 696 capaces
1337 655 1428 681 esse
1451 640 1481 681 J
1485 640 1577 680 uris
1607 640 1746 688 istius,
1768 646 1818 680 ut

359 714 556 770 quotidie
579 714 792 755 videmus.
856 714 975 754 Hinc
1007 713 1137 754 etiam
1171 712 1375 753 oriuntur
1402 712 1644 752 occasiones
1678 711 1816 751 Simo-

356 786 529 826 niarum
552 787 896 841 corruptionum,
914 793 958 827 et
980 787 1073 827 sim.
1137 785 1254 826 Hine
1277 786 1482 826 Summus
1504 785 1709 825 Pontifex
1731 799 1818 824 non

357 866 502 915 potest
524 860 592 900 uti
613 874 664 900 ea
683 860 900 907 libertate,
920 874 1051 914 quam
1074 858 1220 906 debet,
1244 858 1287 898 in
1308 857 1538 913 populum,
1561 864 1611 897 ut
1632 863 1818 898 testatur

358 932 610 974 Bernardus
627 932 796 987 epistol.
811 932 866 972 69
881 931 936 972 ad
948 932 1190 987 Episcopos
1206 931 1371 971 Gallos.
1417 930 1537 981 Quid
1552 945 1655 986 ergo
1676 930 1818 971 dicen-

356 1004 496 1044 dum?
557 1002 869 1044 Restituantur
891 1004 1052 1059 aliquae
1076 1004 1304 1044 electiones
1325 1017 1410 1044 non
1433 1002 1815 1051 Canonicatuum,¹

357 1082 401 1118 et
432 1076 694 1125 declaretur,
717 1077 950 1133 privilegia
970 1077 1147 1132 Regum
1181 1091 1273 1117 esse
1296 1083 1469 1117 tantum
1491 1076 1754 1131 personalia,
1777 1082 1820 1117 et

357 1164 430 1191 eos
450 1151 589 1191 teneri
616 1150 698 1190 sub
721 1165 853 1206 poena
881 1150 1050 1206 peccati
1081 1149 1277 1190 mortalis
1300 1149 1354 1190 ad
1382 1149 1606 1204 eligendos
1626 1149 1816 1191 idoneos.

358 1223 411 1264 In
431 1225 477 1264 40
499 1223 602 1264 facit
630 1212 910 1279 Nicephorus
938 1223 1015 1263 lib.
1044 1223 1101 1264 xi.
1127 1238 1219 1278 cap.
1252 1224 1334 1270 14„
1368 1222 1447 1263 ubi
1480 1223 1557 1271 ait,
1579 1223 1820 1278 Episcopos

358 1297 491 1337 factos
535 1302 707 1337 tantum
752 1296 927 1336 honoris
963 1311 1106 1344 causa,
1143 1302 1188 1336 et
1233 1295 1479 1336 Concilium
1526 1295 1818 1338 Cabilonense

358 1384 449 1410 can.
475 1369 554 1418 233
588 1368 665 1409 sed
683 1367 775 1408 haec
791 1368 936 1423 potius
958 1369 1011 1409 de
1034 1369 1147 1409 facto
1168 1369 1232 1409 ita
1254 1368 1513 1416 acciderunt,
1530 1384 1628 1410 nam
1650 1368 1818 1424 dejure

357 1457 527 1498 semper
548 1448 650 1482 sunt
683 1441 945 1496 improbati3
980 1456 1078 1481 nam
1110 1441 1155 1481 hi
1193 1441 1313 1482 tituli
1347 1441 1508 1483 dantur
1539 1442 1585 1482 in
1618 1442 1817 1484 fraudem

359 1515 602 1562 Canonum,
627 1522 671 1556 et
694 1522 759 1556 est
780 1522 930 1556 contra
954 1514 1201 1555 Concilium
1234 1513 1511 1563 Chalcedon„
1536 1518 1600 1556 ut²
1633 1515 1694 1557 ait
1716 1517 1815 1557 Bal-

357 1603 504 1628 samon
527 1589 709 1643 loquens
729 1587 783 1628 de
805 1588 1006 1629 barbaris
1026 1588 1292 1629 nationibus.

416 1659 648 1701 Generalis
676 1659 1184 1709 Dominicanus-Quod
1216 1660 1260 1700 in
1282 1659 1361 1701 hac
1389 1660 1573 1701 materia
1602 1650 1819 1703 habemus

358 1732 499 1773 varios
512 1731 644 1772 duces
661 1739 706 1772 et
730 1731 946 1778 authores,
970 1732 1112 1773 veluti
1134 1732 1164 1772 J
1168 1747 1206 1773 o.
1233 1732 1418 1781 Gerson,
1443 1733 1518 1788 qui
1540 1739 1658 1774 tomo
1674 1734 1817 1789 primo

357 1805 410 1847 de
443 1806 617 1846 defectu
650 1805 961 1853 ministrorum,
993 1812 1036 1846 et
1059 1806 1235 1861 Specul.
1256 1805 1310 1847 de
1338 1805 1454 1848 mod.
1479 1807 1672 1862 generali
1705 1823 1816 1848 eom-

356 1883 517 1927 mune,3
541 1886 584 1920 et
605 1879 800 1920 Alvarus
831 1879 885 1920 de
907 1879 1101 1934 planctu,
1125 1886 1169 1920 et
1203 1879 1573 1936 Archiepiscopus
1604 1880 1816 1922 Florenti-

356 1968 451 2001 nUS,
475 1958 518 1993 et
539 1951 743 2007 deputati
765 1953 845 1993 sub
876 1951 1019 1993 Paulo
1040 1952 1208 2000 Tertio,
1232 1952 1349 2008 quod
1382 1953 1536 2008 incipit
1574 1953 1814 1995 Consilium

357 2026 720 2080 Deputatorum.⁴
782 2024 835 2065 In
857 2025 998 2080 primo
1014 2024 1115 2065 nolo
1132 2024 1326 2080 judicem
1341 2040 1486 2080 agere,
1501 2024 1577 2066 sed
1598 2025 1641 2065 in
1655 2041 1814 2081 genere

358 2100 516 2154 loquar
551 2097 835 2145 incommoda,
860 2112 960 2153 quae
989 2112 1043 2138 ex
1077 2098 1348 2153 promotione
1372 2099 1698 2154 Episcoporum
1730 2101 1813 2140 ori-

358 2179 505 2220 untur,
529 2171 629 2212 inde
651 2171 878 2227 proficisci,
902 2171 1019 2226 quod
1054 2170 1313 2226 providetur
1345 2173 1554 2226 personis,
1576 2186 1663 2212 non
1683 2173 1814 2214 eccle-

356 2246 442 2293 siis,
466 2245 668 2285 videlicet
690 2244 844 2299 primis
873 2244 1134 2299 petentibus
1166 2251 1211 2284 et
1244 2245 1560 2299 quaerentibus‚
1585 2259 1668 2286 non
1703 2245 1815 2294 aliis,

354 2334 454 2359 nam
477 2317 676 2358 videmus
704 2332 906 2373 sponsam
940 2317 1236 2373 languentem,
1261 2324 1305 2358 et
1333 2323 1478 2358 tamen
1501 2332 1705 2373 sponsum
1741 2319 1815 2359 ab·

356 2398 536 2438 sentem,
558 2397 603 2431 et
630 2397 800 2431 tantum
832 2390 1145 2446 percipientem
1171 2389 1396 2431 commoda
1411 2406 1422 2439 3
1454 2391 1593 2446 igitur
1623 2391 1814 2433 habetur

355 2464 495 2505 solum
518 2462 630 2503 ratio
652 2477 861 2518 personae‚
884 2477 968 2503 non
1002 2462 1209 2504 ecclesiae.
1272 2463 1445 2504 Vellem
1469 2463 1604 2518 quod⁵
1625 2464 1814 2506 traditur

396 2547 406 2566 ι
430 2543 444 2572 22

398 2595 411 2614 2
434 2595 486 2631 Et,
502 2594 573 2626 Ms.

398 2646 411 2664 ³
436 2647 449 2675 1
465 2645 552 2675 leave
567 2645 628 2675 this
642 2655 674 2675 as
690 2646 704 2674 I
720 2645 786 2674 find
800 2645 836 2682 it,
850 2650 903 2676 not
920 2645 1036 2685 having
1058 2656 1161 2676 access
1187 2650 1217 2676 to
1238 2644 1381 2675 Gerson's
1398 2644 1504 2676 works.
1553 2647 1590 2676 In
1606 2645 1718 2676 Cave's
1732 2645 1810 2676 Hist.

356 2696 417 2726 Lit.
431 2696 455 2725 is
469 2707 507 2726 au
520 2695 735 2726 enumeration
747 2697 782 2726 of
792 2695 844 2726 the
858 2700 1009 2733 eontents,
1023 2697 1054 2726 in
1068 2696 1169 2727 which
1185 2707 1294 2727 occurs
1307 2696 1431 2727 Declar.
1443 2697 1607 2737 compend.
1621 2696 1811 2727 Defectuum

358 2746 384 2771 V
391 2746 507 2776 irorum
524 2745 600 2776 Ecc]
607 2746 709 2776 esiast.

400 2798 411 2813 ⁴
434 2796 591 2836 Probably
607 2796 659 2826 flue
676 2797 796 2827 Consil.
810 2797 848 2827 de
864 2798 1074 2828 Emendanda
1090 2797 1242 2828 Ecclesia.

398 2846 410 2862 ⁵
433 2847 510 2883 Qui,
528 2847 598 2877 MS.
