1905 3254
695 302 809 333 sEss.
838 304 876 334 v.
1442 299 1521 339 169

63 399 118 440 ab
152 401 214 440 eis
247 403 511 455 examinari,
545 420 629 446 non
659 407 788 450 licere
823 411 904 451 sibi
938 412 1057 453 salva
1090 415 1409 460 existimatione
1439 434 1519 461 sua

58 469 137 511 hoc
178 474 362 515 articulo
402 480 691 532 praetermisso
731 481 800 522 hic
840 483 955 524 inter
995 500 1067 526 eos
1108 489 1294 529 morari:
1345 495 1514 534 exorat¹

57 544 207 599 igitur,
240 554 283 588 et
311 563 391 603 per
421 550 581 599 literaS,
610 560 654 594 et
676 562 813 595 certos
836 556 891 596 ad
911 557 955 598 id
975 560 1147 601 nuntios
1178 577 1340 619 magna
1369 565 1516 606 celeri-

57 623 147 658 tate
180 618 428 668 destinatos,
463 623 558 677 ejus
590 623 869 668 Sanctitatem
904 637 1045 685 rogat,
1081 639 1130 673 ut
1161 634 1244 675 sibi
1265 637 1440 680 tandem
1462 654 1515 680 ex

54 689 245 731 infausta
275 692 352 734 hac
384 694 604 750 legatione
633 697 760 739 liceat
784 701 913 741 exire.
977 704 1155 746 Praelati
1176 708 1308 749 etiam
1331 711 1512 766 aliquot,

54 761 130 816 qui
150 764 316 817 paucis²
337 765 488 806 eadem
512 782 564 808 ex
587 783 719 810 causa
740 770 1035 815 delationibus
1056 777 1099 817 in
1122 780 1369 832 graviorem
1393 783 1513 839 apud

52 835 161 874 S¹¹²¹¹¹¹¹
186 838 475 893 suspicionem
510 842 678 884 venisse
710 843 984 897 dicebantur,
1012 849 1207 893 diversas
1230 857 1392 896 tentari
1413 856 1511 899 hinc

50 907 268 963 migrandi
304 913 561 963 occasiones,
599 916 718 971 apud
750 918 943 975 Legatos
976 937 1121 978 agere,
1156 932 1218 975 ut,
1244 928 1511 973 valetudinis

49 994 191 1029 causa,
230 983 313 1023 alio
349 984 430 1025 sibi
463 988 678 1044 tantisper
711 993 937 1034 succedere
971 995 1111 1044 liceat,
1144 999 1262 1053 quod
1284 1003 1508 1059 praecipue

48 1052 289 1096 Mutinensi
321 1064 363 1098 et
404 1058 653 1103 Vivariensi
685 1065 823 1121 vulgo
854 1068 1147 1112 tribuebatur.
1212 1073 1508 1130 Quamplures

43 1127 193 1169 itidem
229 1131 408 1173 Praelati
439 1134 555 1184 Itali,
588 1138 664 1192 qui
693 1139 736 1179 in
760 1140 1044 1197 efflagitanda
1068 1145 1314 1188 residentiae
1336 1149 1389 1190 de
1405 1152 1506 1206 jure

43 1200 191 1242 divino
208 1203 496 1249 declaratione
514 1211 741 1253 concordes
754 1213 940 1263 fuerant,
960 1217 1258 1274 intelligentes
1282 1222 1352 1262 S¹¹¹¹
1370 1227 1505 1266 nostri

45 1273 250 1324 animum,
287 1292 340 1318 ex
382 1294 534 1321 corum
572 1285 797 1325 sententiis
832 1287 1045 1329 offensum
1084 1292 1337 1346 p1·aedieari;
1382 1295 1505 1338 Petri

43 1346 171 1386 etiam
195 1347 249 1388 de
279 1350 381 1390 Soto
403 1352 621 1411 Theologi
644 1356 859 1399 Pontificii
881 1362 1141 1404 suasonibus
1156 1367 1317 1415 moniti,
1353 1367 1503 1411 literas

43 1417 97 1458 ad
135 1419 419 1463 Sanctitatem
457 1439 594 1474 suam,
628 1430 841 1486 cujusque
882 1447 1029 1475 eorum
1067 1451 1214 1485 manu,
1251 1441 1326 1494 qui
1363 1443 1498 1483 xxxii.

39 1491 231 1542 fuerunt,
255 1495 524 1551 subscriptas
549 1500 755 1551 mittunt3
790 1504 833 1545 in
862 1505 1003 1561 iisque
1026 1514 1118 1548 tum
1143 1526 1305 1559 corum,
1340 1520 1434 1556 tota
1456 1516 1498 1556 in

38 1562 117 1604 hac
159 1579 219 1614 re,
259 1568 482 1609 eonsilium
525 1571 756 1615 Sanctitati
790 1591 880 1617 suae
912 1580 1100 1633 probare
1135 1592 1358 1633 conantur,
1403 1593 1496 1628 tum

37 1637 166 1677 etiam
200 1639 466 1695 singularem
503 1644 679 1686 illorum
715 1663 822 1704 erga
853 1650 999 1693 sedem
1023 1655 1322 1709 Apostolicam
1352 1659 1496 1711 fidem,

36 1716 167 1765 atque
189 1712 510 1755 observantiam
533 1716 766 1762 declarare.

180 1839 349 1888 Literae
377 1842 694 1892 Praelatorum
720 1849 779 1893 ad
808 1848 1192 1899 Sanctissimum.
1265 1854 1343 1902 fol.

90 1937 176 1979 His
198 1943 401 1983 omnibus
423 1944 625 1986 Pontifex
649 1949 893 2002 compertis,
916 1951 1058 1992 multa
1079 1967 1238 2002 secum,
1271 1961 1314 1996 et
1336 1959 1491 2011 gravia

29 2011 294 2066 cogitatione
330 2018 559 2071 percurrit,
594 2025 754 2060 certam
787 2021 928 2062 adhuc
960 2029 1105 2065 tamen
1137 2026 1302 2068 nullam
1325 2028 1488 2072 delibe-

28 2083 249 2125 rationem.
311 2086 489 2138 Verum,
509 2105 605 2130 cum
627 2091 779 2132 eodem
796 2099 993 2149 tempore
1010 2096 1318 2141 Lancianensis
1334 2101 1487 2145 Romae

28 2163 151 2204 esset,
185 2158 404 2215 planeque
437 2164 708 2219 perspiceret
739 2166 941 2208 abdicato
976 2184 1020 2210 se
1054 2170 1298 2214 Mantuano
1319 2190 1344 2216 a
1366 2176 1486 2233 lega-

26 2228 153 2277 tione,
187 2245 392 2287 magnam
428 2250 571 2277 rerum
602 2239 943 2289 conversionem,
980 2249 1114 2297 atque
1140 2246 1380 2290 acerbiores
1403 2250 1485 2292 Pa-

27 2306 142 2342 trum
176 2304 407 2348 seditiones
443 2309 731 2356 concitandas,
766 2313 930 2367 quique
968 2315 1098 2355 etiam
1128 2315 1374 2362 Mantuano
1402 2338 1483 2364 non

24 2373 198 2417 levibus
219 2386 312 2420 erat
333 2381 481 2421 officiis
502 2384 767 2438 conjunctus,
800 2387 948 2427 statim
974 2403 1102 2443 quam
1128 2392 1317 2433 maximo
1339 2402 1483 2449 potest

23 2446 154 2487 animi
171 2449 332 2496 studio,
352 2453 472 2508 apud
496 2455 605 2493 Sm¹¹1¹¹
636 2471 794 2512 urgere
817 2472 901 2498 non
918 2459 1089 2507 desinit,
1108 2468 1158 2502 ut
1174 2463 1296 2504 nulla
1312 2467 1479 2509 ratione

23 2527 222 2575 suscepto
244 2523 278 2563 is
299 2539 476 2566 munere
498 2527 718 2577 solvatur3
752 2532 956 2586 proponit
979 2533 1017 2572 ei
1040 2533 1279 2583 innumera,
1303 2551 1403 2591 quae
1425 2554 1479 2581 ex

21 2593 116 2644 ejus
133 2594 395 2647 profectione
417 2606 518 2640 sunt
543 2599 810 2643 incommoda
842 2613 1142 2655 consecutura,
1175 2607 1477 2654 haereticorum

23 2674 252 2712 sermones,
294 2670 530 2711 multorum
568 2672 834 2724 offensiones,
877 2677 1061 2718 aliorum
1099 2681 1377 2735 suspiciones,
1411 2699 1476 2726 re-

37 2725 207 2773 run“aue
246 2736 430 2777 Omnium
477 2746 866 2798 perturbationem.
941 2749 1059 2791 Hinc
1094 2759 1258 2806 quanta
1293 2755 1348 2796 sit
1382 2758 1476 2813 ejus

410 2821 414 2837 ¹
442 2821 530 2852 me
559 2832 628 2864 ms.
909 2835 921 2852 ²
944 2837 1077 2867 Pravis?
