1905 3254
386 267 470 310 372
1008 283 1118 314 SESS.
1145 284 1220 312 vn.

388 390 643 438 Vestanum,
696 390 735 430 N
741 397 1066 437 eocastrensem,
1110 390 1400 437 Parmensem,
1443 388 1839 437 Vintimilliensem,

388 463 665 513 Auditorem,
716 463 1008 510 Advocatum,
1052 462 1346 503 Promotorem
1364 479 1374 512 3
1417 468 1682 517 narratoque
1721 468 1840 503 statu

387 551 545 584 rerum,
568 535 775 577 mandant
796 536 872 584 eis,
896 542 946 577 ut
968 534 1085 590 quod
1105 536 1397 591 opportunius
1418 535 1618 583 dixerint,
1643 541 1842 576 accurate

386 609 595 664 cogitent,
631 609 686 650 ad
727 623 887 665 eosque
927 608 1128 649 referant.
1193 609 1374 650 Interim
1416 609 1582 650 Literae
1623 624 1677 649 ex
1715 609 1841 650 Urbe

385 683 659 731 nuntiarunt,
683 689 733 723 ut
755 683 789 722 si
813 683 940 723 aliter
962 697 1030 722 res
1052 688 1253 736 nequeat,
1275 682 1368 723 loco
1390 683 1636 729 verborum,
1654 682 1840 723 Univer-

385 756 520 797 salem
542 756 795 803 Ecclesiam,
818 756 988 796 dicatur
1012 755 1282 795 universales
1304 755 1532 801 Ecclesias,
1567 760 1644 795 aut
1678 753 1842 794 Christi

383 829 548 880 fideles,
561 836 639 870 aut
652 829 892 869 Ecclesiam
911 844 919 868 :
950 834 1172 878 caeterum,
1194 829 1331 868 verba
1351 829 1482 868 etiam
1504 828 1670 883 aliquot
1690 828 1777 868 alia
1797 828 1842 868 in

385 902 535 944 eodem
576 909 783 943 contextu
824 902 1125 947 immutentur,
1164 916 1217 941 ne
1259 901 1494 956 desumpta
1546 917 1599 942 ex
1647 901 1841 942 Concilio

382 974 635 1015 Florentino
657 973 901 1014 videantur.
964 973 1158 1021 Etenim,
1178 974 1212 1013 si
1235 988 1287 1014 ex
1309 974 1447 1013 forma
1469 974 1701 1014 verborum
1725 974 1842 1014 illius

384 1046 584 1098 Concilii,
604 1047 671 1087 hic
704 1062 838 1087 canon
872 1054 1216 1102 componeretur,
1240 1053 1373 1102 prout
1400 1043 1527 1087 antea
1549 1047 1710 1087 factum
1733 1054 1840 1095 erat,

380 1128 481 1162 tunc
503 1120 741 1162 absurdum
766 1120 1001 1161 videbatur
1022 1119 1115 1160 haec
1144 1119 1235 1160 sola
1257 1120 1405 1167 verba,
1428 1119 1734 1161 Universalem
1757 1121 1839 1161 Ec-

381 1194 568 1243 clesiam,
586 1195 816 1236 invertere.
868 1193 1030 1249 Igitur,
1051 1193 1244 1234 evitandi
1265 1193 1398 1249 hujus
1415 1193 1675 1234 incommodi
1697 1197 1837 1242 causa,

382 1266 596 1322 placebat,
625 1274 675 1308 ut
708 1282 858 1308 sensus
892 1265 1022 1316 idem,
1045 1266 1140 1306 aliis
1173 1273 1320 1306 tamen
1358 1267 1513 1313 verbis,
1551 1266 1838 1307 retineretur:

380 1339 551 1395 reliqua
570 1340 818 1395 prudentiae
841 1340 1116 1394 chatorum
1139 1339 1540 1380 committebantur.

436 1413 602 1454 Verum
638 1414 761 1454 Galli
795 1412 936 1453 adhuc
969 1412 1013 1451 in
1049 1427 1098 1452 eo
1131 1411 1413 1453 vehementer
1444 1412 1753 1468 persistebant,
1791 1419 1840 1453 ut

379 1484 489 1525 nihil
510 1484 589 1526 hac
612 1485 665 1525 de
692 1500 738 1525 re
773 1485 896 1540 prius
930 1489 1212 1531 statueretur,
1236 1499 1367 1539 quam
1401 1484 1642 1540 disputatio
1665 1484 1840 1540 publice

378 1565 697 1613 proponeretur
715 1574 725 1607 3
768 1557 963 1612 alioquin
999 1556 1192 1611 graviter
1227 1572 1271 1597 se
1305 1558 1417 1597 latos
1452 1558 1505 1597 iri
1538 1558 1837 1598 ostendebant.

380 1630 493 1670 Cum
528 1631 589 1671 eis
624 1631 900 1686 objiceretur,
917 1630 1008 1685 jam
1035 1627 1080 1668 id
1114 1629 1157 1667 in
1194 1628 1390 1669 Concilio
1423 1628 1675 1670 Florentino
1707 1629 1839 1670 fuisse

377 1703 616 1750 definitum,
641 1703 721 1758 ipsi
757 1717 842 1742 non
864 1702 1130 1742 verebantur
1160 1701 1404 1742 Concilium
1436 1701 1492 1742 id¹
1517 1702 1837 1743 schismaticum

377 1777 625 1832 appellare,
658 1784 702 1817 et
724 1791 822 1817 cum
845 1775 1145 1831 replicaretur,
1165 1775 1251 1814 imo
1272 1775 1316 1815 in
1341 1774 1533 1816 Concilio
1556 1776 1839 1817 Laterancnsi

376 1851 459 1891 sub
491 1851 638 1891 Leone
672 1850 738 1890 Xo
773 1863 919 1890 omnes
954 1854 1093 1888 status
1132 1848 1379 1888 Galliarum
1418 1850 1684 1904 approbasse
1727 1849 1838 1890 Con-

375 1923 522 1963 cilium
537 1922 852 1967 Florentinum,
868 1920 1069 1960 dicebant
1086 1919 1182 1974 ipsi,
1195 1920 1539 1961 Universitatem
1555 1922 1837 1962 Parisiensem

376 2012 548 2052 semper
570 1995 795 2042 restitisse,
818 1993 1018 2049 ideoque,
1042 2007 1126 2033 non
1160 2001 1386 2048 praeeunte
1415 1994 1722 2050 disputatione,
1747 1994 1838 2036 haec

375 2084 653 2125 nequaquam
679 2068 734 2108 ab
756 2067 862 2122 ipsis
882 2066 1141 2121 recipienda.
1207 2067 1419 2117 Quocirca
1448 2083 1546 2109 cum
1567 2067 1660 2109 haec
1682 2068 1839 2124 majori

376 2142 517 2183 adhuc
550 2140 805 2182 maturitate
839 2138 1035 2194 indigere
1068 2139 1333 2187 viderentur,
1357 2140 1621 2196 respondent
1652 2140 1836 2196 Legatis

376 2215 557 2256 Praelati
578 2214 658 2261 illi,
680 2212 841 2268 quibus
874 2211 1145 2252 consultandi
1178 2228 1338 2253 munus
1361 2213 1512 2254 datum
1541 2213 1700 2261 fuerat,
1724 2227 1834 2253 com-

375 2288 545 2330 modius
568 2287 720 2334 videri,
738 2292 789 2327 ut
812 2285 953 2326 Sessio
975 2286 1019 2325 in
1041 2285 1294 2326 ulteriorem
1317 2286 1433 2327 diem
1454 2285 1752 2342 protrahatur,
1774 2285 1835 2326 in-

376 2362 592 2417 terimque
614 2359 814 2401 sedandis
835 2357 902 2398 his
924 2358 1225 2398 controversiis
1246 2373 1379 2413 opera
1401 2359 1537 2399 omnis
1559 2358 1833 2406 adhibeatur,

377 2452 424 2477 ac
457 2435 669 2490 tantisper
701 2433 754 2473 de
788 2431 1000 2472 abusibus
1033 2430 1265 2480 Ordinum,
1290 2447 1337 2472 ac
1367 2433 1646 2473 Sacramento
1681 2432 1834 2473 Matri-

375 2509 520 2556 monii,
542 2507 577 2548 si
598 2507 814 2563 placebat,
838 2511 1010 2561 agatur.
1056 2504 1186 2554 Quod
1208 2505 1385 2560 quidem
1408 2513 1502 2547 tum
1526 2505 1721 2561 Legatis‚
1741 2512 1833 2546 tum

376 2580 676 2636 Lotharingio,
702 2594 749 2619 ac
775 2577 1042 2625 Madrucci0,
1066 2577 1173 2618 mire
1195 2578 1432 2633 probatum
1454 2578 1554 2626 fuit,
1577 2578 1833 2633 praesertim,

376 2654 505 2710 quod,
529 2668 625 2694 cum
659 2651 976 2707 Lotharingius
1013 2665 1113 2691 vere
1146 2651 1287 2691 omnia
1320 2658 1500 2693 conatus
1534 2652 1699 2698 fuisset,
1722 2651 1833 2693 dice-

375 2734 508 2774 retur,
532 2734 582 2767 ut
607 2725 762 2766 Gallos
785 2724 990 2773 flecteret,
1010 2723 1222 2779 quamvis,
1240 2723 1502 2766 Oratoribus
1524 2725 1641 2781 ipsis,
1659 2731 1702 2766 et
1724 2725 1832 2780 Epi-

1032 2811 1039 2829 ¹
1067 2813 1104 2841 In
1121 2812 1190 2842 MS.

1896 0 1905 197 ..--—·—===-.-

1887 2540 1893 2564 Ἰ»,
1887 2415 1893 2527 ...mu-2
1888 2374 1893 2403 ..E
1889 2224 1895 2364 --.,—..,<
1890 1938 1896 2216 w-ffl<...-4.-ae⁴-„*„„†2,
1891 1637 1898 1932 --*...-.-..1-.,.-.*-
1892 1490 1899 1629 -‹<—-1..-..0„—.
1893 885 1901 1484 m-—nm—-A—ae..-..„---u
1895 726 1902 874 ...ἁ-«ᾼ-ῂ
1896 685 1901 719 Π.-
1896 667 1900 671 .
1898 624 1901 640 ..,
1896 530 1902 615 ...z-...2
1896 331 1902 508 -*.*,.„⁰½‹v-
1897 297 1902 319 .—
1897 215 1903 286 --·,.0
