1905 3254
696 287 806 317 snss.
832 287 875 316 11.
1448 268 1503 307 (353

49 396 200 445 cundo,
224 395 417 437 ordinem
448 394 567 436 illius
580 412 591 446 3
622 395 751 436 tertio
773 395 1015 443 materiam,
1038 409 1114 435 3011
1137 394 1273 434 verba
1294 391 1502 449 ejusdem.

51 469 206 520 Quoad
228 469 418 524 primum
441 484 448 508 :
482 483 578 509 011111
603 482 723 508 1110113
742 468 906 508 Sanctae
931 466 1094 523 Synodi
1118 482 1168 507 ea
1191 467 1258 514 sit,
1284 472 1334 506 ut
1357 479 1505 505 omnes

49 542 236 583 haeretiei
259 548 423 597 quanto
444 541 636 581 maximo
668 541 805 596 possit
838 540 1018 595 pietatis
1040 538 1186 580 studio
1209 538 1265 578 ad
1288 537 1504 593 gremium

51 614 215 654 Sanctae
231 613 434 654 Ecclesiae
449 620 762 661 convocentur3
795 612 963 666 hacque
980 610 1032 651 de
1055 625 1185 650 causa
1207 609 1398 649 omnium
1418 609 1506 649 fere

51 687 232 728 Patrum
255 686 494 732 sententiae,
517 686 560 726 ni
583 685 720 733 fallor,
745 684 1033 730 convenerint,
1060 689 1109 723 ut
1131 682 1217 722 illis
1241 682 1508 736 amplissima

48 758 153 800 fides
174 759 353 815 publica
374 758 504 799 detur
517 774 527 807 ;
563 757 719 812 utique
742 756 877 797 verba
898 758 991 812 ejus
1014 755 1175 796 decreti
1196 755 1310 795 hunc
1333 769 1504 795 sensum

49 846 132 872 non
155 831 259 871 satis
282 829 488 871 videntur
513 830 744 885 amplecti:
782 829 957 885 agimus
979 843 1075 868 cum
1112 828 1164 868 iis
1197 828 1273 882 qui
1310 826 1507 882 quotidie

51 904 175 946 nobis
208 903 238 944 J
242 903 393 944 oannis
436 902 540 943 Hus
580 902 847 958 supplicium
886 901 1108 957 objiciunt,
1152 906 1449 954 verenturque
1483 913 1507 938 a

49 978 173 1019 nobis
195 979 305 1019 strui
326 977 505 1018 insidias
525 977 568 1016 in
591 991 742 1017 eorum
766 975 1014 1031 perniciem.
1079 973 1174 1014 Cur
1195 988 1300 1028 ergo
1317 972 1508 1013 clariori-

49 1052 132 1092 bus
155 1058 197 1092 et
220 1051 530 1092 efficacioribus
562 1049 720 1095 verbis,
759 1049 793 1088 si
826 1062 1070 1104 possumus,
1097 1048 1149 1087 iis
1171 1047 1343 1087 intimos
1375 1048 1507 1087 animi

50 1140 202 1166 sensus
218 1140 303 1166 non
327 1123 605 1180 aperiamus?
669 1122 901 1162 Censorem
925 1121 1031 1176 ipse,
1051 1135 1333 1176 quoscunque
1347 1121 1389 1161 in
1414 1121 1507 1160 uni-

51 1213 240 1245 versum,
264 1198 341 1253 qui
363 1197 564 1252 quamvis
594 1195 768 1236 Christo
791 1194 1080 1250 profiteantur
1101 1192 1325 1233 nobiscum
1364 1199 1509 1233 tamen

51 1271 93 1312 in
127 1269 229 1311 fidei
263 1270 457 1311 doctrina
487 1284 572 1309 non
607 1268 882 1315 conveniunt,
905 1265 989 1306 huc
1017 1279 1188 1305 summa
1210 1265 1393 1305 caritate
1417 1280 1507 1305 esse

51 1341 297 1383 invitandos
316 1358 325 1391 ;
360 1356 406 1382 30
427 1341 516 1381 11113
539 1340 715 1396 quidem
740 1340 817 1394 qui
833 1338 919 1379 huc
942 1353 985 1378 30
1007 1337 1282 1384 contulerint,
1297 1343 1430 1392 atque
1447 1352 1510 1377 er-

51 1429 166 1455 rores
198 1429 298 1455 suos
333 1413 496 1454 fuerint
530 1412 749 1459 detestati,
787 1425 918 1465 seque
956 1409 1128 1450 decreto
1153 1409 1323 1449 Sanctae
1349 1408 1510 1463 Synodi

52 1502 96 1528 se
118 1487 397 1543 subjecerint,
423 1502 469 1527 ac
492 1486 745 1542 penitentiae
763 1485 888 1540 signa
909 1482 1187 1530 ostenderint,
1204 1482 1372 1523 veniam
1397 1497 1509 1523 erra-

6 1591 10 1595 -
51 1567 192 1602 torum
216 1559 408 1600 omnium
425 1558 533 1600 adeo
550 1559 674 1615 large
692 1573 782 1599 esse
804 1555 1159 1612 promittendam,
1186 1562 1237 1595 ut
1258 1570 1370 1595 nunc
1395 1561 1512 1596 certo

52 1634 197 1681 sciant,
215 1633 406 1680 seillam,
422 1647 519 1672 011111
534 1632 724 1687 primum
749 1630 955 1686 praedicta
977 1629 1276 1683 impleverint,
1295 1644 1386 1670 esse
1413 1644 1508 1669 con-

51 1714 323 1762 sequuturos.
368 1705 552 1746 Caeteris
571 1720 687 1751 vero,
707 1704 783 1758 qui
800 1718 881 1743 non
906 1702 1013 1742 adeo
1037 1702 1161 1742 facile
1176 1702 1398 1757 opiniones
1412 1717 1511 1742 suas

53 1779 314 1834 relinquere,
339 1777 415 1818 sed
444 1792 518 1818 eas
540 1777 619 1817 hoc
653 1777 697 1816 in
720 1775 813 1816 loco
833 1775 979 1816 excuti
1004 1774 1188 1822 malunt,
1212 1774 1313 1829 Ego
1336 1773 1403 1814 his
1435 1789 1509 1829 po-

54 1858 256 1893 testatem
277 1850 363 1891 huc
377 1849 621 1897 accedendi,
640 1847 949 1895 commorandi,
964 1854 1006 1888 01
1021 1846 1282 1895 discedendi,
1299 1862 1395 1887 cum
1415 1862 1509 1888 eam

10 1940 15 1943 ·
54 1925 272 1980 petierint,
290 1938 367 1964 nos
389 1923 569 1964 daturos
592 1921 831 1977 pollicerer.
896 1920 961 1961 Ut
983 1934 1153 1960 summa
1170 1920 1238 1968 sit,
1259 1920 1511 1975 poenitenti-

53 1998 137 2038 bus
158 1997 271 2038 hunc
288 1997 431 2037 locum
453 1995 639 2051 proponi
662 2001 871 2048 tanquam
897 1993 1182 2033 absolutionis
1206 1992 1383 2040 fontem,
1402 1993 1510 2041 aliis,

53 2075 103 2110 ut
120 2084 228 2110 verae
246 2069 346 2109 fidei
369 2084 417 2108 ac
440 2067 642 2108 salutaris
658 2066 864 2107 doctrinae
889 2065 1093 2106 scholam.

113 2141 270 2192 Quoad
293 2139 546 2188 secundum,
569 2139 622 2180 de
646 2138 794 2180 ordine
818 2137 992 2186 decreti,
1017 2138 1322 2185 existimarem,
1337 2153 1389 2178 ea
1411 2152 1511 2193 quae

54 2214 98 2254 in
118 2215 200 2255 fine
222 2214 427 2255 dicuntur
451 2212 597 2267 aptius
627 2212 671 2252 in
694 2211 906 2266 principio
935 2226 1058 2266 posse
1082 2211 1194 2265 poni.
1257 2211 1387 2258 Nam,
1413 2226 1511 2251 cum

55 2286 98 2328 id
120 2301 255 2327 unum
278 2285 578 2342 principaliter
600 2284 686 2324 sibi
719 2283 918 2340 Synodus
942 2290 1168 2339 proponat,
1204 2290 1255 2323 ut
1285 2282 1512 2324 haereticos

58 2358 352 2415 undequaque
367 2365 583 2406 convocet,
603 2373 650 2398 ac
667 2358 718 2398 iis
735 2358 898 2413 quibus
918 2363 1062 2412 potest
1084 2355 1326 2396 rationibus
1342 2371 1512 2396 31100111·-

55 2439 134 2478 rat,
163 2433 317 2488 utique
348 2431 429 2472 hoe
459 2432 618 2487 ipsum,
642 2430 763 2486 quod
785 2430 1060 2485 praecipuum
1084 2434 1160 2476 est,
1185 2428 1228 2467 in
1255 2427 1514 2482 praefatione

58 2505 277 2547 videretur
311 2504 644 2561 explicandum3
686 2510 844 2544 caetera
876 2503 1002 2549 enim,
1034 2517 1135 2557 quae
1168 2506 1428 2555 sequuntur,
1459 2499 1512 2541 de

58 2577 179 2618 libris
201 2577 490 2625 emendandis,
516 2592 568 2617 ea
589 2583 692 2616 sunt
713 2576 860 2631 potius
877 2576 1165 2616 instrumenta
1182 2571 1398 2628 quaedam,
1418 2573 1512 2628 qui-

59 2649 140 2689 bus
167 2650 284 2705 ipsos
314 2649 368 2691 ad
400 2649 631 2690 veritatem
656 2647 1017 2703 persuadeamus,
1042 2652 1086 2686 01
1107 2651 1339 2700 postquam
1372 2644 1512 2684 nobis-

60 2736 155 2762 cum
178 2722 338 2763 fuerint
359 2722 588 2778 conjuncti,
616 2721 787 2762 firmius
809 2720 939 2761 etiam
972 2719 1258 2759 detineamus.
1324 2714 1513 2756 Conver-
