1905 3254
667 315 781 345 sess.
809 315 884 345 vu.
1422 300 1504 341 347

52 418 366 476 disputandum
406 418 459 460 de
499 420 721 461 Potestate
762 421 910 476 Papae.
974 422 1259 463 Granatensis
1304 422 1503 478 subjecit,

50 491 297 533 libertatem
314 491 523 546 loquendi
536 492 741 532 omnibus
753 507 844 534 esse
860 493 1208 549 relinquendam.
1252 494 1505 550 Aliphanus

50 565 193 607 statim
215 572 430 621 sequutus
451 572 540 606 est:
563 565 687 613 dixit,
707 580 752 606 se
771 566 1009 621 plurimum
1025 566 1218 607 tribuere
1240 566 1343 608 Sodi
1364 568 1504 622 Apos-

50 638 202 684 tolicae,
227 644 270 678 et
292 652 387 678 eam
406 652 491 677 non
514 652 642 693 egere
666 636 734 677 his
756 637 985 693 praesidiis,
1007 653 1106 678 eum
1134 638 1191 679 sit
1210 637 1505 694 undequaque

49 710 230 758 munita,
263 709 339 751 sed
359 725 404 751 se
433 725 517 750 non
548 725 674 766 posse
700 725 785 751 non
819 710 1088 751 conscientiae
1118 725 1208 751 suae
1243 711 1504 759 satisfacere,

49 797 145 824 cum
166 783 356 825 rationes
376 798 468 824 suae
490 784 575 824 alio
601 783 801 824 tendunt.
865 783 974 824 Inde
1009 784 1315 840 longissimum
1346 784 1506 827 habuit

49 870 297 898 sermonem.
359 858 599 913 Postquam
624 857 893 898 Varmiensis
914 857 1072 912 inquit,
1106 872 1149 898 se
1182 858 1297 899 nolle
1323 866 1504 915 praeter-

47 930 221 970 mittere
242 930 350 985 quin
376 934 567 972 moneat²
589 929 757 976 Patres,
793 930 935 970 multa
965 929 1033 971 hie
1061 929 1159 977 dici,
1194 945 1294 986 quae
1326 931 1382 972 ad
1412 946 1504 972 rem

46 1001 315 1056 propositam
334 1016 420 1042 non
441 1002 673 1057 pertinent,
698 1008 742 1042 et
762 1008 889 1056 rogat
910 1016 994 1049 θος,
1018 1009 1069 1043 ut
1089 1002 1146 1042 ab
1164 1001 1230 1043 his
1250 1017 1295 1043 se
1318 1003 1505 1045 abstine-

47 1081 146 1115 ant:
177 1089 278 1115 nam
294 1075 520 1116 haereticos
541 1090 624 1116 non
646 1090 822 1131 negare,
845 1076 949 1130 quin
977 1075 1190 1131 Episcopi
1212 1077 1297 1118 sint
1315 1077 1506 1119 instituti

47 1161 72 1186 a
87 1146 279 1195 Christo,
294 1147 368 1188 sed
384 1162 560 1203 negare,
579 1162 649 1188 eos
668 1162 777 1203 quos
797 1147 927 1188 hodie
947 1155 1175 1203 promovet
1192 1149 1247 1190 ad
1263 1150 1504 1206 Episcopa-

46 1225 141 1260 tum
175 1219 300 1274 Papa
327 1234 418 1260 esse
447 1235 473 1261 a
507 1220 696 1261 Christo.
761 1220 909 1276 Igitur
946 1220 1054 1262 hanc
1096 1229 1270 1277 partem
1305 1231 1504 1278 oportere

45 1291 242 1333 refellere
264 1293 298 1332 si
321 1292 476 1348 placet,
500 1300 544 1333 et
567 1293 654 1333 alia
674 1293 876 1334 omittere
897 1308 982 1333 non
1003 1295 1252 1335 necessaria.

103 1365 340 1406 Molineus²
365 1365 603 1413 adnotavit,
627 1366 833 1407 omissum
858 1366 991 1407 fuisse
1013 1366 1067 1408 de
1089 1367 1298 1409 electione
1320 1368 1503 1425 Episco-

45 1453 199 1495 porum
221 1455 246 1480 a
267 1440 417 1488 Plebe,
437 1439 554 1495 quod
575 1447 667 1480 erat
687 1441 1003 1489 necessarium3
1039 1448 1082 1481 et
1104 1441 1221 1496 quod
1243 1442 1286 1482 in
1310 1443 1505 1498 Septimo

46 1511 224 1554 Canone
259 1513 440 1560 dicatur,
476 1514 762 1568 Presbyteros
797 1528 881 1553 non
914 1528 1006 1554 esse
1036 1514 1228 1568 aequales
1260 1515 1505 1571 EpiscopiS,

44 1586 121 1628 sed
147 1587 348 1627 minores.

101 1659 678 1700 Tininiensis³—cavendum
701 1674 755 1700 ne
781 1660 993 1700 Haeretici
1015 1659 1173 1705 dicant,
1196 1675 1272 1700 nos
1292 1666 1501 1716 tanquam

44 1739 295 1788 personatos
335 1732 565 1773 histriones
605 1732 844 1772 Pontificiae
881 1746 1019 1772 scenae
1061 1731 1290 1772 deservire.
1355 1732 1503 1788 Igitur

45 1805 352 1847 declarandum
371 1806 515 1846 verbis
529 1806 707 1861 apertis,
722 1805 967 1860 Episcopos
989 1819 1081 1845 esse
1103 1804 1133 1845 J
1138 1819 1216 1845 ure
1237 1805 1385 1846 divino
1407 1820 1502 1846 eon-

44 1879 232 1927 stitutos,
257 1885 301 1919 et
324 1878 596 1934 Presbyteris
617 1878 874 1933 superiores.

103 1951 266 1993 Montis
287 1951 505 1992 Politiani.

104 2024 370 2066 Aehadensis
391 2025 619 2066 Hibernus
639 2024 827 2066 ostendit
848 2024 990 2065 tribus
1008 2023 1249 2064 rationibus
1269 2037 1354 2064 non
1376 2039 1501 2080 posse

46 2098 297 2144 subsistere,
332 2098 450 2154 quod
485 2098 621 2145 aiunt,
655 2098 683 2139 J
690 2097 1010 2138 urisdictionem
1053 2095 1302 2137 immediate
1342 2112 1433 2138 esse
1476 2113 1501 2139 a

46 2171 142 2212 Deo
161 2188 168 2212 :
194 2172 258 2212 P0.
279 2171 384 2226 quia
406 2171 448 2211 in
471 2170 734 2211 Hierarehia
755 2177 898 2211 essent
919 2170 1059 2210 multa
1081 2170 1240 2224 capita,
1264 2170 1500 2225 potiusque

45 2244 300 2286 redderetur
321 2243 555 2290 Anarchia,
588 2258 635 2284 ae
667 2250 806 2284 totum
844 2249 1135 2291 everteretur3
1169 2243 1222 2282 2⁰.
1246 2243 1352 2297 quia
1374 2258 1427 2284 ex
1450 2259 1500 2285 eo

47 2319 189 2374 magis
210 2318 542 2358 confirmaretur
564 2317 708 2372 opinio
730 2317 1060 2365 haereticorum3
1082 2330 1195 2364 nam,
1213 2322 1257 2356 et
1277 2316 1321 2355 in
1337 2316 1501 2373 Anglia

47 2389 143 2431 Rex
164 2397 290 2431 vocat
311 2405 355 2431 se
385 2389 534 2445 Caput
566 2390 775 2430 Ecclesiae
814 2389 1008 2444 Angliae,
1043 2395 1086 2429 et
1117 2395 1233 2428 creat
1257 2388 1500 2444 Episcopos

47 2463 122 2517 qui
143 2469 446 2503 consecrantur
469 2477 493 2503 a
508 2463 650 2502 tribus
671 2462 916 2518 Episcopis‚
930 2462 1141 2515 aiuntque
1162 2475 1206 2501 se
1224 2475 1347 2500 veros
1365 2461 1498 2517 Efios,

49 2535 154 2589 quia
185 2542 288 2576 sunt
320 2549 346 2575 a
381 2535 488 2576 Deo.
543 2536 636 2576 Nos
659 2534 826 2576 veroid
848 2548 1072 2589 negamus,
1097 2533 1203 2587 quia
1233 2548 1318 2573 non
1351 2540 1453 2574 sunt
1475 2548 1501 2574 a

48 2605 255 2648 Pontifice
277 2607 471 2648 Romano
493 2607 657 2654 adsciti,
687 2614 730 2648 et
752 2614 866 2647 recte
888 2606 1088 2652 dicimus,
1121 2605 1290 2659 haeque
1323 2612 1496 2646 tantum

90 2733 99 2751 ¹
126 2734 265 2770 Morient,
281 2733 350 2763 MS.

90 2786 103 2803 ¹
125 2788 270 2817 Senator:
286 2786 358 2815 vide
374 2785 494 2815 Pallav.
514 2785 578 2814 xix.
594 2795 622 2815 v.
639 2784 654 2816 ι’)
673 2785 700 2819 4,
716 2783 778 2812 mul
795 2783 895 2823 Sarpi,
913 2783 966 2811 vii.
987 2783 1094 2812 xxxiv.

89 2840 102 2857 ⁸
123 2839 188 2869 The
204 2840 274 2870 MS.
292 2839 361 2869 her(-
375 2838 429 2868 has
443 2838 493 2867 tlw
510 2838 591 2867 word
608 2837 776 2871 according
794 2841 824 2864 10
839 2836 888 2865 the
904 2836 1039 2874 adopted
1053 2834 1270 2874 ortlwgraplny.
