1905 3254
333 306 417 346 <340
973 322 1080 353 ssss.
1105 324 1163 353 lx.

334 426 446 474 cilio,
465 432 674 482 tanquam
700 426 754 468 ad
777 441 821 468 se
840 432 1055 483 spectans,
1075 425 1367 467 vindicaretur
1390 444 1400 477 3
1434 433 1510 468 aut
1529 426 1646 467 Galli
1661 441 1792 467 novos

334 505 479 539 motus
512 498 593 540 hac
627 500 846 541 occasione
882 500 1048 548 cierint,
1084 506 1218 555 atque
1252 499 1320 540 his
1354 499 1432 555 qui
1462 504 1536 555 jus
1571 499 1791 540 Pontificis

334 571 523 627 eligendi
547 573 793 628 arriperent
815 573 998 628 spiritus
1025 573 1189 614 darent.
1251 573 1419 614 Verum
1452 572 1538 614 Dei
1570 573 1792 614 clementia

333 644 497 684 factum
531 651 606 693 est,
640 651 690 685 ut
729 644 840 686 Ores
881 661 1025 687 omnes
1066 646 1109 686 in
1146 661 1239 686 eam
1275 646 1535 687 sententiam
1569 646 1792 686 unanimes

333 717 624 765 convenerint,
647 724 697 758 ut
718 719 858 774 primo
892 733 1069 773 quoque
1101 725 1295 774 tempore
1329 718 1571 759 Concilium
1600 719 1790 759 finiatur.

335 789 583 830 Cardinalis
617 789 936 847 Lotharingius
973 791 1128 832 ardens
1156 793 1199 832 in
1231 791 1312 832 hac
1343 806 1389 832 re
1425 791 1468 831 in
1499 791 1650 847 primis
1686 798 1790 831 erat.

335 862 542 904 Oratores
562 863 767 912 Caesarei,
791 880 900 920 quos
922 872 1051 906 antea
1076 865 1261 906 dubium
1283 872 1391 913 erat,
1412 880 1467 905 ne
1489 865 1612 920 prius
1646 864 1791 905 Caesa-

332 952 423 977 rem
441 937 662 978 consulere
685 938 836 986 velint,
861 938 969 979 alios
998 939 1146 994 potius
1167 953 1279 979 nunc
1300 953 1459 994 urgere
1491 938 1707 993 incipiunt
1740 938 1794 978 ad

332 1025 444 1066 opus
460 1009 539 1051 hoc
558 1011 894 1053 absolvendum.
940 1013 1101 1053 Orator
1115 1011 1465 1068 portugallensis
1479 1026 1626 1051 omnes
1637 1026 1794 1052 nervos

332 1083 539 1132 intendit,
565 1091 609 1125 et
627 1100 723 1125 cum
746 1100 796 1126 eo
824 1085 987 1140 reliqui
1015 1100 1174 1132 omnes,
1199 1092 1249 1126 ut
1282 1085 1609 1140 quamprimum
1639 1085 1792 1125 Conci-

332 1156 442 1197 lium
466 1156 708 1198 claudatur.
772 1157 900 1198 Solus
924 1158 1082 1199 Comes
1103 1158 1333 1205 Lunensis,
1355 1172 1440 1198 non
1458 1157 1637 1213 quidem
1659 1158 1793 1199 obsti-

335 1225 524 1278 nate,'ut
546 1238 687 1279 antea,
712 1246 790 1272 nec
812 1239 977 1287 aperte,
1001 1231 1282 1281 contradicit3
1315 1232 1392 1273 scd
1407 1239 1553 1274 tamen
1568 1247 1654 1273 non
1670 1232 1794 1273 facile

335 1303 432 1344 aliis
454 1303 662 1352 adhaeret,
687 1319 1001 1359 assensumque
1025 1320 1154 1345 suum
1179 1305 1274 1346 aliis
1290 1320 1374 1346 non
1397 1306 1496 1346 vult
1517 1304 1745 1360 impartiri.

391 1375 554 1431 Legati
577 1377 707 1417 etiam
730 1392 827 1418 cum
848 1378 943 1417 aliis
966 1378 1178 1426 praelatis,
1209 1393 1255 1418 re
1278 1378 1561 1419 considerata¹
1586 1378 1639 1418 ab
1662 1378 1794 1418 omni-

335 1447 431 1495 bus,
455 1447 720 1505 intelligunt,
744 1449 852 1490 nihil
873 1450 1034 1490 rectius
1069 1458 1145 1491 aut
1178 1450 1330 1490 utilius
1362 1451 1457 1491 fieri
1490 1465 1627 1506 posse,
1663 1465 1793 1505 quam

335 1528 385 1563 ut
406 1521 506 1563 huic
527 1522 719 1563 Concilio
740 1523 938 1578 sequenti
959 1522 1027 1564 die
1050 1523 1146 1563 finis
1168 1523 1433 1578 imponatur.

746 1652 838 1700 Die
864 1656 911 1699 2²²
938 1653 1216 1701 Decembris
1248 1657 1385 1701 1563.

395 1775 555 1832 Legati
588 1784 823 1818 convocant
861 1777 1070 1819 Oratores
1100 1778 1301 1830 Ecelicos,
1334 1786 1377 1820 et
1407 1780 1622 1822 Praelatos
1644 1795 1792 1836 quam-

335 1849 488 1904 plures
502 1850 691 1905 amplius
709 1865 839 1906 quam
855 1852 908 1891 50
927 1867 980 1893 ex
996 1852 1176 1893 diversis
1192 1853 1406 1894 Nationib
1414 1869 1473 1902 us,
1490 1861 1540 1895 ut
1555 1855 1610 1895 ab
1625 1854 1692 1896 his
1707 1870 1792 1896 cer-

334 1922 421 1963 tius
437 1923 695 1978 intelligant,
711 1923 831 1979 quod
846 1925 1072 1966 consilium
1096 1927 1139 1966 in
1156 1925 1236 1967 hoc
1250 1927 1493 1982 periculoso
1509 1942 1653 1968 rerum
1672 1935 1791 1969 statu

336 1997 392 2037 sit
414 1997 469 2037 ab
493 1997 553 2037 eis
575 1997 849 2052 capiendum.
906 1998 1068 2040 Omnes
1089 1999 1368 2055 respondent,
1395 2000 1547 2056 paucis
1580 2001 1793 2057 Hispanis

336 2071 530 2126 exceptis
547 2077 591 2111 et
609 2071 751 2112 tribus
769 2071 906 2121 Italis,
927 2073 1075 2113 statim
1096 2073 1342 2114 Concilium
1361 2089 1453 2114 esse
1469 2074 1721 2123 finiendum,
1738 2076 1791 2116 iis

334 2143 569 2199 propositis
585 2143 793 2191 materiis,
814 2159 911 2199 quae
923 2146 1013 2201 jam
1031 2153 1292 2202 praeparatae
1314 2153 1448 2195 erant,
1462 2161 1540 2188 nec
1556 2147 1599 2187 in
1615 2146 1682 2187 his
1705 2162 1791 2188 am-

335 2216 452 2271 plius
468 2216 799 2257 immorandum.
844 2217 1002 2273 Itaque
1025 2224 1231 2259 statuunt
1244 2219 1410 2275 Legati
1423 2219 1575 2260 eadem
1594 2219 1662 2260 die
1679 2220 1791 2260 Con-

336 2288 636 2345 gregationem
661 2289 908 2344 generalem
928 2290 1108 2339 habere,
1135 2292 1214 2331 ubi
1237 2292 1344 2333 Pres
1366 2293 1623 2334 sententiam
1647 2293 1792 2334 dicant

335 2377 470 2418 super
483 2361 657 2402 decreto
670 2361 723 2402 de
737 2361 1016 2419 Purgatorio,
1032 2364 1084 2405 de
1101 2364 1390 2421 Imaginibus,
1406 2366 1522 2422 quod
1534 2371 1625 2423 jam
1640 2368 1793 2409 multis

335 2442 556 2477 ostensum
578 2435 736 2476 fuerat.
800 2436 914 2477 Item
937 2452 1070 2494 super
1090 2437 1270 2479 decretis
1292 2439 1345 2480 de
1359 2440 1678 2487 reformatione,
1695 2456 1792 2497 quae

327 2511 421 2566 jam
444 2508 670 2550 emendata
690 2509 880 2558 fuerant,
903 2517 947 2551 et
976 2526 1160 2567 quorum
1183 2513 1308 2567 copia
1336 2513 1429 2568 jam
1462 2513 1672 2554 Patribus
1693 2513 1795 2555 data

336 2589 443 2624 erat.
507 2583 718 2624 Similiter
739 2584 872 2624 etiam
893 2583 946 2625 de
970 2584 1282 2641 Regularibus,
1298 2601 1396 2642 quae
1414 2587 1644 2629 emendata
1656 2595 1792 2636 erant,

335 2655 435 2696 licet
455 2655 647 2697 nondum
671 2671 822 2697 eorum
845 2657 969 2713 copia
990 2658 1155 2699 tradita
1176 2659 1342 2700 fuisset.
1403 2659 1474 2701 De
1498 2660 1794 2717 Indulgentiis

337 2734 498 2775 autem,
521 2743 616 2769 cum
640 2729 826 2770 materia
839 2729 967 2770 nimis
983 2729 1167 2772 difficilis
1184 2737 1227 2772 et
1240 2732 1556 2787 quaestionibus
1572 2732 1792 2789 implicata

702 2848 712 2867 ¹
738 2850 783 2881 To
798 2850 840 2882 all
857 2862 1045 2892 appearance
1062 2853 1229 2892 conjuncta
1244 2852 1275 2882 in
1290 2851 1341 2883 the
1358 2852 1427 2882 MS.
