1905 3254
694 322 805 353 sEss.
831 324 893 355 111.
1464 319 1512 358 81

54 417 288 469 Putabam,
312 422 467 479 inquit,
485 423 627 475 hodie,
645 429 777 470 nullis
799 445 875 471 vos
897 433 1054 483 verbis,
1068 435 1234 485 Patres,
1251 438 1510 488 obtundere,

52 505 150 531 cum
182 494 288 535 satis
322 510 374 537 ea
402 511 494 539 esse
527 515 743 543 censerem
767 519 868 559 quae
891 521 916 546 a
936 522 1004 548 me
1025 510 1328 564 superioribus
1353 512 1512 554 diebus

50 562 167 605 dicta
186 566 380 610 fuerunt.
425 571 643 621 Quoniam
664 581 810 618 tamen
832 579 1082 634 aliquorum
1104 583 1149 623 in
1170 599 1239 625 me
1255 585 1509 628 Orationem

50 639 243 680 converti
263 642 389 691 sensi,
408 646 533 698 quasi
556 661 670 688 unus
691 649 796 705 ipse,
813 652 933 692 inani
949 655 1209 710 suspicione,
1226 666 1305 700 aut
1326 659 1509 702 levitate

48 708 218 760 ductus,
246 713 374 755 fidem
409 716 518 759 hanc
552 720 790 775 publicam,
824 723 878 766 de
914 740 1004 781 qua
1037 729 1198 785 agitur,
1232 739 1309 773 aut
1341 732 1508 775 dissua-

47 780 162 831 dere,
204 791 283 826 aut
320 787 578 832 imminuere
630 797 905 846 tentaverim,
948 815 1078 856 cogor
1126 802 1279 845 intimo
1329 806 1507 848 sincerae

46 856 202 897 mentis
221 859 400 901 stimulo
422 877 473 903 ea
494 864 701 919 proferre,
726 883 825 924 quae
849 871 932 924 (ita
952 888 1020 914 me
1039 874 1164 916 Deus
1186 880 1319 931 amet)
1346 879 1508 935 Synodi

45 927 177 984 huJus
198 932 510 978 existimationi
533 946 665 995 atque
690 943 872 985 utilitati
895 947 1083 990 arbitror
1105 953 1346 994 convenire.
1410 955 1507 996 Scio

44 1015 114 1042 me
134 1017 361 1060 nunquam
385 1012 626 1061 assensisse,
649 1013 866 1058 haereticis
897 1018 982 1061 huc
1017 1021 1186 1064 aditum
1209 1040 1300 1066 esse
1324 1028 1506 1082 praeclu-

43 1073 250 1126 dendum,
285 1087 364 1120 aut
396 1081 493 1123 illos
526 1083 626 1126 hinc
663 1090 814 1142 procul
846 1093 1052 1135 arcendos
1084 1111 1200 1146 esse;
1233 1097 1310 1140 hoc
1343 1102 1457 1141 enim
1481 1116 1506 1141 a

42 1161 140 1188 mea
167 1164 338 1206 semper
369 1153 496 1210 longe
530 1157 673 1200 abfuit
695 1162 970 1217 cogitatione.
1035 1168 1134 1215 Sed,
1159 1186 1255 1211 cum
1279 1173 1439 1214 multos
1461 1189 1505 1215 sc

39 1218 85 1259 in
106 1218 185 1261 hac
205 1236 251 1262 re
272 1228 385 1264 totos
401 1226 627 1271 effundere
650 1233 1069 1285 animadvertissem,
1088 1248 1138 1281 ut
1161 1242 1213 1282 iis
1230 1244 1499 1287 clementiam

40 1297 83 1332 et
104 1294 436 1339 misericordiam
471 1301 808 1358 impertircmur,
833 1309 938 1358 dixi,
962 1320 1005 1353 et
1029 1313 1134 1354 alios
1157 1330 1261 1364 esse,
1286 1319 1363 1374 qui
1397 1336 1502 1376 quo-

39 1364 147 1407 tidie
179 1368 388 1423 pietatem
412 1382 602 1416 nostram
626 1378 875 1435 implorant,
899 1385 975 1439 qui
1006 1385 1234 1430 deserendi
1268 1406 1351 1432 non
1386 1402 1500 1436 sunt.

40 1443 90 1479 ut
109 1439 213 1481 istos
229 1445 451 1497 juvemus.
514 1449 638 1491 Alios
659 1453 884 1496 audieram
908 1457 1018 1499 nihil
1043 1460 1165 1502 aliud
1199 1464 1501 1519 praedicantes,

39 1525 169 1567 quam
200 1521 250 1555 ut
276 1518 528 1576 transfugas
558 1522 662 1564 istos
690 1527 863 1568 omnino
896 1530 1147 1582 invitemus,
1171 1537 1501 1592 amplectamur,

39 1590 82 1625 et
108 1591 221 1629 tecto
257 1591 388 1633 etiam
427 1595 706 1651 excipiamus.
769 1601 896 1643 Tunc
937 1604 1043 1646 mihi
1087 1607 1345 1652 admonendi
1385 1614 1502 1655 locus

37 1659 157 1701 visus
178 1661 276 1711 fuit,
300 1670 350 1705 ut
371 1673 498 1708 caute
530 1669 613 1711 ista
634 1680 838 1728 agantur,
865 1691 919 1717 ne
947 1678 1139 1734 viperam
1177 1685 1319 1738 (quod
1352 1687 1497 1741 aiunt)

34 1731 78 1772 in
108 1733 206 1775 sinu
239 1735 476 1779 foveamus.
540 1742 746 1800 Namque
783 1748 861 1788 ubi
897 1751 1029 1792 semel
1066 1753 1137 1794 isti
1180 1756 1359 1811 pietatis
1394 1760 1501 1802 fines

35 1807 314 1859 transierunt,
330 1809 454 1853 Deus
481 1813 602 1864 bone,
626 1832 756 1873 quam
780 1836 824 1861 se
845 1824 1096 1880 praecipites
1117 1828 1158 1868 in
1179 1844 1304 1871 omne
1327 1833 1500 1875 sceleris

33 1881 402 1935 genusvtrahunt3
432 1901 562 1942 quam
585 1904 680 1931 raro
703 1907 747 1933 se
769 1895 1016 1951 corrigunt!
1037 1901 1042 1919 ¹
1079 1900 1238 1942 Nonne
1261 1902 1496 1956 Diabolus,

38 1965 135 1992 cum
157 1954 290 1996 semel
313 1956 356 1996 in
379 1957 409 1998 J
413 1958 544 2000 udam
568 1962 759 2013 intravit,
784 1966 847 2007 ita
877 1983 927 2009 eo
956 1985 1126 2027 semper
1156 1976 1324 2030 potitus
1346 1986 1423 2027 est,
1449 1988 1499 2021 ut

34 2021 160 2064 Deus
176 2040 399 2083 nunqnam
417 2033 605 2087 amplius
620 2035 738 2078 illius
754 2039 885 2082 fuerit
900 2044 1131 2086 misertus?
1166 2047 1340 2104 Repeto
1357 2052 1498 2108 igitur

34 2096 161 2138 valde
183 2099 512 2159 prudenterque
544 2109 862 2162 providendum
887 2130 993 2165 esse,
1017 2132 1068 2160 ne
1090 2119 1194 2162 dum
1217 2122 1312 2165 illos
1335 2140 1410 2166 nos
1432 2142 1497 2168 sa—

34 2183 135 2212 nare
149 2175 398 2228 quaerimus,
417 2178 496 2226 illi,
514 2196 681 2223 venena
696 2199 776 2226 sua
797 2190 1057 2245 spargendO,
1078 2193 1295 2251 integrum
1315 2214 1495 2256 gregem

32 2250 226 2287 nostrum
249 2261 543 2308 corrumpant,
568 2262 702 2311 atque
725 2261 961 2304 conficiant.
1023 2264 1110 2307 Vix
1133 2268 1218 2309 ista
1240 2276 1495 2326 protulerat,

33 2331 129 2358 cum
150 2318 434 2373 Mantuanus,
458 2326 546 2376 dat,
570 2330 724 2385 inquit,
749 2334 947 2389 Synodus
980 2339 1067 2380 illis
1098 2341 1225 2384 fidem
1260 2348 1495 2401 publicam,

33 2396 85 2431 ut
109 2393 334 2437 nobiscum
357 2397 411 2439 de
432 2401 566 2442 rebus
587 2404 677 2445 suis
709 2421 839 2462 agere
873 2412 1052 2464 possint,
1076 2428 1159 2455 non
1194 2423 1243 2457 ut
1277 2421 1495 2465 arbitratu

32 2475 111 2504 suo
130 2467 296 2519 possint
313 2469 356 2510 in
374 2471 534 2525 plateis
555 2477 807 2520 concionari.
872 2480 956 2522 Cui
980 2484 1010 2524 J
1015 2485 1399 2542 ustinopolitanus,
1417 2494 1495 2537 hoc

32 2533 175 2590 ipsum
196 2539 301 2582 mihi
323 2542 365 2583 in
388 2544 576 2588 formula
592 2548 812 2607 descripta
832 2552 980 2596 deesse
1000 2558 1258 2603 videbatur:
1291 2579 1494 2620 cuperem

33 2605 168 2663 igitur
206 2615 403 2668 apertius
444 2617 522 2660 hoc
564 2623 790 2677 explicari,
830 2635 879 2668 ut
915 2632 1052 2671 omnis
1095 2648 1272 2688 prorsus
1312 2640 1495 2683 tollatur

34 2684 209 2733 occasio,
231 2701 283 2728 ne
306 2687 372 2729 his
398 2706 475 2733 nos
508 2696 678 2737 artibus
701 2698 970 2751 adoriantur,
995 2712 1038 2746 ct
1060 2707 1199 2749 velint
1231 2711 1377 2765 palam
1411 2715 1494 2757 ista

35 2766 116 2795 sua
136 2758 255 2812 apud
278 2763 514 2817 populares
542 2769 740 2823 proferri.
805 2773 877 2814 Ad
899 2774 991 2818 haec
1014 2776 1494 2829 Mantuanus—existi-

613 2866 619 2882 ¹
649 2867 824 2908 Colligunt,
843 2871 912 2902 MS.

1235 2952 1262 2975 G
