1905 3254
371 295 455 337 368
997 309 1109 340 sess,
1136 308 1214 339 vn.

372 415 654 463 verebantur,
676 429 730 456 ne
752 413 945 470 Hispani
972 421 1015 456 et
1033 414 1155 456 Galli
1179 428 1252 455 eos
1272 413 1516 469 reJicerent.
1580 411 1669 452 Sed
1690 411 1831 454 adhuc

372 493 417 527 et
438 502 491 528 ex
512 487 668 528 nostris
689 487 890 527 nonnulli
912 487 1035 527 varia
1064 487 1138 533 eis,
1174 492 1218 527 et
1239 484 1346 526 adeo
1367 484 1631 540 scrupulose,
1655 485 1830 540 objicie-

371 559 490 608 bant,
521 566 572 599 ut
607 559 876 614 Seripandus
909 561 1069 615 magna
1102 557 1379 600 vehementia
1410 557 1624 598 nonnulla
1653 557 1832 613 replica-

372 632 496 680 verit,
511 631 725 687 inquiens,
747 632 893 672 omnia
913 631 1078 672 munda
1099 630 1274 671 mundis
1296 645 1400 679 esse,
1416 636 1459 671 et
1477 630 1689 684 Spiritum
1706 630 1834 671 Sanc-

372 709 467 744 tum
490 703 599 744 hanc
621 705 963 760 praerogativam
986 703 1190 749 noluisse,
1229 703 1335 758 quin
1368 706 1464 758 ejus
1496 702 1632 743 verba
1659 709 1835 758 possent

372 791 508 832 prave
530 777 792 833 detorqueri,
816 792 913 818 cum
946 776 1138 817 haeretici
1174 782 1310 816 totam
1348 776 1523 816 Sacram
1561 775 1834 830 Scripturam

372 849 675 904 proscindant:
707 850 877 890 nonita
910 849 1049 905 igitur
1083 848 1265 889 strictim
1298 854 1342 888 et
1380 854 1566 903 anguste
1588 846 1681 888 haec
1714 847 1834 888 inda-

375 922 534 978 ganda.
597 922 720 963 Idem
744 928 788 962 et
809 922 894 969 alii,
919 921 1081 977 Legati
1102 922 1362 975 praesertim,
1383 920 1501 975 quod
1534 934 1589 960 ex
1615 920 1699 961 fine
1736 920 1834 961 doc-

375 995 503 1036 trinae
527 995 791 1050 apparebat,
812 994 1013 1034 Canones
1033 1000 1243 1048 tanquam
1266 992 1474 1033 doctrinae
1498 992 1764 1047 appendices
1781 993 1837 1034 ad

375 1082 469 1109 eam
491 1082 668 1123 prorsus
687 1067 863 1108 referri:
897 1065 1084 1121 ideoque
1107 1064 1345 1105 secundum
1380 1064 1499 1105 illius
1520 1079 1693 1106 sensum
1729 1066 1834 1106 acci-

376 1140 569 1196 piendos.

433 1213 595 1269 Legati
625 1211 780 1252 deinde
813 1225 893 1267 per
915 1209 1178 1251 Auditorem
1208 1208 1302 1249 haec
1323 1208 1508 1263 perferri
1530 1207 1586 1248 ad
1606 1207 1837 1249 Lotharin-

377 1284 500 1340 gium
529 1284 702 1340 jubent,
726 1283 804 1339 qui
825 1282 905 1322 ubi
925 1281 1066 1322 multa
1089 1296 1114 1321 a
1136 1280 1275 1322 veteri
1296 1279 1491 1322 doctrina
1522 1281 1695 1321 diversa
1725 1295 1835 1321 com-

377 1355 506 1409 perit,
531 1361 625 1395 tum
648 1354 758 1394 nihil
780 1368 824 1394 se
847 1354 966 1401 certi,
989 1359 1223 1408 antequam
1258 1367 1353 1392 eam
1386 1367 1485 1393 cum
1516 1353 1719 1393 Praelatis
1750 1352 1839 1392 suis

377 1425 583 1474 conferat,
617 1431 809 1465 statuere
840 1439 965 1479 posse
995 1425 1253 1480 respondet3
1287 1439 1359 1465 eos
1391 1424 1505 1464 enim
1538 1425 1711 1466 omnino
1742 1425 1839 1473 niti,

378 1505 429 1540 ut
460 1498 632 1539 dicatur
662 1497 909 1553 Episcopos
946 1512 971 1537 a
1005 1497 1180 1537 Christo
1215 1498 1454 1545 institutos,
1489 1504 1533 1538 et
1565 1497 1839 1554 Presbyteris

378 1573 650 1626 superiores3
685 1585 819 1626 seque
846 1570 890 1610 in
912 1569 1005 1610 haec
1028 1570 1164 1610 verba
1184 1584 1356 1625 semper
1378 1585 1477 1610 cum
1498 1570 1684 1627 Legatis
1705 1571 1838 1612 fuisse

376 1645 585 1686 locutum.
1381 1639 1387 1658 ‘

436 1719 596 1759 Postea
621 1716 772 1757 eadem
805 1722 929 1757 nocte
961 1716 1139 1757 accersit
1160 1716 1441 1765 Auditorem,
1465 1724 1599 1773 atque
1633 1718 1672 1758 ei
1701 1717 1842 1758 multa

377 1791 595 1846 depromit
617 1805 717 1845 quae
741 1789 866 1829 illum
888 1789 930 1829 in
953 1789 1141 1829 formula
1167 1789 1246 1829 illa
1267 1789 1505 1837 offendunt,
1534 1797 1584 1831 ut
1607 1797 1840 1846 antequam

378 1879 477 1904 cum
501 1862 646 1903 Gallis
679 1868 813 1916 atque
848 1862 1062 1918 Hispanis
1092 1862 1186 1903 haec
1217 1869 1403 1904 tractare
1434 1863 1626 1919 incipiat,
1661 1863 1842 1919 Legatis

377 1935 485 1990 ipsis
507 1940 665 1974 cuncta
685 1933 970 1975 innotescant.
1016 1934 1129 1975 Haec
1150 1942 1286 1984 erant,
1304 1936 1459 1990 primo,
1480 1941 1530 1975 ut
1549 1950 1634 1976 non
1655 1935 1840 1984 dicatur,

379 2022 481 2048 vero
505 2006 671 2047 Christi
687 2006 874 2054 Vicario,
900 2006 976 2047 sed
999 2007 1214 2062 Supremo
1237 2007 1401 2048 Christi
1414 2007 1614 2058 Vicario;
1637 2008 1843 2063 quoniam

379 2085 423 2121 et
444 2080 658 2135 Episcopi
690 2087 733 2120 et
767 2079 1021 2121 Sacerdotes
1042 2088 1144 2121 sunt
1164 2080 1329 2121 Vicarii
1351 2079 1530 2121 Christi.
1555 2095 1588 2121 c.
1612 2081 1842 2121 mulierem

380 2153 448 2194 33.
473 2169 515 2208 q.
540 2169 603 2194 v.:
639 2154 693 2193 2⁰.
726 2160 776 2194 ut
798 2153 978 2194 tollatur
1000 2153 1118 2199 illud,
1142 2154 1386 2209 Episcopos
1409 2160 1584 2194 vocatos
1608 2169 1633 2194 a
1653 2154 1778 2210 Papa
1799 2155 1842 2194 in

380 2232 552 2281 partem
587 2224 888 2273 solicitudinis,
925 2226 980 2266 ob
1013 2227 1202 2267 rationes
1237 2226 1342 2266 alias
1374 2226 1533 2266 dictas:
1567 2227 1624 2266 3⁰.
1647 2234 1697 2268 ut
1726 2227 1842 2268 fune-

381 2297 519 2339 tiones
551 2297 873 2353 Episcoporum
905 2312 990 2338 non
1024 2299 1336 2353 exprimantur,
1370 2299 1454 2338 nisi
1496 2298 1695 2348 addatur,
1725 2298 1845 2355 quod

381 2377 566 2426 possunt
587 2384 739 2425 regere
762 2375 804 2409 et
825 2370 1213 2418 excommunicare,
1249 2369 1365 2426 quod
1396 2371 1589 2425 pertinet
1623 2371 1676 2411 ad
1703 2372 1843 2413 Juris-

382 2442 642 2483 dictionem:
675 2443 732 2481 40.
757 2448 807 2482 ut
828 2440 1013 2490 dicatur,
1042 2457 1113 2482 eos
1135 2443 1412 2498 Presbyteris
1443 2444 1701 2498 superiores,
1726 2443 1844 2499 quod

383 2523 449 2556 est
471 2514 762 2560 authoritatis,
784 2529 868 2554 non
892 2521 1039 2555 autem
1062 2516 1263 2570 majores.
1306 2515 1419 2555 Haec
1440 2516 1476 2555 si
1490 2522 1726 2562 mutentur,
1749 2522 1841 2556 tum

383 2603 559 2642 operam
582 2601 753 2627 omnem
777 2602 824 2627 ac
844 2587 1104 2628 industriam
1129 2587 1375 2642 pollicetur,
1399 2595 1450 2628 ut
1477 2587 1629 2628 eadem
1663 2588 1718 2628 ab
1748 2588 1844 2628 aliis

384 2662 721 2716 quibuscunque
742 2661 1022 2715 recipiantur.
1074 2659 1161 2699 Sed
1183 2675 1305 2700 sec-us
1327 2660 1482 2701 accidit
1494 2677 1505 2710 3
1527 2675 1626 2701 nam
1651 2661 1729 2701 ubi
1751 2660 1843 2702 haee

388 2734 507 2774 Galli
537 2733 807 2789 intelligunt,
838 2748 972 2774 novas
1006 2733 1091 2787 ipsi
1120 2748 1297 2788 quoque
1323 2734 1531 2789 ingerunt
1553 2733 1842 2780 difficultates,

386 2821 493 2861 quas
526 2806 842 2862 Letharingius
875 2805 929 2846 ad
961 2806 1153 2861 Legatos
1188 2806 1339 2847 defert.
1404 2806 1492 2847 Hae
1515 2813 1655 2854 erunt,
1687 2807 1842 2862 primo,

1897 139 1905 195 κιε-
1896 109 1898 111 ·
