1905 3254
357 315 436 355 188
991 328 1100 358 SEss.
1126 327 1184 358 vl.

355 453 465 493 quos
487 438 580 493 ipsc
613 436 883 491 Redemptor
904 441 1050 475 noster
1070 437 1144 474 sua
1166 433 1241 474 illa
1262 434 1304 474 in
1326 448 1448 474 cruce
1471 433 1690 474 oblatione
1712 449 1809 490 1)Γο-

355 509 525 549 meruit.
590 508 691 564 Ipse
723 521 924 562 namque,
963 512 1013 547 ut
1044 505 1212 546 Paulus
1250 507 1323 554 ait,
1358 505 1510 546 didicit
1539 520 1593 546 ex
1620 505 1688 546 his
1711 520 1809 561 quae

355 596 510 638 passus
532 588 597 622 est
618 580 927 628 obedientiam,
960 586 1002 621 et
1023 586 1359 628 consummatus,
1393 579 1532 620 factus
1561 579 1650 619 fuit
1680 579 1811 620 omni-

355 656 441 696 bus
475 655 882 710 obtemperantibus
922 654 1006 694 sibi
1044 668 1173 694 causa
1213 653 1369 694 salutis
1408 659 1591 694 aeternae.
1653 651 1812 708 Itaque

357 734 495 785 patet,
528 728 723 769 sacrificii
753 727 888 783 huJ'us
921 728 1104 782 perenni
1132 727 1364 775 oblatione,
1389 733 1432 767 et
1453 727 1692 767 maximum
1713 727 1812 767 Deo

356 802 494 843 tribui
530 801 753 848 honorem,
795 807 838 841 et
882 799 1046 840 Christi
1087 800 1268 855 ejusque
1309 798 1522 854 passionis
1559 796 1813 840 memoriam

357 876 614 918 conservari.
688 875 755 915 Ac
792 879 1026 929 propterca
1066 872 1194 913 fateri
1234 887 1599 928 unumquemque
1636 872 1812 921 debere,

356 949 435 990 hoc
465 949 560 1004 ipso
592 947 797 988 sacrificio
828 946 1060 987 oblationis
1080 945 1124 985 in
1145 961 1270 986 cruce
1293 952 1481 1001 peractae
1503 945 1710 1001 dignitati
1730 960 1816 986 non

356 1021 538 1063 detrahi.
601 1021 732 1069 Nam,
770 1018 1139 1075 quemadmodum
1183 1018 1371 1059 assiduae
1414 1025 1547 1074 atque
1584 1025 1813 1075 perpetuae

359 1095 523 1136 Christi
552 1109 715 1150 preces,
753 1109 861 1149 quas
893 1093 986 1149 ipse
1015 1093 1134 1148 apud
1162 1093 1337 1134 Patrem
1364 1108 1444 1149 pro
1476 1094 1601 1134 nobis
1626 1093 1672 1134 in
1693 1093 1816 1134 coelis

358 1168 594 1210 advocatus
616 1168 805 1208 existens
827 1167 1013 1208 fundare
1036 1167 1241 1216 creditur,
1272 1166 1381 1207 nihil
1403 1167 1717 1223 potentissimae
1750 1166 1815 1207 illi

360 1241 560 1283 Orationi
580 1241 829 1290 detrahunt,
864 1256 951 1297 qua
973 1241 1015 1281 in
1042 1256 1166 1281 cruce
1190 1256 1286 1281 cum
1307 1240 1511 1296 lacrymis
1536 1241 1713 1281 Patrem
1735 1255 1815 1295 pro

358 1315 483 1355 nobis
516 1315 668 1362 oravit,
701 1321 745 1356 et
779 1313 1015 1356 exauditus
1046 1321 1111 1354 est
1132 1329 1212 1369 pro
1235 1317 1326 1355 sua¹
1351 1314 1610 1361 reverentia,
1633 1314 1698 1355 ita
1718 1329 1815 1370 pro-

359 1387 470 1429 fecto
506 1387 795 1429 confitendum
828 1394 907 1435 est,
946 1388 1213 1428 Sacrificium
1247 1388 1396 1428 Missae
1434 1388 1658 1429 incruento
1689 1387 1816 1428 modo

359 1467 599 1517 peractum,
635 1461 678 1502 in
714 1477 802 1517 quo
837 1461 961 1503 Patri
998 1461 1199 1502 Christus
1230 1461 1372 1510 offert,
1401 1461 1512 1503 nihil
1545 1468 1725 1502 cruento
1750 1461 1816 1501 illi

363 1535 530 1583 Crucis,
555 1535 727 1576 tametsi
750 1534 1057 1584 efficacissimo,
1081 1534 1307 1591 derogare,
1332 1535 1410 1577 8εο.

970 1673 1085 1737 Cap.
1116 1677 1190 1720 3¹¹¹.

565 1757 639 1804 De
663 1757 896 1804 fructibus
922 1755 999 1803 51...
1026 1756 1341 1803 Eucharistiae
1368 1755 1613 1804 Sacrificii.

418 1872 507 1921 Qui
540 1878 689 1912 autem
723 1885 777 1911 ex
807 1871 992 1911 salutari
1013 1870 1092 1911 hoc
1114 1869 1263 1912 Missae
1287 1871 1493 1912 sacrificio
1515 1870 1682 1911 fructus
1703 1885 1815 1926 prae-

360 1946 534 1987 veniant
554 1945 597 1985 in
621 1960 705 1991 eos,
730 1945 805 2000 qui
828 1952 871 1985 et
893 1944 1005 1984 illud
1026 1944 1215 1985 offerunt
1237 1950 1280 1985 et
1308 1959 1388 1999 pro
1422 1944 1585 1999 quibus
1618 1943 1814 1990 offertur,

358 2018 457 2059 hinc
490 2019 615 2059 facilc
652 2024 795 2074 potest
830 2017 1032 2073 intelligi,
1067 2017 1185 2073 quod
1221 2017 1266 2057 in
1299 2032 1348 2057 eo
1383 2015 1587 2057 Christus
1623 2016 1814 2057 omnium

359 2092 600 2147 gratiarum
613 2091 814 2148 largitur,
829 2091 1022 2137 offertur,
1046 2097 1089 2131 et
1110 2089 1372 2131 immolatur.
1426 2089 1587 2139 Quare,
1601 2089 1637 2129 si
1658 2089 1818 2130 veteris

358 2166 469 2222 legis
494 2165 744 2206 hominibus
766 2165 973 2206 sacrificia
994 2179 1073 2205 sua
1100 2164 1176 2205 illa
1208 2165 1462 2219 proderunt,
1484 2170 1607 2205 tanto
1629 2164 1674 2204 id
1693 2163 1818 2204 nobis

357 2243 564 2294 majorem
579 2238 706 2279 affert
723 2239 977 2286 utilitatem,
993 2244 1159 2294 quanto
1173 2238 1260 2279 illis
1274 2238 1451 2294 dignius
1469 2244 1535 2279 est
1553 2244 1686 2293 atque
1703 2252 1815 2293 prae-

358 2312 557 2352 stantius.
620 2310 743 2352 Illud
777 2311 893 2353 enim
927 2310 1006 2352 hac
1043 2311 1264 2353 oblatione
1300 2311 1494 2367 primum
1533 2310 1728 2359 efficitur,
1766 2316 1816 2351 ut

359 2384 596 2426 Dominicae
631 2385 841 2440 passionis
877 2391 1009 2440 atque
1046 2386 1192 2426 nimiae
1225 2385 1343 2426 illius
1376 2385 1578 2432 caritatis,
1618 2398 1706 2440 qua
1740 2398 1818 2424 nos

358 2459 490 2515 Pater
510 2458 725 2500 AEternus
746 2458 913 2506 dilexit,
935 2459 1144 2500 memoria
1165 2458 1360 2515 quotidie
1381 2458 1621 2500 recolatur:
1645 2457 1815 2506 deinde,

359 2538 409 2572 ut
431 2532 475 2573 in
497 2532 717 2574 mentibus
738 2533 896 2573 nostris
916 2531 1094 2573 Divinae
1117 2532 1274 2588 gratiae
1302 2547 1463 2573 munus
1490 2537 1734 2587 augeatur3
1769 2545 1817 2572 ac

359 2604 561 2663 denique,
585 2614 636 2648 ut
657 2607 820 2648 futurae
843 2613 886 2647 et
908 2611 1081 2648 aeternae
1102 2605 1254 2662 gloriae
1277 2606 1440 2662 pignus
1459 2605 1584 2646 nobis
1606 2604 1816 2646 traditum

359 2693 450 2720 esse
485 2686 600 2721 certo
632 2679 869 2721 credamus.
934 2677 1052 2720 Hinc
1083 2679 1143 2727 fit,
1179 2693 1276 2719 cum
1309 2684 1472 2720 aeterno
1494 2678 1619 2719 Patri
1639 2676 1816 2718 unicum

363 2752 456 2807 ejus
487 2752 637 2799 filium,
670 2753 715 2793 in
750 2767 836 2807 quo
863 2752 973 2793 bene
996 2752 1079 2793 sibi
1100 2751 1184 2807 ipsi
1205 2751 1382 2807 pignus²
1400 2751 1712 2808 complacuisse
1733 2757 1814 2792 tes-

853 2875 859 2891 ¹
886 2872 954 2908 Sui,
975 2872 1044 2903 MS.
1277 2871 1289 2889 ²
1312 2871 1325 2902 2
