1905 3254
352 310 437 350 &24
907 370 910 373 ι
964 326 1077 356 sess.
1101 326 1192 355 vm.

357 432 581 487 superiori¹
598 432 688 472 loco
702 431 851 472 sedent
864 432 991 472 facile
1005 432 1171 472 maloru
1181 434 1237 471 m*
1250 430 1489 472 maledictis
1505 438 1604 472 sunt
1620 431 1806 481 obnoxii,

358 504 421 543 ita
454 503 510 543 et³
534 502 588 543 de
619 503 696 543 Sm⁰
722 503 816 543 Nro
837 503 989 543 multis
1017 503 1283 559 quandoque
1314 504 1525 559 suspicari
1554 504 1599 543 in
1621 510 1807 544 mentem

360 576 488 624 venit,
506 591 589 616 non
603 591 694 617 esse
708 576 748 617 ei
761 584 920 618 sanctae
938 577 1092 617 mentis
1109 577 1305 618 studium
1324 592 1419 616 cum
1439 578 1530 632 ejus
1548 575 1810 617 authoritate

359 649 542 704 aequale.
607 650 705 699 Qua
724 650 768 690 in
791 665 836 690 re
854 656 1067 704 quantum
1091 650 1263 705 decepti
1286 649 1383 697 sint,
1402 649 1526 690 facile
1550 649 1710 704 quivis,
1733 651 1810 704 qui

359 722 621 777 principium
644 722 775 778 hujus
800 722 963 777 Synodi
987 737 1034 763 ae
1054 737 1331 778 progressum
1357 723 1595 769 intueatur,
1613 721 1810 777 judicare

359 801 516 850 potest.
576 795 646 836 De
663 796 821 851 legatis
843 796 973 837 etiam
1007 795 1109 836 satis
1144 803 1322 843 constat,
1352 810 1405 836 ex
1441 795 1636 836 articulis
1663 795 1719 835 ab
1752 796 1812 835 eis

360 869 595 925 propositis
636 869 678 909 in
716 869 877 924 quibus
918 869 971 909 de
1013 884 1163 909 eorum
1199 868 1411 908 desiderio
1452 874 1495 908 et
1526 867 1689 922 judicio
1729 882 1812 907 non

359 956 589 997 possumus
621 941 838 988 dubitare,
872 942 975 982 licet
1008 948 1161 997 postea
1200 941 1339 981 multa
1374 941 1459 980 sint
1494 941 1736 985 immutata,
1772 947 1814 981 et

360 1014 527 1054 utinam
549 1028 634 1053 non
656 1014 699 1053 in
720 1013 913 1054 deterius
935 1029 1073 1060 versa,
1098 1014 1202 1054 satis
1223 1013 1393 1060 scimus,
1412 1012 1529 1068 quod
1546 1011 1600 1053 ad
1621 1012 1814 1069 Legatos

360 1087 529 1135 attinet,
564 1102 636 1127 eos
672 1102 843 1143 semper
876 1087 988 1127 bono
1020 1086 1164 1127 studio
1200 1087 1347 1134 fuisse,
1382 1093 1426 1126 et
1462 1086 1702 1140 praesertim
1736 1086 1814 1126 ubi

361 1162 539 1202 accessit
574 1161 696 1201 Ill¹¹ms
721 1160 875 1201 Cardlis
909 1160 1130 1200 Moronus.
1196 1160 1344 1209 Quare
1376 1165 1512 1199 restat
1547 1167 1732 1206 tantum,
1765 1166 1814 1200 ut

358 1250 437 1275 nos
457 1235 541 1290 ipsi
561 1235 715 1275 Patres
738 1240 781 1274 et
802 1240 1063 1290 praestemus
1084 1248 1181 1287 quae
1203 1232 1371 1280 decent,
1395 1240 1440 1273 et
1471 1248 1570 1289 quae
1603 1233 1658 1273 ab
1679 1232 1813 1273 officio

359 1314 505 1347 nostro
520 1308 619 1362 jure
641 1312 943 1361 expectantur.
1007 1305 1163 1345 Postea
1184 1304 1323 1344 multa
1344 1312 1387 1345 et
1409 1305 1619 1359 praeclara
1651 1304 1812 1349 retulit,

361 1395 460 1435 quae
482 1380 667 1435 ipsemet
689 1377 860 1419 audivit
882 1392 929 1417 ae
951 1377 1157 1417 tractavit
1177 1392 1272 1417 cum
1297 1378 1339 1417 S.
1365 1378 1440 1417 Bne
1462 1385 1506 1418 et
1523 1378 1576 1419 de
1611 1379 1689 1419 Sma
1720 1380 1813 1433 ejus

362 1458 519 1499 mente,
562 1450 625 1491 ut*
662 1450 738 1506 qui
768 1456 948 1505 paratus
988 1457 1064 1497 est,
1108 1450 1144 1489 si
1181 1450 1241 1490 ita
1277 1451 1494 1506 expediat,
1529 1451 1738 1507 proficisci
1771 1451 1815 1491 in

363 1522 642 1578 Hispaniam,
665 1522 709 1561 in
733 1521 939 1569 Galliam,
963 1528 1007 1562 et
1028 1521 1113 1562 alia
1135 1522 1366 1563 remotiora
1386 1523 1492 1570 loca,
1515 1523 1549 1563 si
1579 1537 1631 1563 ex
1654 1537 1700 1562 re
1723 1522 1815 1562 illo-

362 1611 457 1637 rum
480 1596 549 1643 sit,
575 1609 671 1635 cum
693 1595 834 1650 magis
856 1594 964 1635 nihil
993 1595 1144 1650 cupiat
1167 1611 1301 1651 quam
1323 1596 1532 1636 Ecclesiae
1563 1595 1748 1636 salutem
1771 1601 1813 1636 et

363 1675 662 1724 augmentum.
725 1667 800 1708 Ad
820 1667 913 1708 haec
934 1668 1018 1708 alia
1040 1668 1181 1708 multa
1204 1670 1437 1716 enarravit,
1473 1669 1603 1724 plena
1617 1668 1815 1708 maximis

361 1741 570 1782 laudibus
598 1741 850 1781 Sanctitatis
872 1756 976 1785 suae,
999 1740 1204 1788 subdens,
1228 1743 1262 1781 si
1295 1742 1393 1782 talis
1425 1743 1543 1783 visus
1572 1748 1636 1783 est
1657 1742 1744 1783 Rm⁰
1757 1741 1812 1782 D.

362 1813 634 1863 Bracarensi,
662 1813 738 1868 qui
770 1813 832 1853 ita
852 1813 944 1854 zelo
967 1812 1055 1852 Dni
1085 1813 1238 1862 fervet,
1263 1815 1354 1870 jam
1391 1813 1499 1869 quid
1532 1813 1637 1854 mihi
1669 1813 1814 1869 tepido

361 1887 501 1928 videri
532 1887 717 1927 debuit?
778 1885 907 1927 Unde
942 1885 995 1926 de
1031 1887 1226 1927 articulis
1261 1888 1494 1942 propositis
1529 1888 1651 1943 loqui
1684 1887 1815 1942 coepit

362 1966 494 2015 prout
515 1960 559 2000 in
581 1961 675 2016 ejus
697 1966 808 2000 voto.

760 2093 850 2139 Die
886 2096 939 2138 lO
967 2092 1251 2141 Novembris
1282 2098 1420 2142 1563.

421 2216 629 2256 Habetur
670 2217 952 2271 congregatio
994 2217 1176 2257 Patrum
1219 2232 1353 2272 super
1391 2217 1574 2258 decretis
1618 2218 1814 2258 omnibus

363 2288 505 2344 pridie
546 2294 647 2327 ante
686 2288 944 2335 Sessionem,
983 2295 1026 2328 et
1060 2289 1174 2328 lecta
1207 2289 1422 2344 imprimis
1453 2298 1554 2331 sunt
1587 2292 1730 2331 onmia
1761 2291 1813 2331 ad

362 2360 685 2402 matrimonium
726 2361 1017 2415 pertinentia3
1070 2362 1111 2401 in
1149 2362 1314 2416 quibus
1355 2363 1532 2404 fuerunt
1568 2364 1723 2405 Patres
1761 2363 1814 2406 47

367 2435 477 2490 [qui]
498 2434 872 2489 impugnaverunt
893 2433 1113 2474 decretum
1135 2433 1188 2474 de
1221 2435 1498 2477 clandestinis
1519 2437 1812 2483 matrimoniis,

362 2515 408 2548 et
430 2513 597 2562 septem
622 2507 816 2553 fuerunt,
840 2505 915 2560 qui
930 2505 1038 2546 nihil
1061 2507 1294 2548 voluerunt
1317 2509 1535 2563 proferre3
1559 2510 1635 2551 sed
1656 2512 1811 2566 rejece-

361 2589 465 2624 runt
487 2596 532 2622 se
553 2580 609 2621 ad
635 2580 750 2621 diem
785 2580 1003 2621 Sessionis.
1069 2581 1155 2630 Qui
1182 2588 1326 2622 autem
1359 2584 1717 2638 approbaverunt
1743 2583 1812 2624 de·

361 2661 524 2696 cretum
547 2653 726 2693 fuerunt
746 2651 838 2692 1⁶26.

422 2727 524 2767 Post
546 2725 636 2764 haee
666 2723 917 2765 Cardinalis
953 2725 1160 2766 Moronus
1192 2725 1316 2774 dixit,
1340 2727 1457 2781 quod
1487 2729 1689 2783 quamvis
1711 2728 1812 2769 alias

451 2845 457 2862 ¹
485 2843 639 2880 inferiori,
656 2844 728 2873 MS.
841 2844 854 2861 ²
878 2845 1055 2881 Mularum,
1075 2846 1145 2876 MS.
1255 2846 1268 2863 ⁸
1295 2848 1349 2886 Ut,
1368 2848 1440 2879 MS.
1547 2851 1560 2867 ⁴
1585 2850 1635 2885 Et,
1655 2851 1722 2880 MS.
