1905 3254
380 265 464 305 444
1010 293 1120 324 ssss.
1148 295 1227 326 vn.

380 385 616 430 declarare.
678 390 749 433 De
771 394 925 449 primo,
949 397 1089 440 simile
1111 399 1188 441 hoc
1218 401 1393 444 videtur
1415 405 1478 446 illi
1499 406 1841 465 interrogationi,

381 475 434 500 an
457 462 617 503 coelum
642 475 868 509 moveatur
902 470 957 510 ab
981 472 1144 514 oriente
1165 475 1209 514 in
1230 476 1506 525 occidentem,
1539 488 1615 522 aut
1636 497 1658 522 e
1682 490 1840 525 contra.

379 533 496 574 Nam
540 536 575 576 si
612 538 709 592 quis
749 540 1002 596 simpliciter
1045 547 1316 602 respondeat,
1358 552 1414 592 ab
1448 553 1624 603 oriente,
1656 554 1813 597 deinde
1831 566 1840 584 ¹

378 615 550 661 oportet
571 610 838 668 distinguere
872 631 925 656 an
958 624 1078 659 motu
1101 620 1231 673 primi
1252 623 1440 673 mobilis,
1471 640 1525 666 an
1546 627 1837 682 planetarum,

379 694 432 719 an
471 689 592 723 motu
627 686 944 740 trepidationis.
1008 690 1060 731 In
1096 693 1344 743 residentia,
1378 712 1547 753 nequeo
1581 701 1837 757 simpliciter
1897 726 1901 733 ·

372 756 647 809 respondere,
689 773 789 799 nam
826 761 1029 815 quaedam
1071 770 1136 805 est
1166 766 1289 807 Juris
1325 768 1474 819 divini,
1517 773 1719 827 quaedam
1751 790 1835 816 non

372 823 522 866 divini.
585 828 771 885 Triplex
805 831 1083 876 Residentia:
1125 837 1190 878 ΡΟ.
1225 843 1540 896 superstitiosa,
1575 852 1623 886 ut
1655 847 1833 902 quidam

372 899 614 953 scrupulosi
648 902 785 952 aiunt,
818 906 885 946 ita
915 913 964 948 ut
994 923 1071 949 nec
1105 913 1256 967 majori
1288 913 1500 957 charitate
1531 926 1727 974 urgente,
1754 936 1831 962 nec

370 985 424 1011 ex
448 987 579 1013 causa
600 975 876 1027 obedientiae,
900 988 978 1022 aut
998 985 1253 1026 necessitate
1275 986 1482 1030 Ecclesiae
1506 991 1642 1033 velint
1664 994 1830 1046 abesse,

370 1050 419 1084 ut
442 1045 575 1086 etiam
609 1048 899 1104 Segobiensis,
933 1061 976 1094 et
1010 1055 1254 1099 Cardinalis
1282 1061 1599 1119 Lotharingius
1631 1066 1827 1110 adverte-

368 1123 480 1158 runt.
543 1118 656 1160 Dico
699 1122 837 1178 igitur
877 1125 987 1168 hanc
1023 1144 1115 1171 esse
1151 1130 1275 1173 Juris
1316 1137 1618 1190 superstitiosi.
1689 1141 1730 1180 2²¹
1763 1148 1827 1183 est

366 1188 642 1246 hypocritica,
680 1197 758 1237 ubi
793 1199 893 1253 quis
932 1202 1093 1244 residet
1130 1211 1180 1245 ut
1216 1221 1395 1263 gregem
1429 1216 1598 1251 tantum
1632 1213 1824 1262 tondeat,

365 1264 577 1320 mulgeat,
621 1275 664 1308 et
703 1271 845 1312 omnia
887 1275 1078 1328 expilet3
1126 1284 1169 1319 ct
1209 1280 1293 1320 ista
1333 1288 1399 1322 est
1439 1283 1565 1324 Juris
1605 1278 1821 1329 diabolici.

365 1335 409 1375 3a
438 1338 627 1380 nascitur
649 1355 702 1381 ex
723 1357 768 1383 re
792 1343 901 1399 ipsa,
927 1348 1047 1401 quod
1067 1356 1144 1398 est,
1170 1366 1272 1393 vere
1296 1355 1339 1393 ct
1359 1354 1547 1397 fideliter
1568 1373 1756 1413 pascere,
1780 1368 1824 1402 et

364 1409 550 1451 exclusis
580 1412 786 1469 legitimis
818 1418 970 1467 causis,
1005 1427 1065 1469 ut,
1089 1424 1305 1478 exemplQ
1338 1427 1732 1481 praedicationibus,
1758 1448 1822 1473 sap

362 1485 603 1533 eramentis,
626 1487 799 1529 erudiat
816 1492 1055 1545 populum3
1089 1502 1131 1535 et
1152 1495 1263 1537 hanc
1285 1499 1319 1538 si
1341 1499 1525 1542 dicerem
1547 1518 1632 1545 non
1655 1520 1746 1547 esse
1767 1522 1820 1549 ex

361 1553 472 1596 Jure
507 1556 664 1607 divino,
702 1561 871 1603 viderer
905 1564 1010 1605 mihi
1048 1581 1204 1621 parum
1240 1571 1380 1612 fidelis
1411 1589 1528 1626 esse,
1573 1584 1704 1633 atque
1739 1579 1818 1621 hoc

360 1629 622 1670 vocabulum
644 1631 925 1686 Residentiae,
942 1638 1044 1681 licet
1061 1656 1144 1682 non
1161 1646 1408 1699 reperiatur
1428 1650 1471 1688 in
1493 1652 1620 1692 sacris
1640 1653 1815 1703 Literis,

357 1715 425 1741 res
443 1708 587 1744 tamen
609 1705 705 1760 ipsa
726 1709 829 1748 satis
845 1710 1077 1762 invenitur,
1097 1723 1228 1770 prout
1243 1719 1570 1776 Purgatorium,
1594 1724 1815 1769 Confessio

357 1774 646 1825 Auricularis,
689 1779 884 1823 Trinitas
924 1787 1316 1840 consubstantialis,
1361 1792 1509 1844 Missa,
1556 1803 1600 1837 et
1641 1799 1810 1841 similia.

357 1845 495 1887 Sicuti
535 1848 673 1904 igitur
704 1851 757 1892 de
801 1855 1036 1898 auriculari
1080 1862 1352 1912 confessione,
1393 1865 1435 1905 in
1475 1867 1625 1909 eodem
1665 1878 1813 1913 nostro

355 1920 530 1961 concilio
552 1930 728 1965 cautum
752 1933 816 1968 est
848 1943 939 1970 esse
963 1930 1015 1972 de
1033 1935 1134 1987 jure
1156 1934 1315 1985 divino,
1334 1952 1387 1978 ex
1408 1943 1647 1984 necessaria
1667 1959 1807 1987 conse-

353 1995 537 2048 quentia
556 2011 642 2038 non
672 1999 796 2041 video
833 2017 909 2043 cur
938 2019 1022 2045 non
1043 2006 1158 2048 idem
1182 2016 1225 2050 et
1246 2010 1288 2051 in
1315 2011 1568 2056 Residentia
1588 2017 1644 2058 sit
1665 2018 1806 2060 dicen-

351 2065 472 2109 dum.
535 2071 653 2112 Nam
687 2080 731 2114 et
764 2078 913 2130 praxis
945 2078 1169 2129 Ecclesiae,
1204 2082 1259 2123 ad
1294 2099 1424 2140 quam
1457 2102 1627 2144 semper
1657 2094 1804 2134 confu-

350 2140 559 2196 giendum
595 2152 675 2194 est,
712 2147 758 2188 id
791 2148 925 2197 docet,
964 2167 1063 2207 quae
1096 2168 1244 2196 recens
1278 2163 1532 2203 consecratis
1571 2163 1803 2223 Episcopis

346 2215 560 2271 praecipit,
580 2217 705 2259 Vade
727 2226 770 2260 et
796 2222 986 2276 praedica
1010 2226 1173 2281 populo
1192 2244 1202 2276 3
1235 2228 1374 2285 igitur
1394 2233 1476 2273 nisi
1495 2234 1696 2292 legitime
1719 2239 1799 2279 im—

347 2285 525 2340 peditus
557 2289 625 2337 sit,
659 2291 811 2346 utique
837 2294 938 2348 jure
972 2295 1119 2338 divino
1154 2305 1342 2343 tenetur.
1404 2305 1448 2344 2ἔὶ
1462 2310 1714 2362 propositio,
1747 2327 1800 2352 an

343 2356 471 2400 hodie
501 2362 706 2417 expediat
727 2364 948 2413 declarari,
978 2368 1161 2411 dubium
1198 2373 1323 2425 facit3
1357 2376 1421 2418 ΡΟ.
1445 2380 1551 2434 quia
1586 2388 1651 2423 tot
1681 2385 1800 2426 annis

346 2432 456 2473 1562
477 2433 587 2474 nihil
608 2451 802 2492 unquam
825 2439 913 2481 tale
945 2448 1186 2495 statutum3
1220 2447 1274 2487 2⁰.
1299 2449 1403 2503 quia
1436 2451 1581 2494 aditus
1600 2457 1797 2511 aperitur

342 2502 578 2548 Haereticis
599 2507 653 2549 ad
675 2512 977 2568 oppugnanda
997 2514 1170 2557 decreta
1192 2518 1398 2563 Ecclesiae
1414 2541 1426 2574 3
1460 2525 1514 2566 3⁰.
1539 2528 1643 2582 quia
1669 2529 1792 2571 dimi-

340 2577 493 2618 nuitur
510 2579 594 2620 Jus
611 2580 761 2637 Papae,
780 2598 833 2624 ne
858 2586 994 2640 possit
1017 2587 1267 2644 dispensare
1289 2607 1421 2648 super
1437 2595 1712 2649 Residentia3
1733 2602 1790 2641 4⁰.

338 2664 421 2690 non
443 2658 617 2694 tenetur
638 2656 863 2698 concilium
882 2657 1102 2702 declarare
1119 2678 1264 2705 omnes
1283 2667 1499 2718 veritates,
1523 2671 1598 2712 sed
1615 2680 1788 2715 tantum

339 2736 436 2776 quac
458 2730 744 2768 controversae
777 2735 878 2770 sunt
914 2731 1026 2772 inter
1058 2732 1326 2788 Haereticos3
1365 2740 1417 2780 5’.
1440 2742 1542 2796 quia
1572 2743 1603 2785 J
1608 2760 1656 2785 us
1678 2745 1786 2788 divi,-

939 2819 947 2837 1
978 2821 1084 2860 Unde,
1102 2823 1173 2852 MS.
