<?xml version="1.0" encoding="UTF-8"?>
<!DOCTYPE html PUBLIC "-//W3C//DTD XHTML 1.0 Transitional//EN"
    "http://www.w3.org/TR/xhtml1/DTD/xhtml1-transitional.dtd">
<html xmlns="http://www.w3.org/1999/xhtml" xml:lang="en" lang="en">
 <head>
  <title>
</title>
<meta http-equiv="Content-Type" content="text/html;charset=utf-8" />
  <meta name='ocr-system' content='tesseract 3.04.00' />
  <meta name='ocr-capabilities' content='ocr_page ocr_carea ocr_par ocr_line ocrx_word'/>
</head>
<body>
  <div class='ocr_page' id='page_1' title='image "actaconciliitrid00paleuoft_0182.png"; bbox 0 0 1905 3254; ppageno 0'>
   <div class='ocr_carea' id='block_1_1' title="bbox 376 254 1201 297">
    <p class='ocr_par' dir='ltr' id='par_1_1' title="bbox 376 254 1201 297">
     <span class='ocr_line' id='line_1_1' title="bbox 376 254 1201 297; baseline 0.002 -4"><span class='ocrx_word' id='word_1_1' title='bbox 376 254 454 293; x_wconf 79' lang='lat'>114</span> <span class='ocrx_word' id='word_1_2' title='bbox 1001 267 1111 297; x_wconf 62' lang='lat' dir='ltr'>sess.</span> <span class='ocrx_word' id='word_1_3' title='bbox 1139 268 1201 296; x_wconf 86' lang='lat'>111.</span> 
     </span>
    </p>
   </div>
   <div class='ocr_carea' id='block_1_2' title="bbox 361 370 1827 2396">
    <p class='ocr_par' dir='ltr' id='par_1_2' title="bbox 361 370 1827 2396">
     <span class='ocr_line' id='line_1_2' title="bbox 375 370 1827 427; baseline -0.002 -12"><span class='ocrx_word' id='word_1_4' title='bbox 375 376 493 416; x_wconf 88' lang='lat' dir='ltr'>bata.</span> <span class='ocrx_word' id='word_1_5' title='bbox 557 374 673 414; x_wconf 87' lang='lat' dir='ltr'>Nam</span> <span class='ocrx_word' id='word_1_6' title='bbox 697 388 792 413; x_wconf 81' lang='lat' dir='ltr'>eum</span> <span class='ocrx_word' id='word_1_7' title='bbox 816 372 1095 413; x_wconf 83' lang='lat' dir='ltr'>Madruccius</span> <span class='ocrx_word' id='word_1_8' title='bbox 1123 373 1291 427; x_wconf 88' lang='lat' dir='ltr'>primus</span> <span class='ocrx_word' id='word_1_9' title='bbox 1325 371 1380 412; x_wconf 89' lang='lat' dir='ltr'>ad</span> <span class='ocrx_word' id='word_1_10' title='bbox 1411 373 1598 427; x_wconf 83' lang='lat' dir='ltr'>priorem</span> <span class='ocrx_word' id='word_1_11' title='bbox 1620 371 1726 412; x_wconf 86' lang='lat' dir='ltr'>alias</span> <span class='ocrx_word' id='word_1_12' title='bbox 1746 370 1827 412; x_wconf 88' lang='lat' dir='ltr'>hac</span> 
     </span>
     <span class='ocr_line' id='line_1_3' title="bbox 374 444 1826 499; baseline -0.003 -11"><span class='ocrx_word' id='word_1_13' title='bbox 374 448 427 488; x_wconf 90' lang='lat' dir='ltr'>de</span> <span class='ocrx_word' id='word_1_14' title='bbox 458 463 503 488; x_wconf 91' lang='lat' dir='ltr'>re</span> <span class='ocrx_word' id='word_1_15' title='bbox 535 447 791 488; x_wconf 77' lang='lat' dir='ltr'>sententiam</span> <span class='ocrx_word' id='word_1_16' title='bbox 819 446 874 486; x_wconf 84' lang='lat' dir='ltr'>ab</span> <span class='ocrx_word' id='word_1_17' title='bbox 897 461 946 486; x_wconf 92' lang='lat' dir='ltr'>eo</span> <span class='ocrx_word' id='word_1_18' title='bbox 968 445 1126 486; x_wconf 82' lang='lat' dir='ltr'>dictam</span> <span class='ocrx_word' id='word_1_19' title='bbox 1161 460 1205 486; x_wconf 90' lang='lat' dir='ltr'>se</span> <span class='ocrx_word' id='word_1_20' title='bbox 1239 445 1471 492; x_wconf 75' lang='lat' dir='ltr'>retulisset,</span> <span class='ocrx_word' id='word_1_21' title='bbox 1504 444 1690 499; x_wconf 85' lang='lat' dir='ltr'>hincque</span> <span class='ocrx_word' id='word_1_22' title='bbox 1725 459 1826 485; x_wconf 88' lang='lat' dir='ltr'>non-</span> 
     </span>
     <span class='ocr_line' id='line_1_4' title="bbox 374 516 1826 575; baseline -0.003 -14"><span class='ocrx_word' id='word_1_23' title='bbox 374 521 494 568; x_wconf 85' lang='lat' dir='ltr'>nulli,</span> <span class='ocrx_word' id='word_1_24' title='bbox 517 535 565 560; x_wconf 86' lang='lat' dir='ltr'>ac</span> <span class='ocrx_word' id='word_1_25' title='bbox 588 519 806 575; x_wconf 77' lang='lat' dir='ltr'>praecipue</span> <span class='ocrx_word' id='word_1_26' title='bbox 831 517 1078 564; x_wconf 87' lang='lat' dir='ltr'>Ilerdensis,</span> <span class='ocrx_word' id='word_1_27' title='bbox 1099 519 1326 565; x_wconf 78' lang='lat' dir='ltr'>instarent,</span> <span class='ocrx_word' id='word_1_28' title='bbox 1349 517 1529 557; x_wconf 89' lang='lat' dir='ltr'>strictim</span> <span class='ocrx_word' id='word_1_29' title='bbox 1553 516 1608 556; x_wconf 86' lang='lat' dir='ltr'>ad</span> <span class='ocrx_word' id='word_1_30' title='bbox 1642 531 1694 556; x_wconf 85' lang='lat' dir='ltr'>ea</span> <span class='ocrx_word' id='word_1_31' title='bbox 1725 531 1826 571; x_wconf 86' lang='lat' dir='ltr'>quae</span> 
     </span>
     <span class='ocr_line' id='line_1_5' title="bbox 372 589 1826 649; baseline -0.004 -15"><span class='ocrx_word' id='word_1_32' title='bbox 372 594 699 649; x_wconf 80' lang='lat' dir='ltr'>interrogantur</span> <span class='ocrx_word' id='word_1_33' title='bbox 731 607 844 632; x_wconf 90' lang='lat' dir='ltr'>nunc</span> <span class='ocrx_word' id='word_1_34' title='bbox 879 606 970 632; x_wconf 86' lang='lat' dir='ltr'>esse</span> <span class='ocrx_word' id='word_1_35' title='bbox 1002 589 1368 646; x_wconf 83' lang='lat' dir='ltr'>respondendum,</span> <span class='ocrx_word' id='word_1_36' title='bbox 1400 589 1693 634; x_wconf 86' lang='lat' dir='ltr'>Madruceius,</span> <span class='ocrx_word' id='word_1_37' title='bbox 1731 603 1826 628; x_wconf 90' lang='lat' dir='ltr'>con-</span> 
     </span>
     <span class='ocr_line' id='line_1_6' title="bbox 373 661 1826 720; baseline -0.005 -13"><span class='ocrx_word' id='word_1_38' title='bbox 373 673 538 707; x_wconf 82' lang='lat' dir='ltr'>stanter</span> <span class='ocrx_word' id='word_1_39' title='bbox 571 666 614 705; x_wconf 90' lang='lat' dir='ltr'>in</span> <span class='ocrx_word' id='word_1_40' title='bbox 650 680 700 705; x_wconf 91' lang='lat' dir='ltr'>eo</span> <span class='ocrx_word' id='word_1_41' title='bbox 732 678 1031 720; x_wconf 88' lang='lat' dir='ltr'>perseverans,</span> <span class='ocrx_word' id='word_1_42' title='bbox 1056 663 1152 703; x_wconf 89' lang='lat' dir='ltr'>aliis</span> <span class='ocrx_word' id='word_1_43' title='bbox 1173 662 1463 718; x_wconf 85' lang='lat' dir='ltr'>respondendi</span> <span class='ocrx_word' id='word_1_44' title='bbox 1490 661 1700 702; x_wconf 89' lang='lat' dir='ltr'>rationem</span> <span class='ocrx_word' id='word_1_45' title='bbox 1728 675 1826 715; x_wconf 89' lang='lat' dir='ltr'>ape-</span> 
     </span>
     <span class='ocr_line' id='line_1_7' title="bbox 371 734 1824 793; baseline -0.004 -14"><span class='ocrx_word' id='word_1_46' title='bbox 371 739 472 786; x_wconf 77' lang='lat' dir='ltr'>ruit,</span> <span class='ocrx_word' id='word_1_47' title='bbox 496 739 573 793; x_wconf 90' lang='lat' dir='ltr'>qui</span> <span class='ocrx_word' id='word_1_48' title='bbox 602 737 822 792; x_wconf 86' lang='lat' dir='ltr'>prioribus</span> <span class='ocrx_word' id='word_1_49' title='bbox 854 735 1059 776; x_wconf 88' lang='lat' dir='ltr'>standum</span> <span class='ocrx_word' id='word_1_50' title='bbox 1093 750 1185 775; x_wconf 81' lang='lat' dir='ltr'>esse</span> <span class='ocrx_word' id='word_1_51' title='bbox 1220 734 1454 789; x_wconf 78' lang='lat' dir='ltr'>suffragiis,</span> <span class='ocrx_word' id='word_1_52' title='bbox 1477 748 1622 788; x_wconf 91' lang='lat' dir='ltr'>neque</span> <span class='ocrx_word' id='word_1_53' title='bbox 1655 734 1824 789; x_wconf 83' lang='lat' dir='ltr'>quaeri¹</span> 
     </span>
     <span class='ocr_line' id='line_1_8' title="bbox 371 807 1826 865; baseline -0.003 -13"><span class='ocrx_word' id='word_1_54' title='bbox 371 812 691 852; x_wconf 83' lang='lat' dir='ltr'>innovationem</span> <span class='ocrx_word' id='word_1_55' title='bbox 716 815 883 865; x_wconf 81' lang='lat' dir='ltr'>postea,</span> <span class='ocrx_word' id='word_1_56' title='bbox 905 809 1182 848; x_wconf 79' lang='lat' dir='ltr'>affirmarent.</span> <span class='ocrx_word' id='word_1_57' title='bbox 1247 808 1435 857; x_wconf 78' lang='lat' dir='ltr'>Quibus,</span> <span class='ocrx_word' id='word_1_58' title='bbox 1459 822 1555 847; x_wconf 89' lang='lat' dir='ltr'>cum</span> <span class='ocrx_word' id='word_1_59' title='bbox 1579 807 1652 847; x_wconf 91' lang='lat' dir='ltr'>alii</span> <span class='ocrx_word' id='word_1_60' title='bbox 1674 822 1826 848; x_wconf 87' lang='lat' dir='ltr'>renue-</span> 
     </span>
     <span class='ocr_line' id='line_1_9' title="bbox 371 879 1824 934; baseline -0.004 -9"><span class='ocrx_word' id='word_1_61' title='bbox 371 892 478 931; x_wconf 86' lang='lat' dir='ltr'>rent,</span> <span class='ocrx_word' id='word_1_62' title='bbox 494 884 657 924; x_wconf 87' lang='lat' dir='ltr'>factum</span> <span class='ocrx_word' id='word_1_63' title='bbox 680 888 757 928; x_wconf 89' lang='lat' dir='ltr'>est,</span> <span class='ocrx_word' id='word_1_64' title='bbox 776 887 824 921; x_wconf 94' lang='lat' dir='ltr'>ut</span> <span class='ocrx_word' id='word_1_65' title='bbox 847 879 1127 921; x_wconf 72' lang='lat' dir='ltr'>vehementer</span> <span class='ocrx_word' id='word_1_66' title='bbox 1149 880 1343 919; x_wconf 90' lang='lat' dir='ltr'>omnium</span> <span class='ocrx_word' id='word_1_67' title='bbox 1362 880 1506 927; x_wconf 86' lang='lat' dir='ltr'>animi,</span> <span class='ocrx_word' id='word_1_68' title='bbox 1522 879 1672 919; x_wconf 84' lang='lat' dir='ltr'>incerti</span> <span class='ocrx_word' id='word_1_69' title='bbox 1695 894 1824 934; x_wconf 89' lang='lat' dir='ltr'>quem</span> 
     </span>
     <span class='ocr_line' id='line_1_10' title="bbox 371 949 1826 1005; baseline -0.003 -11"><span class='ocrx_word' id='word_1_70' title='bbox 371 955 536 994; x_wconf 87' lang='lat' dir='ltr'>exitum</span> <span class='ocrx_word' id='word_1_71' title='bbox 568 953 652 993; x_wconf 85' lang='lat' dir='ltr'>ista</span> <span class='ocrx_word' id='word_1_72' title='bbox 684 958 825 992; x_wconf 87' lang='lat' dir='ltr'>essent</span> <span class='ocrx_word' id='word_1_73' title='bbox 854 951 1075 997; x_wconf 83' lang='lat' dir='ltr'>habitura,</span> <span class='ocrx_word' id='word_1_74' title='bbox 1098 950 1289 1005; x_wconf 80' lang='lat' dir='ltr'>perculsi</span> <span class='ocrx_word' id='word_1_75' title='bbox 1317 950 1494 990; x_wconf 85' lang='lat' dir='ltr'>fuerint.</span> <span class='ocrx_word' id='word_1_76' title='bbox 1558 949 1641 996; x_wconf 87' lang='lat' dir='ltr'>Illi,</span> <span class='ocrx_word' id='word_1_77' title='bbox 1665 950 1826 1005; x_wconf 88' lang='lat' dir='ltr'>quibus</span> 
     </span>
     <span class='ocr_line' id='line_1_11' title="bbox 370 1022 1825 1081; baseline -0.001 -15"><span class='ocrx_word' id='word_1_78' title='bbox 370 1042 453 1066; x_wconf 89' lang='lat' dir='ltr'>non</span> <span class='ocrx_word' id='word_1_79' title='bbox 477 1026 681 1081; x_wconf 80' lang='lat' dir='ltr'>placebat</span> <span class='ocrx_word' id='word_1_80' title='bbox 703 1023 914 1064; x_wconf 83' lang='lat' dir='ltr'>declarari</span> <span class='ocrx_word' id='word_1_81' title='bbox 937 1023 1215 1064; x_wconf 83' lang='lat' dir='ltr'>residentiam</span> <span class='ocrx_word' id='word_1_82' title='bbox 1241 1038 1332 1063; x_wconf 87' lang='lat' dir='ltr'>esse</span> <span class='ocrx_word' id='word_1_83' title='bbox 1353 1023 1465 1079; x_wconf 83' lang='lat' dir='ltr'>juris</span> <span class='ocrx_word' id='word_1_84' title='bbox 1487 1022 1635 1071; x_wconf 86' lang='lat' dir='ltr'>divini,</span> <span class='ocrx_word' id='word_1_85' title='bbox 1660 1022 1825 1064; x_wconf 85' lang='lat' dir='ltr'>detrae-</span> 
     </span>
     <span class='ocr_line' id='line_1_12' title="bbox 370 1096 1826 1153; baseline -0.002 -13"><span class='ocrx_word' id='word_1_86' title='bbox 370 1100 524 1140; x_wconf 84' lang='lat' dir='ltr'>tabant</span> <span class='ocrx_word' id='word_1_87' title='bbox 549 1099 718 1145; x_wconf 85' lang='lat' dir='ltr'>acriter,</span> <span class='ocrx_word' id='word_1_88' title='bbox 742 1112 794 1138; x_wconf 88' lang='lat' dir='ltr'>ne</span> <span class='ocrx_word' id='word_1_89' title='bbox 830 1112 854 1137; x_wconf 88' lang='lat' dir='ltr'>a</span> <span class='ocrx_word' id='word_1_90' title='bbox 887 1097 1044 1152; x_wconf 83' lang='lat' dir='ltr'>legatis</span> <span class='ocrx_word' id='word_1_91' title='bbox 1078 1096 1171 1137; x_wconf 64' lang='lat' dir='ltr'>haec</span> <span class='ocrx_word' id='word_1_92' title='bbox 1200 1097 1424 1152; x_wconf 86' lang='lat' dir='ltr'>proposita</span> <span class='ocrx_word' id='word_1_93' title='bbox 1445 1097 1628 1152; x_wconf 79' lang='lat' dir='ltr'>quaestio</span> <span class='ocrx_word' id='word_1_94' title='bbox 1649 1112 1826 1153; x_wconf 79' lang='lat' dir='ltr'>progre-</span> 
     </span>
     <span class='ocr_line' id='line_1_13' title="bbox 369 1169 1826 1225; baseline -0.001 -13"><span class='ocrx_word' id='word_1_95' title='bbox 369 1172 560 1219; x_wconf 82' lang='lat' dir='ltr'>deretur,</span> <span class='ocrx_word' id='word_1_96' title='bbox 584 1178 640 1219; x_wconf 87' lang='lat' dir='ltr'>et,</span> <span class='ocrx_word' id='word_1_97' title='bbox 663 1171 826 1225; x_wconf 89' lang='lat' dir='ltr'>quibus</span> <span class='ocrx_word' id='word_1_98' title='bbox 848 1176 1053 1225; x_wconf 86' lang='lat' dir='ltr'>poterant</span> <span class='ocrx_word' id='word_1_99' title='bbox 1085 1170 1328 1210; x_wconf 87' lang='lat' dir='ltr'>rationibus</span> <span class='ocrx_word' id='word_1_100' title='bbox 1352 1170 1588 1210; x_wconf 84' lang='lat' dir='ltr'>obstabant</span> <span class='ocrx_word' id='word_1_101' title='bbox 1609 1169 1749 1217; x_wconf 82' lang='lat' dir='ltr'>valde,</span> <span class='ocrx_word' id='word_1_102' title='bbox 1772 1184 1826 1210; x_wconf 89' lang='lat' dir='ltr'>ne</span> 
     </span>
     <span class='ocr_line' id='line_1_14' title="bbox 369 1242 1826 1300; baseline -0.001 -16"><span class='ocrx_word' id='word_1_103' title='bbox 369 1244 476 1300; x_wconf 81' lang='lat' dir='ltr'>quid</span> <span class='ocrx_word' id='word_1_104' title='bbox 497 1259 547 1284; x_wconf 90' lang='lat' dir='ltr'>eo</span> <span class='ocrx_word' id='word_1_105' title='bbox 569 1243 638 1284; x_wconf 87' lang='lat' dir='ltr'>die</span> <span class='ocrx_word' id='word_1_106' title='bbox 660 1250 940 1291; x_wconf 83' lang='lat' dir='ltr'>statueretur,</span> <span class='ocrx_word' id='word_1_107' title='bbox 964 1257 1103 1297; x_wconf 85' lang='lat' dir='ltr'>usque</span> <span class='ocrx_word' id='word_1_108' title='bbox 1126 1242 1232 1284; x_wconf 88' lang='lat' dir='ltr'>adeo</span> <span class='ocrx_word' id='word_1_109' title='bbox 1254 1250 1304 1283; x_wconf 91' lang='lat' dir='ltr'>ut</span> <span class='ocrx_word' id='word_1_110' title='bbox 1327 1242 1530 1291; x_wconf 85' lang='lat' dir='ltr'>(licerent,</span> <span class='ocrx_word' id='word_1_111' title='bbox 1553 1243 1714 1283; x_wconf 84' lang='lat' dir='ltr'>liberas</span> <span class='ocrx_word' id='word_1_112' title='bbox 1740 1257 1826 1283; x_wconf 91' lang='lat' dir='ltr'>non</span> 
     </span>
     <span class='ocr_line' id='line_1_15' title="bbox 369 1315 1826 1371; baseline -0.001 -14"><span class='ocrx_word' id='word_1_113' title='bbox 369 1332 461 1358; x_wconf 83' lang='lat' dir='ltr'>esse</span> <span class='ocrx_word' id='word_1_114' title='bbox 495 1332 547 1357; x_wconf 80' lang='lat' dir='ltr'>ex</span> <span class='ocrx_word' id='word_1_115' title='bbox 580 1316 757 1371; x_wconf 78' lang='lat' dir='ltr'>legibus</span> <span class='ocrx_word' id='word_1_116' title='bbox 791 1315 975 1355; x_wconf 90' lang='lat' dir='ltr'>Concilii</span> <span class='ocrx_word' id='word_1_117' title='bbox 1007 1315 1254 1361; x_wconf 82' lang='lat' dir='ltr'>sententias,</span> <span class='ocrx_word' id='word_1_118' title='bbox 1279 1331 1376 1356; x_wconf 88' lang='lat' dir='ltr'>cum</span> <span class='ocrx_word' id='word_1_119' title='bbox 1412 1316 1467 1356; x_wconf 88' lang='lat' dir='ltr'>ad</span> <span class='ocrx_word' id='word_1_120' title='bbox 1500 1315 1547 1357; x_wconf 86' lang='lat' dir='ltr'>id</span> <span class='ocrx_word' id='word_1_121' title='bbox 1581 1316 1826 1370; x_wconf 87' lang='lat' dir='ltr'>complures</span> 
     </span>
     <span class='ocr_line' id='line_1_16' title="bbox 368 1387 1827 1444; baseline -0.001 -14"><span class='ocrx_word' id='word_1_122' title='bbox 368 1390 530 1430; x_wconf 85' lang='lat' dir='ltr'>fuerint</span> <span class='ocrx_word' id='word_1_123' title='bbox 563 1388 825 1444; x_wconf 87' lang='lat' dir='ltr'>prehensati.</span> <span class='ocrx_word' id='word_1_124' title='bbox 889 1388 1070 1442; x_wconf 87' lang='lat' dir='ltr'>Reliqui</span> <span class='ocrx_word' id='word_1_125' title='bbox 1102 1395 1249 1428; x_wconf 84' lang='lat' dir='ltr'>contra</span> <span class='ocrx_word' id='word_1_126' title='bbox 1281 1403 1439 1443; x_wconf 80' lang='lat' dir='ltr'>urgere</span> <span class='ocrx_word' id='word_1_127' title='bbox 1461 1387 1754 1435; x_wconf 84' lang='lat' dir='ltr'>vehementer,</span> <span class='ocrx_word' id='word_1_128' title='bbox 1777 1394 1827 1428; x_wconf 92' lang='lat' dir='ltr'>ut</span> 
     </span>
     <span class='ocr_line' id='line_1_17' title="bbox 366 1459 1827 1517; baseline -0.001 -15"><span class='ocrx_word' id='word_1_129' title='bbox 366 1461 529 1517; x_wconf 84' lang='lat' dir='ltr'>singuli</span> <span class='ocrx_word' id='word_1_130' title='bbox 550 1460 854 1516; x_wconf 84' lang='lat' dir='ltr'>respondeant,</span> <span class='ocrx_word' id='word_1_131' title='bbox 876 1459 1155 1514; x_wconf 83' lang='lat' dir='ltr'>probentque</span> <span class='ocrx_word' id='word_1_132' title='bbox 1176 1459 1421 1514; x_wconf 84' lang='lat' dir='ltr'>legatorum</span> <span class='ocrx_word' id='word_1_133' title='bbox 1446 1460 1686 1500; x_wconf 86' lang='lat' dir='ltr'>consilium.</span> <span class='ocrx_word' id='word_1_134' title='bbox 1734 1459 1827 1500; x_wconf 91' lang='lat' dir='ltr'>Ubi</span> 
     </span>
     <span class='ocr_line' id='line_1_18' title="bbox 366 1532 1824 1589; baseline -0.001 -14"><span class='ocrx_word' id='word_1_135' title='bbox 366 1534 574 1589; x_wconf 87' lang='lat' dir='ltr'>temporis</span> <span class='ocrx_word' id='word_1_136' title='bbox 596 1534 786 1573; x_wconf 88' lang='lat' dir='ltr'>multum</span> <span class='ocrx_word' id='word_1_137' title='bbox 809 1532 887 1572; x_wconf 86' lang='lat' dir='ltr'>hac</span> <span class='ocrx_word' id='word_1_138' title='bbox 909 1533 1158 1572; x_wconf 84' lang='lat' dir='ltr'>confusione</span> <span class='ocrx_word' id='word_1_139' title='bbox 1181 1532 1491 1588; x_wconf 80' lang='lat' dir='ltr'>suffragiorum</span> <span class='ocrx_word' id='word_1_140' title='bbox 1517 1538 1824 1588; x_wconf 87' lang='lat' dir='ltr'>consumptum</span> 
     </span>
     <span class='ocr_line' id='line_1_19' title="bbox 367 1605 1824 1662; baseline -0.001 -14"><span class='ocrx_word' id='word_1_141' title='bbox 367 1615 444 1654; x_wconf 90' lang='lat' dir='ltr'>est,</span> <span class='ocrx_word' id='word_1_142' title='bbox 477 1622 553 1648; x_wconf 86' lang='lat' dir='ltr'>nec</span> <span class='ocrx_word' id='word_1_143' title='bbox 587 1608 818 1662; x_wconf 83' lang='lat' dir='ltr'>quisquam</span> <span class='ocrx_word' id='word_1_144' title='bbox 855 1606 947 1645; x_wconf 85' lang='lat' dir='ltr'>loco</span> <span class='ocrx_word' id='word_1_145' title='bbox 983 1620 1059 1645; x_wconf 91' lang='lat' dir='ltr'>suo</span> <span class='ocrx_word' id='word_1_146' title='bbox 1092 1605 1300 1646; x_wconf 68' lang='lat' dir='ltr'>ordinere</span> <span class='ocrx_word' id='word_1_147' title='bbox 1322 1605 1438 1653; x_wconf 84' lang='lat' dir='ltr'>dicit,</span> <span class='ocrx_word' id='word_1_148' title='bbox 1463 1605 1640 1646; x_wconf 89' lang='lat' dir='ltr'>tandem</span> <span class='ocrx_word' id='word_1_149' title='bbox 1674 1606 1824 1661; x_wconf 84' lang='lat' dir='ltr'>legati,</span> 
     </span>
     <span class='ocr_line' id='line_1_20' title="bbox 365 1678 1823 1734; baseline -0.001 -12"><span class='ocrx_word' id='word_1_150' title='bbox 365 1680 609 1722; x_wconf 81' lang='lat' dir='ltr'>scrutandae</span> <span class='ocrx_word' id='word_1_151' title='bbox 638 1680 702 1720; x_wconf 91' lang='lat' dir='ltr'>rei</span> <span class='ocrx_word' id='word_1_152' title='bbox 733 1680 891 1720; x_wconf 88' lang='lat' dir='ltr'>certius</span> <span class='ocrx_word' id='word_1_153' title='bbox 913 1693 1054 1726; x_wconf 85' lang='lat' dir='ltr'>causa,</span> <span class='ocrx_word' id='word_1_154' title='bbox 1072 1679 1231 1734; x_wconf 84' lang='lat' dir='ltr'>jubent</span> <span class='ocrx_word' id='word_1_155' title='bbox 1261 1678 1402 1719; x_wconf 89' lang='lat' dir='ltr'>denuo</span> <span class='ocrx_word' id='word_1_156' title='bbox 1425 1679 1699 1734; x_wconf 79' lang='lat' dir='ltr'>singulorum</span> <span class='ocrx_word' id='word_1_157' title='bbox 1731 1695 1823 1721; x_wconf 91' lang='lat' dir='ltr'>sen-</span> 
     </span>
     <span class='ocr_line' id='line_1_21' title="bbox 366 1751 1823 1810; baseline -0.001 -15"><span class='ocrx_word' id='word_1_158' title='bbox 366 1755 522 1796; x_wconf 86' lang='lat' dir='ltr'>tentias</span> <span class='ocrx_word' id='word_1_159' title='bbox 539 1753 693 1810; x_wconf 86' lang='lat' dir='ltr'>repeti,</span> <span class='ocrx_word' id='word_1_160' title='bbox 709 1767 869 1808; x_wconf 81' lang='lat' dir='ltr'>easque</span> <span class='ocrx_word' id='word_1_161' title='bbox 887 1767 911 1792; x_wconf 86' lang='lat' dir='ltr'>a</span> <span class='ocrx_word' id='word_1_162' title='bbox 927 1751 1167 1793; x_wconf 79' lang='lat' dir='ltr'>Secretario</span> <span class='ocrx_word' id='word_1_163' title='bbox 1181 1751 1514 1808; x_wconf 85' lang='lat' dir='ltr'>diligentissime</span> <span class='ocrx_word' id='word_1_164' title='bbox 1529 1752 1747 1803; x_wconf 80' lang='lat' dir='ltr'>adnotari3</span> <span class='ocrx_word' id='word_1_165' title='bbox 1767 1760 1823 1801; x_wconf 90' lang='lat' dir='ltr'>et,</span> 
     </span>
     <span class='ocr_line' id='line_1_22' title="bbox 366 1825 1824 1883; baseline -0.001 -14"><span class='ocrx_word' id='word_1_166' title='bbox 366 1836 416 1869; x_wconf 92' lang='lat' dir='ltr'>ut</span> <span class='ocrx_word' id='word_1_167' title='bbox 437 1828 574 1869; x_wconf 89' lang='lat' dir='ltr'>omnis</span> <span class='ocrx_word' id='word_1_168' title='bbox 595 1841 773 1883; x_wconf 88' lang='lat' dir='ltr'>prorsus</span> <span class='ocrx_word' id='word_1_169' title='bbox 794 1825 984 1880; x_wconf 87' lang='lat' dir='ltr'>suspicio</span> <span class='ocrx_word' id='word_1_170' title='bbox 1007 1832 1277 1873; x_wconf 85' lang='lat' dir='ltr'>amoveatur,</span> <span class='ocrx_word' id='word_1_171' title='bbox 1298 1825 1466 1867; x_wconf 85' lang='lat' dir='ltr'>addunt</span> <span class='ocrx_word' id='word_1_172' title='bbox 1487 1825 1596 1867; x_wconf 89' lang='lat' dir='ltr'>duos</span> <span class='ocrx_word' id='word_1_173' title='bbox 1612 1827 1824 1868; x_wconf 83' lang='lat' dir='ltr'>Praelatos</span> 
     </span>
     <span class='ocr_line' id='line_1_23' title="bbox 367 1899 1823 1955; baseline -0.001 -13"><span class='ocrx_word' id='word_1_174' title='bbox 367 1901 619 1948; x_wconf 86' lang='lat' dir='ltr'>SecretariO,</span> <span class='ocrx_word' id='word_1_175' title='bbox 639 1899 853 1946; x_wconf 84' lang='lat' dir='ltr'>videlicet,</span> <span class='ocrx_word' id='word_1_176' title='bbox 875 1899 1166 1940; x_wconf 86' lang='lat' dir='ltr'>Patriarcham</span> <span class='ocrx_word' id='word_1_177' title='bbox 1191 1899 1661 1955; x_wconf 82' lang='lat' dir='ltr'>Hierosolymitanum,</span> <span class='ocrx_word' id='word_1_178' title='bbox 1679 1907 1722 1941; x_wconf 92' lang='lat' dir='ltr'>et</span> <span class='ocrx_word' id='word_1_179' title='bbox 1739 1901 1823 1941; x_wconf 85' lang='lat' dir='ltr'>Ar-</span> 
     </span>
     <span class='ocr_line' id='line_1_24' title="bbox 365 1973 1822 2029; baseline 0 -15"><span class='ocrx_word' id='word_1_180' title='bbox 365 1973 687 2029; x_wconf 89' lang='lat' dir='ltr'>chiepiscopum</span> <span class='ocrx_word' id='word_1_181' title='bbox 713 1973 1044 2020; x_wconf 81' lang='lat' dir='ltr'>Granatensem,</span> <span class='ocrx_word' id='word_1_182' title='bbox 1068 1973 1144 2028; x_wconf 90' lang='lat' dir='ltr'>qui</span> <span class='ocrx_word' id='word_1_183' title='bbox 1167 1988 1264 2014; x_wconf 90' lang='lat' dir='ltr'>cum</span> <span class='ocrx_word' id='word_1_184' title='bbox 1296 1988 1345 2013; x_wconf 89' lang='lat' dir='ltr'>eo</span> <span class='ocrx_word' id='word_1_185' title='bbox 1373 1973 1647 2027; x_wconf 80' lang='lat' dir='ltr'>singulorum</span> <span class='ocrx_word' id='word_1_186' title='bbox 1672 1973 1822 2014; x_wconf 88' lang='lat' dir='ltr'>volun-</span> 
     </span>
     <span class='ocr_line' id='line_1_25' title="bbox 364 2046 1822 2103; baseline 0 -15"><span class='ocrx_word' id='word_1_187' title='bbox 364 2054 476 2088; x_wconf 84' lang='lat' dir='ltr'>tates</span> <span class='ocrx_word' id='word_1_188' title='bbox 506 2047 744 2102; x_wconf 83' lang='lat' dir='ltr'>explorent.</span> <span class='ocrx_word' id='word_1_189' title='bbox 808 2046 1056 2086; x_wconf 86' lang='lat' dir='ltr'>Numerata</span> <span class='ocrx_word' id='word_1_190' title='bbox 1089 2052 1190 2086; x_wconf 84' lang='lat' dir='ltr'>sunt</span> <span class='ocrx_word' id='word_1_191' title='bbox 1222 2046 1361 2101; x_wconf 86' lang='lat' dir='ltr'>igitur</span> <span class='ocrx_word' id='word_1_192' title='bbox 1384 2046 1568 2086; x_wconf 89' lang='lat' dir='ltr'>Patrum</span> <span class='ocrx_word' id='word_1_193' title='bbox 1600 2046 1822 2103; x_wconf 82' lang='lat' dir='ltr'>suffragia,</span> 
     </span>
     <span class='ocr_line' id='line_1_26' title="bbox 365 2119 1822 2177; baseline 0.001 -16"><span class='ocrx_word' id='word_1_194' title='bbox 365 2121 442 2177; x_wconf 91' lang='lat' dir='ltr'>qui</span> <span class='ocrx_word' id='word_1_195' title='bbox 478 2121 722 2176; x_wconf 85' lang='lat' dir='ltr'>probarunt</span> <span class='ocrx_word' id='word_1_196' title='bbox 758 2119 981 2168; x_wconf 84' lang='lat' dir='ltr'>declarari,</span> <span class='ocrx_word' id='word_1_197' title='bbox 1015 2120 1297 2175; x_wconf 81' lang='lat' dir='ltr'>septuaginta</span> <span class='ocrx_word' id='word_1_198' title='bbox 1317 2137 1324 2160; x_wconf 88' lang='lat'><strong>:</strong></span> <span class='ocrx_word' id='word_1_199' title='bbox 1367 2120 1542 2160; x_wconf 86' lang='lat' dir='ltr'>illorum</span> <span class='ocrx_word' id='word_1_200' title='bbox 1584 2121 1659 2176; x_wconf 89' lang='lat' dir='ltr'>qui</span> <span class='ocrx_word' id='word_1_201' title='bbox 1691 2136 1822 2177; x_wconf 84' lang='lat' dir='ltr'>nega-</span> 
     </span>
     <span class='ocr_line' id='line_1_27' title="bbox 363 2193 1822 2249; baseline 0 -14"><span class='ocrx_word' id='word_1_202' title='bbox 363 2200 480 2242; x_wconf 89' lang='lat' dir='ltr'>runt,</span> <span class='ocrx_word' id='word_1_203' title='bbox 502 2193 684 2249; x_wconf 80' lang='lat' dir='ltr'>triginta</span> <span class='ocrx_word' id='word_1_204' title='bbox 705 2199 749 2233; x_wconf 92' lang='lat' dir='ltr'>et</span> <span class='ocrx_word' id='word_1_205' title='bbox 771 2199 865 2233; x_wconf 91' lang='lat' dir='ltr'>octo</span> <span class='ocrx_word' id='word_1_206' title='bbox 877 2209 888 2242; x_wconf 80' lang='lat'>3</span> <span class='ocrx_word' id='word_1_207' title='bbox 923 2199 967 2233; x_wconf 90' lang='lat' dir='ltr'>et</span> <span class='ocrx_word' id='word_1_208' title='bbox 989 2207 1140 2233; x_wconf 85' lang='lat' dir='ltr'>rursus</span> <span class='ocrx_word' id='word_1_209' title='bbox 1161 2193 1358 2240; x_wconf 83' lang='lat' dir='ltr'>aliorum,</span> <span class='ocrx_word' id='word_1_210' title='bbox 1383 2193 1458 2248; x_wconf 91' lang='lat' dir='ltr'>qui</span> <span class='ocrx_word' id='word_1_211' title='bbox 1479 2194 1562 2234; x_wconf 91' lang='lat' dir='ltr'>sub</span> <span class='ocrx_word' id='word_1_212' title='bbox 1584 2193 1822 2235; x_wconf 87' lang='lat' dir='ltr'>conditione</span> 
     </span>
     <span class='ocr_line' id='line_1_28' title="bbox 361 2265 1822 2323; baseline 0.001 -16"><span class='ocrx_word' id='word_1_213' title='bbox 361 2266 696 2322; x_wconf 86' lang='lat' dir='ltr'>responderunt,</span> <span class='ocrx_word' id='word_1_214' title='bbox 720 2266 802 2306; x_wconf 90' lang='lat' dir='ltr'>viz.</span> <span class='ocrx_word' id='word_1_215' title='bbox 828 2265 1025 2306; x_wconf 86' lang='lat' dir='ltr'>consulto</span> <span class='ocrx_word' id='word_1_216' title='bbox 1048 2265 1171 2320; x_wconf 91' lang='lat' dir='ltr'>prius</span> <span class='ocrx_word' id='word_1_217' title='bbox 1194 2266 1375 2306; x_wconf 86' lang='lat' dir='ltr'>Summo</span> <span class='ocrx_word' id='word_1_218' title='bbox 1392 2267 1615 2315; x_wconf 89' lang='lat' dir='ltr'>Pontifice,</span> <span class='ocrx_word' id='word_1_219' title='bbox 1639 2267 1822 2323; x_wconf 88' lang='lat' dir='ltr'>triginta</span> 
     </span>
     <span class='ocr_line' id='line_1_29' title="bbox 362 2337 1462 2396; baseline -0.002 -14"><span class='ocrx_word' id='word_1_220' title='bbox 362 2347 406 2382; x_wconf 90' lang='lat' dir='ltr'>et</span> <span class='ocrx_word' id='word_1_221' title='bbox 426 2347 627 2396; x_wconf 87' lang='lat' dir='ltr'>quatuor,</span> <span class='ocrx_word' id='word_1_222' title='bbox 651 2353 841 2394; x_wconf 88' lang='lat' dir='ltr'>quorum</span> <span class='ocrx_word' id='word_1_223' title='bbox 862 2338 1034 2378; x_wconf 90' lang='lat' dir='ltr'>nomina</span> <span class='ocrx_word' id='word_1_224' title='bbox 1055 2337 1168 2378; x_wconf 87' lang='lat' dir='ltr'>infra</span> <span class='ocrx_word' id='word_1_225' title='bbox 1189 2345 1290 2380; x_wconf 89' lang='lat' dir='ltr'>sunt</span> <span class='ocrx_word' id='word_1_226' title='bbox 1311 2339 1462 2380; x_wconf 82' lang='lat' dir='ltr'>relata.</span> 
     </span>
    </p>
   </div>
   <div class='ocr_carea' id='block_1_3' title="bbox 418 2468 1685 2525">
    <p class='ocr_par' dir='ltr' id='par_1_3' title="bbox 418 2468 1685 2525">
     <span class='ocr_line' id='line_1_30' title="bbox 418 2468 1685 2525; baseline -0.002 -12"><span class='ocrx_word' id='word_1_227' title='bbox 418 2473 575 2513; x_wconf 90' lang='lat' dir='ltr'>Patres</span> <span class='ocrx_word' id='word_1_228' title='bbox 596 2469 863 2525; x_wconf 86' lang='lat' dir='ltr'>infrascripti</span> <span class='ocrx_word' id='word_1_229' title='bbox 885 2468 1208 2523; x_wconf 87' lang='lat' dir='ltr'>responderunt</span> <span class='ocrx_word' id='word_1_230' title='bbox 1229 2469 1498 2524; x_wconf 84' lang='lat' dir='ltr'>simpliciter,</span> <span class='ocrx_word' id='word_1_231' title='bbox 1522 2470 1685 2511; x_wconf 89' lang='lat' dir='ltr'>Placet.</span> 
     </span>
    </p>
   </div>
   <div class='ocr_carea' id='block_1_4' title="bbox 358 2558 1147 2747">
    <p class='ocr_par' dir='ltr' id='par_1_4' title="bbox 358 2558 1147 2747">
     <span class='ocr_line' id='line_1_31' title="bbox 358 2558 1147 2604; baseline -0.008 -1"><span class='ocrx_word' id='word_1_232' title='bbox 358 2562 608 2604; x_wconf 84' lang='lat' dir='ltr'>Naxiensis.</span> <span class='ocrx_word' id='word_1_233' title='bbox 853 2558 1147 2599; x_wconf 86' lang='lat' dir='ltr'>Surrentinus.</span> 
     </span>
     <span class='ocr_line' id='line_1_32' title="bbox 361 2632 1139 2676; baseline -0.004 -3"><span class='ocrx_word' id='word_1_234' title='bbox 361 2634 659 2676; x_wconf 84' lang='lat' dir='ltr'>Granatensis.</span> <span class='ocrx_word' id='word_1_235' title='bbox 850 2632 1139 2671; x_wconf 80' lang='lat' dir='ltr'>Bracarensis,</span> 
     </span>
     <span class='ocr_line' id='line_1_33' title="bbox 360 2704 1109 2747; baseline -0.003 -2"><span class='ocrx_word' id='word_1_236' title='bbox 360 2706 598 2747; x_wconf 82' lang='lat' dir='ltr'>Jadrensis.</span> <span class='ocrx_word' id='word_1_237' title='bbox 852 2704 1109 2744; x_wconf 85' lang='lat' dir='ltr'>Genuensis.</span> 
     </span>
    </p>
   </div>
   <div class='ocr_carea' id='block_1_5' title="bbox 952 2816 1253 2860">
    <p class='ocr_par' dir='ltr' id='par_1_5' title="bbox 952 2816 1253 2860">
     <span class='ocr_line' id='line_1_34' title="bbox 952 2816 1253 2860; baseline 0.007 -11"><span class='ocrx_word' id='word_1_238' title='bbox 952 2816 956 2833; x_wconf 81' lang='lat'>¹</span> <span class='ocrx_word' id='word_1_239' title='bbox 984 2820 1160 2860; x_wconf 71' lang='lat' dir='ltr'>Quiqnani,</span> <span class='ocrx_word' id='word_1_240' title='bbox 1183 2821 1253 2851; x_wconf 73' lang='lat' dir='ltr'>MS.</span> 
     </span>
    </p>
   </div>
  </div>
 </body>
</html>
