<?xml version="1.0" encoding="UTF-8"?>
<!DOCTYPE html PUBLIC "-//W3C//DTD XHTML 1.0 Transitional//EN"
    "http://www.w3.org/TR/xhtml1/DTD/xhtml1-transitional.dtd">
<html xmlns="http://www.w3.org/1999/xhtml" xml:lang="en" lang="en">
 <head>
  <title>
</title>
<meta http-equiv="Content-Type" content="text/html;charset=utf-8" />
  <meta name='ocr-system' content='tesseract 3.04.00' />
  <meta name='ocr-capabilities' content='ocr_page ocr_carea ocr_par ocr_line ocrx_word'/>
</head>
<body>
  <div class='ocr_page' id='page_1' title='image "actaconciliitrid00paleuoft_0734.png"; bbox 0 0 1905 3254; ppageno 0'>
   <div class='ocr_carea' id='block_1_1' title="bbox 371 263 1203 307">
    <p class='ocr_par' dir='ltr' id='par_1_1' title="bbox 371 263 1203 307">
     <span class='ocr_line' id='line_1_1' title="bbox 371 263 1203 307; baseline 0.005 -4"><span class='ocrx_word' id='word_1_1' title='bbox 371 263 453 303; x_wconf 75' lang='lat'>5:30</span> <span class='ocrx_word' id='word_1_2' title='bbox 993 277 1099 307; x_wconf 73' lang='lat' dir='ltr'>snss.</span> <span class='ocrx_word' id='word_1_3' title='bbox 1125 277 1203 307; x_wconf 71' lang='lat' dir='ltr'>vn.</span> 
     </span>
    </p>
   </div>
   <div class='ocr_carea' id='block_1_2' title="bbox 374 380 1845 2405">
    <p class='ocr_par' dir='ltr' id='par_1_2' title="bbox 374 380 1841 1392">
     <span class='ocr_line' id='line_1_2' title="bbox 374 380 1829 437; baseline -0.005 -10"><span class='ocrx_word' id='word_1_4' title='bbox 374 402 479 427; x_wconf 88' lang='lat' dir='ltr'>num</span> <span class='ocrx_word' id='word_1_5' title='bbox 500 385 579 426; x_wconf 88' lang='lat' dir='ltr'>hoc</span> <span class='ocrx_word' id='word_1_6' title='bbox 601 384 810 433; x_wconf 81' lang='lat' dir='ltr'>Concilio,</span> <span class='ocrx_word' id='word_1_7' title='bbox 840 391 885 426; x_wconf 89' lang='lat' dir='ltr'>et</span> <span class='ocrx_word' id='word_1_8' title='bbox 904 384 1013 425; x_wconf 83' lang='lat' dir='ltr'>utile</span> <span class='ocrx_word' id='word_1_9' title='bbox 1037 383 1297 424; x_wconf 77' lang='lat' dir='ltr'>Christianae</span> <span class='ocrx_word' id='word_1_10' title='bbox 1319 381 1596 437; x_wconf 77' lang='lat' dir='ltr'>Reipublicae</span> <span class='ocrx_word' id='word_1_11' title='bbox 1614 397 1624 431; x_wconf 79' lang='lat'>3</span> <span class='ocrx_word' id='word_1_12' title='bbox 1658 380 1829 436; x_wconf 81' lang='lat' dir='ltr'>ejicere-</span> 
     </span>
     <span class='ocr_line' id='line_1_3' title="bbox 375 453 1829 514; baseline -0.006 -14"><span class='ocrx_word' id='word_1_13' title='bbox 375 462 582 514; x_wconf 76' lang='lat' dir='ltr'>musque‘</span> <span class='ocrx_word' id='word_1_14' title='bbox 616 473 710 499; x_wconf 89' lang='lat' dir='ltr'>eam</span> <span class='ocrx_word' id='word_1_15' title='bbox 743 464 904 505; x_wconf 87' lang='lat' dir='ltr'>notam,</span> <span class='ocrx_word' id='word_1_16' title='bbox 940 458 996 498; x_wconf 94' lang='lat' dir='ltr'>ob</span> <span class='ocrx_word' id='word_1_17' title='bbox 1032 472 1162 512; x_wconf 89' lang='lat' dir='ltr'>quam</span> <span class='ocrx_word' id='word_1_18' title='bbox 1196 455 1307 496; x_wconf 88' lang='lat' dir='ltr'>male</span> <span class='ocrx_word' id='word_1_19' title='bbox 1345 454 1467 496; x_wconf 89' lang='lat' dir='ltr'>audit</span> <span class='ocrx_word' id='word_1_20' title='bbox 1493 454 1583 495; x_wconf 81' lang='lat' dir='ltr'>haec</span> <span class='ocrx_word' id='word_1_21' title='bbox 1606 453 1829 509; x_wconf 85' lang='lat' dir='ltr'>professiO,</span> 
     </span>
     <span class='ocr_line' id='line_1_4' title="bbox 379 526 1831 587; baseline -0.006 -13"><span class='ocrx_word' id='word_1_22' title='bbox 379 549 477 574; x_wconf 88' lang='lat' dir='ltr'>cum</span> <span class='ocrx_word' id='word_1_23' title='bbox 501 548 553 573; x_wconf 82' lang='lat' dir='ltr'>ex</span> <span class='ocrx_word' id='word_1_24' title='bbox 575 548 625 574; x_wconf 88' lang='lat' dir='ltr'>ea</span> <span class='ocrx_word' id='word_1_25' title='bbox 645 533 840 573; x_wconf 90' lang='lat' dir='ltr'>oriantur</span> <span class='ocrx_word' id='word_1_26' title='bbox 862 538 926 572; x_wconf 91' lang='lat' dir='ltr'>tot</span> <span class='ocrx_word' id='word_1_27' title='bbox 946 531 1105 587; x_wconf 78' lang='lat' dir='ltr'>litigia,</span> <span class='ocrx_word' id='word_1_28' title='bbox 1129 536 1172 570; x_wconf 91' lang='lat' dir='ltr'>et</span> <span class='ocrx_word' id='word_1_29' title='bbox 1194 529 1279 570; x_wconf 88' lang='lat' dir='ltr'>alia</span> <span class='ocrx_word' id='word_1_30' title='bbox 1299 527 1581 569; x_wconf 86' lang='lat' dir='ltr'>incommoda.</span> <span class='ocrx_word' id='word_1_31' title='bbox 1618 527 1670 567; x_wconf 91' lang='lat' dir='ltr'>In</span> <span class='ocrx_word' id='word_1_32' title='bbox 1691 526 1831 581; x_wconf 87' lang='lat' dir='ltr'>primo</span> 
     </span>
     <span class='ocr_line' id='line_1_5' title="bbox 377 598 1830 662; baseline -0.006 -16"><span class='ocrx_word' id='word_1_33' title='bbox 377 621 464 646; x_wconf 89' lang='lat' dir='ltr'>non</span> <span class='ocrx_word' id='word_1_34' title='bbox 496 606 641 662; x_wconf 88' lang='lat' dir='ltr'>placet</span> <span class='ocrx_word' id='word_1_35' title='bbox 673 605 719 645; x_wconf 87' lang='lat' dir='ltr'>id</span> <span class='ocrx_word' id='word_1_36' title='bbox 747 605 946 652; x_wconf 85' lang='lat' dir='ltr'>verbum,</span> <span class='ocrx_word' id='word_1_37' title='bbox 984 610 1035 644; x_wconf 94' lang='lat' dir='ltr'>ut</span> <span class='ocrx_word' id='word_1_38' title='bbox 1074 602 1198 644; x_wconf 79' lang='lat' dir='ltr'>Sedis</span> <span class='ocrx_word' id='word_1_39' title='bbox 1232 601 1495 657; x_wconf 79' lang='lat' dir='ltr'>Apostolicae</span> <span class='ocrx_word' id='word_1_40' title='bbox 1527 599 1719 654; x_wconf 84' lang='lat' dir='ltr'>delegati</span> <span class='ocrx_word' id='word_1_41' title='bbox 1740 598 1830 644; x_wconf 82' lang='lat' dir='ltr'>&amp;c.‚</span> 
     </span>
     <span class='ocr_line' id='line_1_6' title="bbox 379 675 1832 738; baseline -0.006 -15"><span class='ocrx_word' id='word_1_42' title='bbox 379 681 553 738; x_wconf 90' lang='lat' dir='ltr'>quando</span> <span class='ocrx_word' id='word_1_43' title='bbox 568 681 647 722; x_wconf 88' lang='lat' dir='ltr'>hoe</span> <span class='ocrx_word' id='word_1_44' title='bbox 663 680 874 736; x_wconf 88' lang='lat' dir='ltr'>competit</span> <span class='ocrx_word' id='word_1_45' title='bbox 890 679 1123 736; x_wconf 85' lang='lat' dir='ltr'>Episcopis</span> <span class='ocrx_word' id='word_1_46' title='bbox 1135 683 1235 735; x_wconf 85' lang='lat' dir='ltr'>jure</span> <span class='ocrx_word' id='word_1_47' title='bbox 1252 678 1428 734; x_wconf 88' lang='lat' dir='ltr'>proprio</span> <span class='ocrx_word' id='word_1_48' title='bbox 1449 691 1481 717; x_wconf 89' lang='lat' dir='ltr'>c.</span> <span class='ocrx_word' id='word_1_49' title='bbox 1508 675 1832 724; x_wconf 81' lang='lat' dir='ltr'>Ordinationes3</span> 
     </span>
     <span class='ocr_line' id='line_1_7' title="bbox 379 742 1834 807; baseline -0.005 -11"><span class='ocrx_word' id='word_1_50' title='bbox 379 762 422 796; x_wconf 88' lang='lat' dir='ltr'>et</span> <span class='ocrx_word' id='word_1_51' title='bbox 456 742 559 796; x_wconf 78' lang='lat' dir='ltr'>licet</span> <span class='ocrx_word' id='word_1_52' title='bbox 590 752 845 795; x_wconf 80' lang='lat' dir='ltr'>concordata</span> <span class='ocrx_word' id='word_1_53' title='bbox 880 753 982 793; x_wconf 91' lang='lat' dir='ltr'>olim</span> <span class='ocrx_word' id='word_1_54' title='bbox 1017 753 1127 793; x_wconf 88' lang='lat' dir='ltr'>inita</span> <span class='ocrx_word' id='word_1_55' title='bbox 1159 768 1255 793; x_wconf 86' lang='lat' dir='ltr'>cum</span> <span class='ocrx_word' id='word_1_56' title='bbox 1292 751 1416 807; x_wconf 80' lang='lat' dir='ltr'>Rege</span> <span class='ocrx_word' id='word_1_57' title='bbox 1451 750 1610 790; x_wconf 79' lang='lat' dir='ltr'>Galliae</span> <span class='ocrx_word' id='word_1_58' title='bbox 1642 749 1834 789; x_wconf 81' lang='lat' dir='ltr'>habeant</span> 
     </span>
     <span class='ocr_line' id='line_1_8' title="bbox 379 822 1834 880; baseline -0.005 -12"><span class='ocrx_word' id='word_1_59' title='bbox 379 829 466 869; x_wconf 89' lang='lat' dir='ltr'>vim</span> <span class='ocrx_word' id='word_1_60' title='bbox 490 834 747 874; x_wconf 83' lang='lat' dir='ltr'>contractus,</span> <span class='ocrx_word' id='word_1_61' title='bbox 770 833 917 867; x_wconf 84' lang='lat' dir='ltr'>tamen</span> <span class='ocrx_word' id='word_1_62' title='bbox 940 840 1037 866; x_wconf 92' lang='lat' dir='ltr'>cum</span> <span class='ocrx_word' id='word_1_63' title='bbox 1059 826 1144 866; x_wconf 88' lang='lat' dir='ltr'>sint</span> <span class='ocrx_word' id='word_1_64' title='bbox 1165 824 1402 880; x_wconf 79' lang='lat' dir='ltr'>privilegia</span> <span class='ocrx_word' id='word_1_65' title='bbox 1424 822 1618 878; x_wconf 76' lang='lat' dir='ltr'>quaedam</span> <span class='ocrx_word' id='word_1_66' title='bbox 1644 836 1834 870; x_wconf 87' lang='lat' dir='ltr'>onerosa,</span> 
     </span>
     <span class='ocr_line' id='line_1_9' title="bbox 380 894 1834 951; baseline -0.005 -10"><span class='ocrx_word' id='word_1_67' title='bbox 380 908 423 941; x_wconf 91' lang='lat' dir='ltr'>et</span> <span class='ocrx_word' id='word_1_68' title='bbox 440 900 650 941; x_wconf 87' lang='lat' dir='ltr'>adversus</span> <span class='ocrx_word' id='word_1_69' title='bbox 667 899 900 939; x_wconf 82' lang='lat' dir='ltr'>utilitatem</span> <span class='ocrx_word' id='word_1_70' title='bbox 922 898 1237 945; x_wconf 85' lang='lat' dir='ltr'>Ecclesiarum,</span> <span class='ocrx_word' id='word_1_71' title='bbox 1260 896 1418 951; x_wconf 84' lang='lat' dir='ltr'>utique</span> <span class='ocrx_word' id='word_1_72' title='bbox 1440 896 1492 936; x_wconf 88' lang='lat' dir='ltr'>iis</span> <span class='ocrx_word' id='word_1_73' title='bbox 1513 894 1834 951; x_wconf 78' lang='lat' dir='ltr'>providendum</span> 
     </span>
     <span class='ocr_line' id='line_1_10' title="bbox 380 967 1837 1015; baseline -0.004 -1"><span class='ocrx_word' id='word_1_74' title='bbox 380 981 505 1015; x_wconf 89' lang='lat' dir='ltr'>esset.</span> <span class='ocrx_word' id='word_1_75' title='bbox 568 973 685 1013; x_wconf 90' lang='lat' dir='ltr'>Nam</span> <span class='ocrx_word' id='word_1_76' title='bbox 727 972 900 1013; x_wconf 88' lang='lat' dir='ltr'>tametsi</span> <span class='ocrx_word' id='word_1_77' title='bbox 940 971 1038 1012; x_wconf 85' lang='lat' dir='ltr'>Rex</span> <span class='ocrx_word' id='word_1_78' title='bbox 1077 986 1183 1011; x_wconf 89' lang='lat' dir='ltr'>suus</span> <span class='ocrx_word' id='word_1_79' title='bbox 1223 971 1338 1010; x_wconf 91' lang='lat' dir='ltr'>inter</span> <span class='ocrx_word' id='word_1_80' title='bbox 1379 983 1525 1009; x_wconf 87' lang='lat' dir='ltr'>omncs</span> <span class='ocrx_word' id='word_1_81' title='bbox 1567 967 1837 1009; x_wconf 79' lang='lat' dir='ltr'>Christianos</span> 
     </span>
     <span class='ocr_line' id='line_1_11' title="bbox 380 1041 1836 1103; baseline -0.005 -16"><span class='ocrx_word' id='word_1_82' title='bbox 380 1047 606 1103; x_wconf 80' lang='lat' dir='ltr'>Principes</span> <span class='ocrx_word' id='word_1_83' title='bbox 628 1046 682 1086; x_wconf 91' lang='lat' dir='ltr'>sit</span> <span class='ocrx_word' id='word_1_84' title='bbox 704 1046 815 1086; x_wconf 90' lang='lat' dir='ltr'>bene</span> <span class='ocrx_word' id='word_1_85' title='bbox 837 1045 1018 1086; x_wconf 88' lang='lat' dir='ltr'>meritus</span> <span class='ocrx_word' id='word_1_86' title='bbox 1039 1043 1092 1085; x_wconf 88' lang='lat' dir='ltr'>de</span> <span class='ocrx_word' id='word_1_87' title='bbox 1113 1043 1342 1098; x_wconf 79' lang='lat' dir='ltr'>republica</span> <span class='ocrx_word' id='word_1_88' title='bbox 1365 1041 1629 1089; x_wconf 85' lang='lat' dir='ltr'>Christiana,</span> <span class='ocrx_word' id='word_1_89' title='bbox 1662 1047 1706 1081; x_wconf 90' lang='lat' dir='ltr'>et</span> <span class='ocrx_word' id='word_1_90' title='bbox 1726 1055 1836 1081; x_wconf 90' lang='lat' dir='ltr'>nun-</span> 
     </span>
     <span class='ocr_line' id='line_1_12' title="bbox 381 1114 1837 1176; baseline -0.005 -15"><span class='ocrx_word' id='word_1_91' title='bbox 381 1136 512 1176; x_wconf 89' lang='lat' dir='ltr'>quam</span> <span class='ocrx_word' id='word_1_92' title='bbox 546 1121 816 1175; x_wconf 85' lang='lat' dir='ltr'>Episcopum</span> <span class='ocrx_word' id='word_1_93' title='bbox 851 1119 1042 1174; x_wconf 81' lang='lat' dir='ltr'>aliquem</span> <span class='ocrx_word' id='word_1_94' title='bbox 1075 1116 1379 1163; x_wconf 81' lang='lat' dir='ltr'>nominaverit,</span> <span class='ocrx_word' id='word_1_95' title='bbox 1412 1115 1482 1155; x_wconf 89' lang='lat' dir='ltr'>cui</span> <span class='ocrx_word' id='word_1_96' title='bbox 1513 1129 1598 1155; x_wconf 89' lang='lat' dir='ltr'>non</span> <span class='ocrx_word' id='word_1_97' title='bbox 1631 1114 1837 1155; x_wconf 86' lang='lat' dir='ltr'>Summus</span> 
     </span>
     <span class='ocr_line' id='line_1_13' title="bbox 381 1187 1838 1247; baseline -0.005 -12"><span class='ocrx_word' id='word_1_98' title='bbox 381 1193 584 1235; x_wconf 84' lang='lat' dir='ltr'>Pontifex</span> <span class='ocrx_word' id='word_1_99' title='bbox 606 1192 661 1234; x_wconf 89' lang='lat' dir='ltr'>sit</span> <span class='ocrx_word' id='word_1_100' title='bbox 681 1192 960 1247; x_wconf 79' lang='lat' dir='ltr'>suffragatUS,</span> <span class='ocrx_word' id='word_1_101' title='bbox 985 1198 1130 1231; x_wconf 86' lang='lat' dir='ltr'>tamen</span> <span class='ocrx_word' id='word_1_102' title='bbox 1148 1188 1459 1230; x_wconf 85' lang='lat' dir='ltr'>consulendum</span> <span class='ocrx_word' id='word_1_103' title='bbox 1483 1188 1658 1229; x_wconf 84' lang='lat' dir='ltr'>videtur</span> <span class='ocrx_word' id='word_1_104' title='bbox 1679 1187 1838 1228; x_wconf 88' lang='lat' dir='ltr'>futuris</span> 
     </span>
     <span class='ocr_line' id='line_1_14' title="bbox 381 1260 1841 1321; baseline -0.005 -14"><span class='ocrx_word' id='word_1_105' title='bbox 381 1267 663 1321; x_wconf 78' lang='lat' dir='ltr'>temporibus,</span> <span class='ocrx_word' id='word_1_106' title='bbox 700 1272 750 1305; x_wconf 89' lang='lat' dir='ltr'>ut</span> <span class='ocrx_word' id='word_1_107' title='bbox 778 1265 926 1305; x_wconf 80' lang='lat' dir='ltr'>electio</span> <span class='ocrx_word' id='word_1_108' title='bbox 948 1265 1024 1304; x_wconf 86' lang='lat' dir='ltr'>fiat</span> <span class='ocrx_word' id='word_1_109' title='bbox 1046 1264 1192 1318; x_wconf 67' lang='lat' dir='ltr'>aliqua</span> <span class='ocrx_word' id='word_1_110' title='bbox 1213 1262 1473 1318; x_wconf 58' lang='lat' dir='ltr'>praescripta</span> <span class='ocrx_word' id='word_1_111' title='bbox 1495 1262 1628 1302; x_wconf 67' lang='lat' dir='ltr'>form-21</span> <span class='ocrx_word' id='word_1_112' title='bbox 1650 1267 1692 1301; x_wconf 88' lang='lat' dir='ltr'>et</span> <span class='ocrx_word' id='word_1_113' title='bbox 1714 1260 1811 1301; x_wconf 85' lang='lat' dir='ltr'>utili</span> <span class='ocrx_word' id='word_1_114' title='bbox 1831 1277 1841 1310; x_wconf 88' lang='lat'>;</span> 
     </span>
     <span class='ocr_line' id='line_1_15' title="bbox 382 1336 1323 1392; baseline -0.004 -14"><span class='ocrx_word' id='word_1_115' title='bbox 382 1345 425 1379; x_wconf 85' lang='lat' dir='ltr'>et</span> <span class='ocrx_word' id='word_1_116' title='bbox 447 1338 734 1378; x_wconf 86' lang='lat' dir='ltr'>restituantur</span> <span class='ocrx_word' id='word_1_117' title='bbox 750 1338 853 1392; x_wconf 77' lang='lat' dir='ltr'>jura</span> <span class='ocrx_word' id='word_1_118' title='bbox 876 1337 1057 1391; x_wconf 89' lang='lat' dir='ltr'>antiqua</span> <span class='ocrx_word' id='word_1_119' title='bbox 1078 1336 1323 1390; x_wconf 76' lang='lat' dir='ltr'>Episcopis</span> 
     </span>
    </p>

    <p class='ocr_par' dir='ltr' id='par_1_3' title="bbox 442 1409 740 1450">
     <span class='ocr_line' id='line_1_16' title="bbox 442 1409 740 1450; baseline -0.003 0"><span class='ocrx_word' id='word_1_120' title='bbox 442 1409 740 1450; x_wconf 74' lang='lat' dir='ltr'>G1·echettus.2</span> 
     </span>
    </p>

    <p class='ocr_par' dir='ltr' id='par_1_4' title="bbox 383 1480 1845 2405">
     <span class='ocr_line' id='line_1_17' title="bbox 440 1480 1839 1535; baseline -0.004 -11"><span class='ocrx_word' id='word_1_121' title='bbox 440 1482 1033 1524; x_wconf 85' lang='lat' dir='ltr'>Britonoriensis——Placeret</span> <span class='ocrx_word' id='word_1_122' title='bbox 1064 1487 1114 1521; x_wconf 90' lang='lat' dir='ltr'>ut</span> <span class='ocrx_word' id='word_1_123' title='bbox 1144 1481 1266 1521; x_wconf 88' lang='lat' dir='ltr'>fieret</span> <span class='ocrx_word' id='word_1_124' title='bbox 1298 1480 1537 1520; x_wconf 87' lang='lat' dir='ltr'>Decretum</span> <span class='ocrx_word' id='word_1_125' title='bbox 1569 1480 1734 1535; x_wconf 86' lang='lat' dir='ltr'>absque</span> <span class='ocrx_word' id='word_1_126' title='bbox 1767 1495 1839 1520; x_wconf 89' lang='lat' dir='ltr'>ru-</span> 
     </span>
     <span class='ocr_line' id='line_1_18' title="bbox 383 1552 1839 1610; baseline -0.002 -14"><span class='ocrx_word' id='word_1_127' title='bbox 383 1557 512 1596; x_wconf 90' lang='lat' dir='ltr'>bricis</span> <span class='ocrx_word' id='word_1_128' title='bbox 533 1556 720 1596; x_wconf 79' lang='lat' dir='ltr'>divisum</span> <span class='ocrx_word' id='word_1_129' title='bbox 741 1555 785 1595; x_wconf 89' lang='lat' dir='ltr'>in</span> <span class='ocrx_word' id='word_1_130' title='bbox 807 1561 895 1595; x_wconf 85' lang='lat' dir='ltr'>tres</span> <span class='ocrx_word' id='word_1_131' title='bbox 926 1560 1100 1610; x_wconf 83' lang='lat' dir='ltr'>partes3</span> <span class='ocrx_word' id='word_1_132' title='bbox 1137 1568 1235 1594; x_wconf 88' lang='lat' dir='ltr'>nam</span> <span class='ocrx_word' id='word_1_133' title='bbox 1268 1567 1415 1593; x_wconf 90' lang='lat' dir='ltr'>omnes</span> <span class='ocrx_word' id='word_1_134' title='bbox 1449 1552 1613 1593; x_wconf 89' lang='lat' dir='ltr'>abusus</span> <span class='ocrx_word' id='word_1_135' title='bbox 1644 1552 1839 1593; x_wconf 89' lang='lat' dir='ltr'>commit-</span> 
     </span>
     <span class='ocr_line' id='line_1_19' title="bbox 384 1624 1839 1681; baseline -0.001 -12"><span class='ocrx_word' id='word_1_136' title='bbox 384 1636 538 1670; x_wconf 88' lang='lat' dir='ltr'>tuntur</span> <span class='ocrx_word' id='word_1_137' title='bbox 559 1634 635 1669; x_wconf 88' lang='lat' dir='ltr'>aut</span> <span class='ocrx_word' id='word_1_138' title='bbox 653 1635 752 1668; x_wconf 88' lang='lat' dir='ltr'>ante</span> <span class='ocrx_word' id='word_1_139' title='bbox 775 1627 1104 1674; x_wconf 81' lang='lat' dir='ltr'>ordinationem,</span> <span class='ocrx_word' id='word_1_140' title='bbox 1127 1632 1204 1667; x_wconf 88' lang='lat' dir='ltr'>aut</span> <span class='ocrx_word' id='word_1_141' title='bbox 1223 1626 1268 1666; x_wconf 88' lang='lat' dir='ltr'>in</span> <span class='ocrx_word' id='word_1_142' title='bbox 1293 1624 1454 1673; x_wconf 83' lang='lat' dir='ltr'>ordine,</span> <span class='ocrx_word' id='word_1_143' title='bbox 1490 1632 1567 1666; x_wconf 90' lang='lat' dir='ltr'>aut</span> <span class='ocrx_word' id='word_1_144' title='bbox 1598 1632 1698 1681; x_wconf 91' lang='lat' dir='ltr'>post</span> <span class='ocrx_word' id='word_1_145' title='bbox 1727 1626 1839 1667; x_wconf 89' lang='lat' dir='ltr'>ordi-</span> 
     </span>
     <span class='ocr_line' id='line_1_20' title="bbox 383 1699 1839 1756; baseline -0.002 -14"><span class='ocrx_word' id='word_1_146' title='bbox 383 1701 601 1742; x_wconf 88' lang='lat' dir='ltr'>nationem</span> <span class='ocrx_word' id='word_1_147' title='bbox 617 1717 628 1751; x_wconf 80' lang='lat'>3</span> <span class='ocrx_word' id='word_1_148' title='bbox 652 1707 696 1741; x_wconf 89' lang='lat' dir='ltr'>et</span> <span class='ocrx_word' id='word_1_149' title='bbox 717 1707 864 1755; x_wconf 88' lang='lat' dir='ltr'>posset</span> <span class='ocrx_word' id='word_1_150' title='bbox 886 1699 1016 1756; x_wconf 86' lang='lat' dir='ltr'>incipi</span> <span class='ocrx_word' id='word_1_151' title='bbox 1033 1715 1057 1740; x_wconf 90' lang='lat' dir='ltr'>a</span> <span class='ocrx_word' id='word_1_152' title='bbox 1074 1699 1261 1740; x_wconf 84' lang='lat' dir='ltr'>secundo</span> <span class='ocrx_word' id='word_1_153' title='bbox 1278 1699 1483 1747; x_wconf 78' lang='lat' dir='ltr'>Decreto,</span> <span class='ocrx_word' id='word_1_154' title='bbox 1507 1699 1664 1740; x_wconf 89' lang='lat' dir='ltr'>omisso</span> <span class='ocrx_word' id='word_1_155' title='bbox 1685 1700 1839 1755; x_wconf 86' lang='lat' dir='ltr'>primo,</span> 
     </span>
     <span class='ocr_line' id='line_1_21' title="bbox 384 1772 1842 1831; baseline -0.001 -16"><span class='ocrx_word' id='word_1_156' title='bbox 384 1774 501 1831; x_wconf 91' lang='lat' dir='ltr'>quod</span> <span class='ocrx_word' id='word_1_157' title='bbox 529 1789 614 1816; x_wconf 86' lang='lat' dir='ltr'>non</span> <span class='ocrx_word' id='word_1_158' title='bbox 650 1773 805 1829; x_wconf 86' lang='lat' dir='ltr'>placet.</span> <span class='ocrx_word' id='word_1_159' title='bbox 868 1773 935 1813; x_wconf 88' lang='lat' dir='ltr'>De</span> <span class='ocrx_word' id='word_1_160' title='bbox 969 1773 1097 1814; x_wconf 89' lang='lat' dir='ltr'>tertio</span> <span class='ocrx_word' id='word_1_161' title='bbox 1129 1774 1240 1814; x_wconf 90' lang='lat' dir='ltr'>circa</span> <span class='ocrx_word' id='word_1_162' title='bbox 1271 1773 1516 1828; x_wconf 86' lang='lat' dir='ltr'>Episcopos</span> <span class='ocrx_word' id='word_1_163' title='bbox 1539 1772 1736 1814; x_wconf 86' lang='lat' dir='ltr'>titulares</span> <span class='ocrx_word' id='word_1_164' title='bbox 1757 1788 1842 1813; x_wconf 91' lang='lat' dir='ltr'>non</span> 
     </span>
     <span class='ocr_line' id='line_1_22' title="bbox 385 1845 1842 1903; baseline -0.003 -12"><span class='ocrx_word' id='word_1_165' title='bbox 385 1850 591 1891; x_wconf 76' lang='lat' dir='ltr'>videntur</span> <span class='ocrx_word' id='word_1_166' title='bbox 611 1848 657 1889; x_wconf 92' lang='lat' dir='ltr'>hi</span> <span class='ocrx_word' id='word_1_167' title='bbox 679 1847 954 1903; x_wconf 86' lang='lat' dir='ltr'>prohibendi,</span> <span class='ocrx_word' id='word_1_168' title='bbox 987 1862 1063 1888; x_wconf 89' lang='lat' dir='ltr'>nec</span> <span class='ocrx_word' id='word_1_169' title='bbox 1096 1848 1261 1888; x_wconf 86' lang='lat' dir='ltr'>abusus</span> <span class='ocrx_word' id='word_1_170' title='bbox 1292 1853 1494 1888; x_wconf 79' lang='lat' dir='ltr'>versatur</span> <span class='ocrx_word' id='word_1_171' title='bbox 1525 1847 1570 1886; x_wconf 88' lang='lat' dir='ltr'>in</span> <span class='ocrx_word' id='word_1_172' title='bbox 1600 1845 1679 1887; x_wconf 89' lang='lat' dir='ltr'>hoc</span> <span class='ocrx_word' id='word_1_173' title='bbox 1695 1863 1706 1896; x_wconf 83' lang='lat'>3</span> <span class='ocrx_word' id='word_1_174' title='bbox 1743 1861 1842 1887; x_wconf 88' lang='lat' dir='ltr'>nam</span> 
     </span>
     <span class='ocr_line' id='line_1_23' title="bbox 388 1919 1843 1977; baseline -0.002 -14"><span class='ocrx_word' id='word_1_175' title='bbox 388 1923 592 1964; x_wconf 89' lang='lat' dir='ltr'>Clemens</span> <span class='ocrx_word' id='word_1_176' title='bbox 629 1921 810 1977; x_wconf 85' lang='lat' dir='ltr'>quintus</span> <span class='ocrx_word' id='word_1_177' title='bbox 842 1920 1002 1961; x_wconf 88' lang='lat' dir='ltr'>dicitur</span> <span class='ocrx_word' id='word_1_178' title='bbox 1037 1935 1200 1961; x_wconf 86' lang='lat' dir='ltr'>creasse</span> <span class='ocrx_word' id='word_1_179' title='bbox 1233 1920 1293 1960; x_wconf 89' lang='lat' dir='ltr'>X.</span> <span class='ocrx_word' id='word_1_180' title='bbox 1333 1926 1411 1961; x_wconf 85' lang='lat' dir='ltr'>aut</span> <span class='ocrx_word' id='word_1_181' title='bbox 1442 1919 1558 1960; x_wconf 89' lang='lat' dir='ltr'>XII.</span> <span class='ocrx_word' id='word_1_182' title='bbox 1600 1919 1843 1975; x_wconf 84' lang='lat' dir='ltr'>Episcopos</span> 
     </span>
     <span class='ocr_line' id='line_1_24' title="bbox 386 1993 1843 2049; baseline -0.002 -11"><span class='ocrx_word' id='word_1_183' title='bbox 386 1996 644 2038; x_wconf 83' lang='lat' dir='ltr'>universalis</span> <span class='ocrx_word' id='word_1_184' title='bbox 684 1995 909 2043; x_wconf 76' lang='lat' dir='ltr'>Ecclesiae,</span> <span class='ocrx_word' id='word_1_185' title='bbox 952 2009 1029 2035; x_wconf 87' lang='lat' dir='ltr'>nec</span> <span class='ocrx_word' id='word_1_186' title='bbox 1069 1993 1261 2035; x_wconf 81' lang='lat' dir='ltr'>addictos</span> <span class='ocrx_word' id='word_1_187' title='bbox 1301 1994 1428 2035; x_wconf 87' lang='lat' dir='ltr'>certis</span> <span class='ocrx_word' id='word_1_188' title='bbox 1467 1993 1689 2042; x_wconf 87' lang='lat' dir='ltr'>Ecclesiis,</span> <span class='ocrx_word' id='word_1_189' title='bbox 1733 2009 1843 2049; x_wconf 84' lang='lat' dir='ltr'>quos</span> 
     </span>
     <span class='ocr_line' id='line_1_25' title="bbox 386 2066 1841 2125; baseline -0.002 -13"><span class='ocrx_word' id='word_1_190' title='bbox 386 2071 502 2112; x_wconf 82' lang='lat' dir='ltr'>misit</span> <span class='ocrx_word' id='word_1_191' title='bbox 523 2070 566 2110; x_wconf 92' lang='lat' dir='ltr'>in</span> <span class='ocrx_word' id='word_1_192' title='bbox 588 2075 737 2125; x_wconf 85' lang='lat' dir='ltr'>partes</span> <span class='ocrx_word' id='word_1_193' title='bbox 757 2068 1033 2124; x_wconf 84' lang='lat' dir='ltr'>longinquas.</span> <span class='ocrx_word' id='word_1_194' title='bbox 1098 2067 1222 2108; x_wconf 90' lang='lat' dir='ltr'>Idem</span> <span class='ocrx_word' id='word_1_195' title='bbox 1245 2073 1289 2108; x_wconf 92' lang='lat' dir='ltr'>et</span> <span class='ocrx_word' id='word_1_196' title='bbox 1311 2067 1503 2108; x_wconf 84' lang='lat' dir='ltr'>Joannes</span> <span class='ocrx_word' id='word_1_197' title='bbox 1520 2066 1686 2108; x_wconf 87' lang='lat' dir='ltr'>XXII.</span> <span class='ocrx_word' id='word_1_198' title='bbox 1710 2067 1812 2110; x_wconf 86' lang='lat' dir='ltr'>fecit</span> <span class='ocrx_word' id='word_1_199' title='bbox 1831 2085 1841 2118; x_wconf 82' lang='lat'>3</span> 
     </span>
     <span class='ocr_line' id='line_1_26' title="bbox 387 2139 1845 2195; baseline -0.002 -11"><span class='ocrx_word' id='word_1_200' title='bbox 387 2150 432 2184; x_wconf 92' lang='lat' dir='ltr'>et</span> <span class='ocrx_word' id='word_1_201' title='bbox 453 2142 620 2184; x_wconf 87' lang='lat' dir='ltr'>Paulus</span> <span class='ocrx_word' id='word_1_202' title='bbox 644 2140 722 2181; x_wconf 84' lang='lat' dir='ltr'>IV.</span> <span class='ocrx_word' id='word_1_203' title='bbox 746 2139 801 2181; x_wconf 87' lang='lat' dir='ltr'>ad</span> <span class='ocrx_word' id='word_1_204' title='bbox 821 2155 970 2195; x_wconf 88' lang='lat' dir='ltr'>preces</span> <span class='ocrx_word' id='word_1_205' title='bbox 991 2139 1126 2195; x_wconf 82' lang='lat' dir='ltr'>Regis</span> <span class='ocrx_word' id='word_1_206' title='bbox 1146 2139 1384 2180; x_wconf 70' lang='lat' dir='ltr'>Lusitaniae</span> <span class='ocrx_word' id='word_1_207' title='bbox 1407 2139 1670 2180; x_wconf 81' lang='lat' dir='ltr'>consecravit</span> <span class='ocrx_word' id='word_1_208' title='bbox 1694 2154 1845 2195; x_wconf 87' lang='lat' dir='ltr'>quem-</span> 
     </span>
     <span class='ocr_line' id='line_1_27' title="bbox 387 2211 1842 2267; baseline -0.003 -11"><span class='ocrx_word' id='word_1_209' title='bbox 387 2215 486 2255; x_wconf 87' lang='lat' dir='ltr'>dam</span> <span class='ocrx_word' id='word_1_210' title='bbox 528 2211 839 2258; x_wconf 86' lang='lat' dir='ltr'>Patriarcham,</span> <span class='ocrx_word' id='word_1_211' title='bbox 883 2218 927 2252; x_wconf 89' lang='lat' dir='ltr'>et</span> <span class='ocrx_word' id='word_1_212' title='bbox 968 2211 1130 2252; x_wconf 88' lang='lat' dir='ltr'>creavit</span> <span class='ocrx_word' id='word_1_213' title='bbox 1169 2211 1277 2252; x_wconf 86' lang='lat' dir='ltr'>duos</span> <span class='ocrx_word' id='word_1_214' title='bbox 1316 2211 1558 2266; x_wconf 89' lang='lat' dir='ltr'>Episcopos</span> <span class='ocrx_word' id='word_1_215' title='bbox 1598 2225 1842 2267; x_wconf 85' lang='lat' dir='ltr'>anonymos,</span> 
     </span>
     <span class='ocr_line' id='line_1_28' title="bbox 387 2283 1842 2341; baseline -0.002 -12"><span class='ocrx_word' id='word_1_216' title='bbox 387 2287 702 2341; x_wconf 88' lang='lat' dir='ltr'>mandavitque</span> <span class='ocrx_word' id='word_1_217' title='bbox 732 2284 1013 2332; x_wconf 80' lang='lat' dir='ltr'>Patriarchae,</span> <span class='ocrx_word' id='word_1_218' title='bbox 1052 2291 1102 2325; x_wconf 89' lang='lat' dir='ltr'>ut</span> <span class='ocrx_word' id='word_1_219' title='bbox 1135 2285 1374 2339; x_wconf 83' lang='lat' dir='ltr'>assignaret</span> <span class='ocrx_word' id='word_1_220' title='bbox 1408 2283 1492 2324; x_wconf 88' lang='lat' dir='ltr'>illis</span> <span class='ocrx_word' id='word_1_221' title='bbox 1524 2284 1680 2326; x_wconf 86' lang='lat' dir='ltr'>deinde</span> <span class='ocrx_word' id='word_1_222' title='bbox 1704 2292 1842 2327; x_wconf 89' lang='lat' dir='ltr'>certas</span> 
     </span>
     <span class='ocr_line' id='line_1_29' title="bbox 387 2357 1840 2405; baseline -0.003 -3"><span class='ocrx_word' id='word_1_223' title='bbox 387 2359 618 2402; x_wconf 81' lang='lat' dir='ltr'>EcclesiaS.</span> <span class='ocrx_word' id='word_1_224' title='bbox 681 2358 863 2398; x_wconf 83' lang='lat' dir='ltr'>Abusus</span> <span class='ocrx_word' id='word_1_225' title='bbox 894 2372 996 2397; x_wconf 79' lang='lat' dir='ltr'>vero</span> <span class='ocrx_word' id='word_1_226' title='bbox 1030 2363 1241 2405; x_wconf 83' lang='lat' dir='ltr'>versatur,</span> <span class='ocrx_word' id='word_1_227' title='bbox 1280 2363 1330 2397; x_wconf 92' lang='lat' dir='ltr'>ut</span> <span class='ocrx_word' id='word_1_228' title='bbox 1366 2357 1438 2398; x_wconf 86' lang='lat' dir='ltr'>isti</span> <span class='ocrx_word' id='word_1_229' title='bbox 1477 2357 1676 2399; x_wconf 84' lang='lat' dir='ltr'>titulares</span> <span class='ocrx_word' id='word_1_230' title='bbox 1710 2357 1840 2399; x_wconf 83' lang='lat' dir='ltr'>desti-</span> 
     </span>
    </p>
   </div>
   <div class='ocr_carea' id='block_1_3' title="bbox 388 2452 1846 2857">
    <p class='ocr_par' dir='ltr' id='par_1_5' title="bbox 431 2452 827 2493">
     <span class='ocr_line' id='line_1_30' title="bbox 431 2452 827 2493; baseline -0.008 -9"><span class='ocrx_word' id='word_1_231' title='bbox 431 2452 440 2471; x_wconf 52' lang='grc' dir='ltr'><strong>ἶ</strong></span> <span class='ocrx_word' id='word_1_232' title='bbox 466 2453 736 2493; x_wconf 83' lang='lat' dir='ltr'>Eliceremusque,</span> <span class='ocrx_word' id='word_1_233' title='bbox 755 2452 827 2482; x_wconf 91' lang='lat' dir='ltr'>MS.</span> 
     </span>
    </p>

    <p class='ocr_par' dir='ltr' id='par_1_6' title="bbox 388 2504 1846 2857">
     <span class='ocr_line' id='line_1_31' title="bbox 431 2504 1844 2545; baseline -0.001 -8"><span class='ocrx_word' id='word_1_234' title='bbox 431 2507 444 2525; x_wconf 73' lang='lat'>2</span> <span class='ocrx_word' id='word_1_235' title='bbox 469 2506 614 2537; x_wconf 79' lang='lat' dir='ltr'>Horatius</span> <span class='ocrx_word' id='word_1_236' title='bbox 631 2506 770 2544; x_wconf 81' lang='lat' dir='ltr'>Graecus,</span> <span class='ocrx_word' id='word_1_237' title='bbox 787 2505 893 2545; x_wconf 85' lang='lat' dir='ltr'>Episc.</span> <span class='ocrx_word' id='word_1_238' title='bbox 912 2504 1096 2536; x_wconf 85' lang='lat' dir='ltr'>Lesinensis.</span> <span class='ocrx_word' id='word_1_239' title='bbox 1142 2506 1179 2534; x_wconf 88' lang='lat' dir='ltr'>In</span> <span class='ocrx_word' id='word_1_240' title='bbox 1196 2504 1247 2534; x_wconf 76' lang='lat' dir='ltr'>the</span> <span class='ocrx_word' id='word_1_241' title='bbox 1265 2505 1411 2535; x_wconf 81' lang='lat' dir='ltr'>Metrical</span> <span class='ocrx_word' id='word_1_242' title='bbox 1429 2505 1604 2544; x_wconf 83' lang='lat' dir='ltr'>Catalogue</span> <span class='ocrx_word' id='word_1_243' title='bbox 1618 2505 1652 2536; x_wconf 87' lang='lat' dir='ltr'>of</span> <span class='ocrx_word' id='word_1_244' title='bbox 1674 2504 1724 2534; x_wconf 84' lang='lat' dir='ltr'>the</span> <span class='ocrx_word' id='word_1_245' title='bbox 1740 2505 1844 2536; x_wconf 87' lang='lat' dir='ltr'>Mem-</span> 
     </span>
     <span class='ocr_line' id='line_1_32' title="bbox 388 2558 1420 2598; baseline -0.003 -7"><span class='ocrx_word' id='word_1_246' title='bbox 388 2561 456 2591; x_wconf 87' lang='lat' dir='ltr'>bers</span> <span class='ocrx_word' id='word_1_247' title='bbox 471 2560 506 2590; x_wconf 82' lang='lat' dir='ltr'>of</span> <span class='ocrx_word' id='word_1_248' title='bbox 516 2560 566 2590; x_wconf 87' lang='lat' dir='ltr'>the</span> <span class='ocrx_word' id='word_1_249' title='bbox 584 2558 733 2597; x_wconf 85' lang='lat' dir='ltr'>Council,</span> <span class='ocrx_word' id='word_1_250' title='bbox 752 2559 795 2598; x_wconf 91' lang='lat' dir='ltr'>by</span> <span class='ocrx_word' id='word_1_251' title='bbox 814 2559 959 2588; x_wconf 74' lang='lat' dir='ltr'>Vincent.</span> <span class='ocrx_word' id='word_1_252' title='bbox 974 2558 1110 2597; x_wconf 86' lang='lat' dir='ltr'>Zanelli,</span> <span class='ocrx_word' id='word_1_253' title='bbox 1125 2558 1175 2588; x_wconf 84' lang='lat' dir='ltr'>the</span> <span class='ocrx_word' id='word_1_254' title='bbox 1189 2558 1253 2588; x_wconf 83' lang='lat' dir='ltr'>line</span> <span class='ocrx_word' id='word_1_255' title='bbox 1268 2569 1420 2589; x_wconf 89' lang='lat' dir='ltr'>occurs—</span> 
     </span>
     <span class='ocr_line' id='line_1_33' title="bbox 831 2611 1538 2652; baseline -0.001 -11"><span class='ocrx_word' id='word_1_256' title='bbox 831 2612 1022 2652; x_wconf 85' lang='lat' dir='ltr'>Graecusque</span> <span class='ocrx_word' id='word_1_257' title='bbox 1038 2611 1145 2650; x_wconf 83' lang='lat' dir='ltr'>bonus,</span> <span class='ocrx_word' id='word_1_258' title='bbox 1165 2612 1361 2652; x_wconf 86' lang='lat' dir='ltr'>Cuppusque</span> <span class='ocrx_word' id='word_1_259' title='bbox 1376 2611 1538 2650; x_wconf 86' lang='lat' dir='ltr'>benignus,</span> 
     </span>
     <span class='ocr_line' id='line_1_34' title="bbox 389 2663 1846 2706; baseline -0.002 -10"><span class='ocrx_word' id='word_1_260' title='bbox 389 2667 463 2697; x_wconf 73' lang='lat' dir='ltr'>with</span> <span class='ocrx_word' id='word_1_261' title='bbox 477 2666 528 2696; x_wconf 89' lang='lat' dir='ltr'>the</span> <span class='ocrx_word' id='word_1_262' title='bbox 543 2665 744 2706; x_wconf 82' lang='lat' dir='ltr'>explanation</span> <span class='ocrx_word' id='word_1_263' title='bbox 766 2666 830 2706; x_wconf 85' lang='lat' dir='ltr'>just</span> <span class='ocrx_word' id='word_1_264' title='bbox 855 2666 945 2704; x_wconf 85' lang='lat' dir='ltr'>given</span> <span class='ocrx_word' id='word_1_265' title='bbox 972 2665 1005 2695; x_wconf 90' lang='lat' dir='ltr'>in</span> <span class='ocrx_word' id='word_1_266' title='bbox 1030 2665 1080 2695; x_wconf 83' lang='lat' dir='ltr'>the</span> <span class='ocrx_word' id='word_1_267' title='bbox 1096 2666 1171 2703; x_wconf 76' lang='lat' dir='ltr'>first,</span> <span class='ocrx_word' id='word_1_268' title='bbox 1187 2664 1237 2694; x_wconf 84' lang='lat' dir='ltr'>the</span> <span class='ocrx_word' id='word_1_269' title='bbox 1253 2665 1347 2705; x_wconf 76' lang='lat' dir='ltr'>Ripa,</span> <span class='ocrx_word' id='word_1_270' title='bbox 1363 2664 1492 2694; x_wconf 82' lang='lat' dir='ltr'>edition.</span> <span class='ocrx_word' id='word_1_271' title='bbox 1539 2664 1582 2694; x_wconf 85' lang='lat' dir='ltr'>Le</span> <span class='ocrx_word' id='word_1_272' title='bbox 1598 2663 1672 2694; x_wconf 80' lang='lat' dir='ltr'>Plat</span> <span class='ocrx_word' id='word_1_273' title='bbox 1697 2664 1751 2694; x_wconf 86' lang='lat' dir='ltr'>has</span> <span class='ocrx_word' id='word_1_274' title='bbox 1773 2664 1846 2694; x_wconf 88' lang='lat' dir='ltr'>mis-</span> 
     </span>
     <span class='ocr_line' id='line_1_35' title="bbox 388 2716 1845 2760; baseline -0.002 -11"><span class='ocrx_word' id='word_1_275' title='bbox 388 2719 479 2750; x_wconf 87' lang='lat' dir='ltr'>taken</span> <span class='ocrx_word' id='word_1_276' title='bbox 496 2720 547 2750; x_wconf 85' lang='lat' dir='ltr'>the</span> <span class='ocrx_word' id='word_1_277' title='bbox 562 2719 652 2760; x_wconf 86' lang='lat' dir='ltr'>place</span> <span class='ocrx_word' id='word_1_278' title='bbox 668 2720 703 2750; x_wconf 87' lang='lat' dir='ltr'>of</span> <span class='ocrx_word' id='word_1_279' title='bbox 719 2719 769 2749; x_wconf 84' lang='lat' dir='ltr'>the</span> <span class='ocrx_word' id='word_1_280' title='bbox 784 2719 937 2750; x_wconf 84' lang='lat' dir='ltr'>reference</span> <span class='ocrx_word' id='word_1_281' title='bbox 954 2718 1055 2749; x_wconf 85' lang='lat' dir='ltr'>mark.</span> <span class='ocrx_word' id='word_1_282' title='bbox 1101 2718 1261 2757; x_wconf 85' lang='lat' dir='ltr'>Adelung,</span> <span class='ocrx_word' id='word_1_283' title='bbox 1279 2718 1377 2748; x_wconf 89' lang='lat' dir='ltr'>under</span> <span class='ocrx_word' id='word_1_284' title='bbox 1397 2717 1588 2755; x_wconf 73' lang='lat' dir='ltr'>Groeciensis,</span> <span class='ocrx_word' id='word_1_285' title='bbox 1606 2728 1684 2756; x_wconf 81' lang='lat' dir='ltr'>says,</span> <span class='ocrx_word' id='word_1_286' title='bbox 1705 2717 1774 2748; x_wconf 84' lang='lat' dir='ltr'>that</span> <span class='ocrx_word' id='word_1_287' title='bbox 1796 2716 1845 2746; x_wconf 85' lang='lat' dir='ltr'>the</span> 
     </span>
     <span class='ocr_line' id='line_1_36' title="bbox 388 2769 1846 2813; baseline -0.003 -11"><span class='ocrx_word' id='word_1_288' title='bbox 388 2773 473 2803; x_wconf 79' lang='lat' dir='ltr'>word</span> <span class='ocrx_word' id='word_1_289' title='bbox 498 2773 522 2803; x_wconf 88' lang='lat' dir='ltr'>is</span> <span class='ocrx_word' id='word_1_290' title='bbox 546 2773 672 2813; x_wconf 83' lang='lat' dir='ltr'>applied</span> <span class='ocrx_word' id='word_1_291' title='bbox 688 2777 718 2803; x_wconf 80' lang='lat' dir='ltr'>to</span> <span class='ocrx_word' id='word_1_292' title='bbox 734 2772 818 2803; x_wconf 77' lang='lat' dir='ltr'>those</span> <span class='ocrx_word' id='word_1_293' title='bbox 840 2772 1009 2803; x_wconf 84' lang='lat' dir='ltr'>connected</span> <span class='ocrx_word' id='word_1_294' title='bbox 1024 2772 1099 2803; x_wconf 86' lang='lat' dir='ltr'>with</span> <span class='ocrx_word' id='word_1_295' title='bbox 1111 2773 1237 2809; x_wconf 83' lang='lat' dir='ltr'>Greece,</span> <span class='ocrx_word' id='word_1_296' title='bbox 1255 2771 1287 2801; x_wconf 88' lang='lat' dir='ltr'>in</span> <span class='ocrx_word' id='word_1_297' title='bbox 1304 2771 1490 2802; x_wconf 84' lang='lat' dir='ltr'>distinction</span> <span class='ocrx_word' id='word_1_298' title='bbox 1505 2771 1585 2802; x_wconf 81' lang='lat' dir='ltr'>from</span> <span class='ocrx_word' id='word_1_299' title='bbox 1600 2770 1704 2801; x_wconf 87' lang='lat' dir='ltr'>native</span> <span class='ocrx_word' id='word_1_300' title='bbox 1719 2769 1846 2800; x_wconf 82' lang='lat' dir='ltr'>Greeks.</span> 
     </span>
     <span class='ocr_line' id='line_1_37' title="bbox 390 2825 1425 2857; baseline 0.002 -5"><span class='ocrx_word' id='word_1_301' title='bbox 390 2825 426 2854; x_wconf 90' lang='lat' dir='ltr'>In</span> <span class='ocrx_word' id='word_1_302' title='bbox 443 2825 555 2855; x_wconf 81' lang='lat' dir='ltr'>Italian</span> <span class='ocrx_word' id='word_1_303' title='bbox 576 2827 747 2856; x_wconf 61' lang='lat' dir='ltr'>Grechesvho</span> <span class='ocrx_word' id='word_1_304' title='bbox 764 2827 789 2856; x_wconf 83' lang='lat' dir='ltr'>is</span> <span class='ocrx_word' id='word_1_305' title='bbox 804 2837 822 2856; x_wconf 86' lang='lat' dir='ltr'>a</span> <span class='ocrx_word' id='word_1_306' title='bbox 839 2826 981 2856; x_wconf 80' lang='lat' dir='ltr'>Grecian.</span> <span class='ocrx_word' id='word_1_307' title='bbox 1032 2826 1143 2856; x_wconf 85' lang='lat' dir='ltr'>Lesina</span> <span class='ocrx_word' id='word_1_308' title='bbox 1159 2827 1183 2857; x_wconf 83' lang='lat' dir='ltr'>is</span> <span class='ocrx_word' id='word_1_309' title='bbox 1198 2825 1230 2855; x_wconf 86' lang='lat' dir='ltr'>in</span> <span class='ocrx_word' id='word_1_310' title='bbox 1250 2825 1425 2857; x_wconf 76' lang='lat' dir='ltr'>Dalmatia.</span> 
     </span>
    </p>
   </div>
   <div class='ocr_carea' id='block_1_4' title="bbox 688 2629 815 2636">
    <p class='ocr_par' dir='ltr' id='par_1_7' title="bbox 688 2629 815 2636">
     <span class='ocr_line' id='line_1_38' title="bbox 688 2629 815 2636; baseline 0 618"><span class='ocrx_word' id='word_1_311' title='bbox 688 2629 815 2636; x_wconf 95' lang='lat' dir='ltr'> </span> 
     </span>
    </p>
   </div>
   <div class='ocr_carea' id='block_1_5' title="bbox 1901 1250 1905 2086">
    <p class='ocr_par' dir='ltr' id='par_1_8' title="bbox 1901 1250 1905 2086">
     <span class='ocr_line' id='line_1_39' title="bbox 1901 1250 1905 2086; baseline 0 0"><span class='ocrx_word' id='word_1_312' title='bbox 1901 1250 1905 2086; x_wconf 95' lang='lat' dir='ltr'> </span> 
     </span>
    </p>
   </div>
   <div class='ocr_carea' id='block_1_6' title="bbox 1901 2629 1905 2756">
    <p class='ocr_par' dir='ltr' id='par_1_9' title="bbox 1901 2629 1905 2756">
     <span class='ocr_line' id='line_1_40' title="bbox 1901 2629 1905 2756; baseline 0 498"><span class='ocrx_word' id='word_1_313' title='bbox 1901 2629 1905 2756; x_wconf 95' lang='lat' dir='ltr'> </span> 
     </span>
    </p>
   </div>
  </div>
 </body>
</html>
