1905 3254
57 404 221 440 stantes
253 408 355 443 sunt
384 403 428 444 in
461 404 545 446 fide
567 405 778 450 Romanae
799 410 1010 454 Ecclesiae
1031 416 1176 457 statim
1206 417 1321 460 idem
1354 427 1519 476 petent,

55 484 133 511 nec
155 479 271 514 recte
293 475 355 515 eis
374 479 535 532 poterit
556 478 763 537 denegari
779 500 789 533 3
824 485 1130 544 paulatimque
1153 491 1399 535 videbimus
1422 510 1519 550 pra-

56 558 159 584 vum
182 544 295 587 hunc
316 562 477 590 morem
501 551 621 606 apud
651 568 799 595 omnes
825 556 1032 613 irrepere,
1057 562 1133 616 qui
1154 570 1305 617 postca
1327 565 1516 608 cohiberi

55 630 141 656 non
162 618 338 672 poterit.

110 687 166 728 3⁰.
200 689 325 730 Alias
357 692 440 732 sub
469 696 743 750 temporibus
772 698 955 742 Concilii
988 703 1346 758 Constantiensis,
1381 718 1424 752 et
1446 727 1517 752 no-

52 760 223 802 vissime
245 765 517 819 temporibus
538 767 669 809 Pauli
692 770 798 820 III.,
832 788 929 815 cum
963 775 1041 818 hoc
1071 778 1186 821 idem
1223 783 1306 823 sub
1336 784 1515 839 quibus-

51 832 148 874 dam
171 836 492 881 conditionibus
520 848 632 883 esset
653 844 714 884 eis
745 860 1006 898 concessum,
1030 851 1096 892 illi
1119 859 1265 896 tamen
1287 871 1512 914 nunquam

49 919 122 947 eas
142 908 446 960 observarunt,
482 914 546 955 ita
580 921 628 956 ut
661 931 757 957 cum
792 921 953 975 saepius
985 925 1229 978 periculum
1262 929 1424 971 factum
1458 932 1514 972 sit

47 978 128 1021 hac
147 981 189 1022 in
211 997 257 1024 re
278 983 331 1025 de
353 1000 503 1027 eorum
535 987 620 1030 fide
649 997 692 1031 et
714 993 1010 1046 promissione,
1045 1011 1158 1039 nunc
1185 1000 1371 1042 stultum
1395 1002 1512 1043 vidc-

46 1059 120 1094 tur
141 1056 331 1112 amplius
350 1058 395 1100 id
416 1066 598 1110 tentare,
623 1070 667 1104 et
687 1078 838 1106 eorum
863 1068 1008 1110 verbis
1029 1078 1159 1113 stare.

102 1128 159 1167 4⁰.
195 1128 293 1171 Hoc
325 1132 387 1173 eis
419 1148 629 1183 concesso,
665 1152 787 1193 aeque
820 1146 864 1180 ct
900 1140 1173 1200 Conjugium
1212 1147 1509 1198 sacerdotum,

45 1205 90 1240 et
109 1214 208 1241 esus
232 1201 457 1254 Carnium,
483 1207 538 1248 ab
561 1208 621 1248 eis
639 1211 960 1264 postulabitur:
994 1216 1079 1256 imo
1107 1221 1198 1272 Jam
1221 1220 1358 1275 aliqui
1382 1238 1435 1264 ex
1460 1224 1512 1264 iis

45 1271 261 1329 incipiunt
290 1291 406 1319 nune
440 1287 602 1335 petere,
637 1295 733 1324 cum
765 1283 910 1327 dicant
944 1286 1035 1328 haec
1062 1290 1148 1330 tria
1169 1291 1319 1333 cfidem
1342 1295 1510 1336 ratione

43 1345 133 1386 niti.
196 1346 307 1390 Haec
339 1358 488 1394 autem
523 1368 654 1409 quam
679 1355 807 1398 valde
838 1358 1011 1413 piorum
1046 1376 1173 1403 aures
1205 1364 1440 1415 offendant,
1467 1376 1509 1409 ct

43 1417 101 1458 ab
122 1419 300 1461 ecclesia
321 1422 408 1463 Dci
428 1425 684 1480 repellenda
705 1428 805 1477 sint,
828 1444 954 1472 nemo
976 1447 1060 1473 non
1083 1434 1215 1476 videt.

99 1491 157 1532 5⁰.
189 1491 414 1543 Rationes,
449 1497 612 1551 quibus
647 1500 750 1541 olim
785 1501 975 1545 adducta
1008 1505 1091 1547 fuit
1114 1507 1327 1559 Ecclesia,
1351 1519 1400 1553 ut
1422 1515 1505 1554 sub

41 1578 128 1604 una
159 1571 331 1606 tantum
367 1569 507 1623 specie
549 1574 951 1625 communicaretur,
988 1579 1259 1623 videbuntur
1294 1586 1504 1640 quodam—

38 1636 167 1678 modo
187 1638 364 1694 injusta³
387 1641 533 1689 fuisse,
565 1650 609 1684 et
629 1659 714 1685 non
741 1650 1006 1698 necessariae,
1038 1668 1135 1693 cum
1159 1659 1355 1709 potuerit
1379 1674 1505 1714 mque

38 1710 211 1751 concedi
244 1711 313 1753 hic
350 1729 455 1754 usus
489 1715 648 1757 Calicis
675 1718 757 1759 sub
790 1719 941 1761 iisdem
976 1725 1310 1777 conditionibus,
1343 1733 1504 1786 quibus

38 1784 165 1826 hodie
200 1786 293 1827 dari
330 1789 511 1843 petitur,
554 1798 597 1832 et
640 1798 786 1834 tamen
829 1802 956 1836 antea
995 1798 1242 1842 indistincte
1282 1804 1365 1845 suit
1407 1822 1501 1847 con-

37 1859 227 1900 suetudo
261 1862 389 1902 unius
423 1864 585 1919 speciei
619 1874 810 1922 recepta,
846 1875 890 1908 ct
915 1884 940 1910 a
972 1870 1293 1916 Constanticnsi
1327 1878 1501 1934 Synodo

37 1931 238 1986 probata.

90 2005 148 2046 6⁰.
183 2005 368 2048 Constat
389 2009 501 2051 inter
522 2026 682 2060 omnes,
709 2028 781 2053 eos
803 2013 881 2055 hoc
903 2022 1069 2070 petere,
1101 2019 1207 2074 quia
1238 2021 1373 2079 vulgo
1394 2026 1497 2080 ipsi-

35 2085 124 2120 met
156 2080 279 2122 aiunt
313 2081 409 2123 dari
443 2084 528 2124 sibi
564 2084 865 2128 detruncatam
905 2088 1090 2131 Coenam
1128 2092 1415 2147 Dominicam,
1453 2109 1496 2141 et

36 2152 140 2207 quia
155 2153 256 2208 plus
272 2153 410 2196 divini
429 2157 583 2197 auxilii
605 2167 785 2214 sperant
801 2175 844 2201 se
867 2164 1073 2218 consequi
1094 2180 1146 2205 cx
1169 2181 1249 2207 usu
1266 2170 1495 2227 utriusque

35 2225 218 2279 speciei:
250 2241 365 2268 nunc
387 2229 522 2283 igitur
544 2233 743 2285 quamvis
765 2248 818 2274 ex
841 2235 1163 2278 conditionibus
1185 2238 1363 2295 adjectis
1379 2250 1494 2286 tene-

34 2303 167 2339 antur
188 2299 313 2341 aliter
344 2303 550 2352 confiteri,
583 2306 664 2346 erit
686 2313 832 2348 tamen
858 2311 1115 2364 protestatio
1148 2313 1239 2353 haec
1266 2315 1427 2371 inepta,
1451 2327 1494 2360 et

31 2369 230 2421 ridicula,
253 2389 349 2415 cum
371 2376 539 2418 animus
560 2392 709 2419 corum
733 2381 836 2421 satis
858 2388 1000 2423 certus
1021 2391 1064 2424 et
1085 2386 1337 2440 exploratus
1358 2391 1427 2439 sit,
1451 2399 1494 2433 ct

32 2444 180 2499 potius
200 2445 380 2490 dabitur
401 2450 462 2490 eis
484 2452 646 2492 occasio
668 2454 851 2509 perjurii
873 2462 916 2496 ct
937 2457 1164 2513 sacrilegii.

90 2516 145 2558 7⁰.
181 2519 261 2560 Isti
294 2522 372 2576 qui
403 2530 579 2577 petunt,
614 2526 648 2565 si
682 2526 725 2566 in
759 2527 855 2567 aliis
884 2529 1017 2569 etiam
1045 2529 1238 2572 haeretici
1267 2541 1383 2583 sunt,
1407 2551 1488 2577 non

30 2587 131 2632 licet
161 2591 241 2633 hoc
274 2594 336 2635 eis
365 2597 608 2647 concedere,
641 2600 721 2640 nisi
751 2602 874 2656 prius
901 2603 1045 2658 reipsa
1077 2604 1184 2644 alias
1211 2604 1397 2648 haereses
1419 2609 1489 2650 de-

30 2671 208 2718 ponant,
231 2674 275 2708 et
297 2669 591 2711 testimonium
614 2672 792 2714 evidens
814 2675 948 2722 sactis,
971 2691 1054 2716 non
1078 2678 1223 2717 verbis
1249 2679 1363 2728 solis,
1385 2680 1488 2724 dent

30 2746 75 2776 se
105 2737 161 2778 ab
192 2739 287 2780 aliis
319 2742 540 2783 erroribus
575 2743 845 2795 discessisse;
879 2747 997 2802 quod
1029 2749 1065 2788 si
1100 2748 1315 2792 Catholici
1348 2753 1485 2796 effecti

29 2814 142 2857 sunt,
166 2811 434 2867 impossibile
457 2815 634 2857 videtur
668 2832 740 2859 eos
773 2820 896 2874 tangi
930 2820 1036 2861 adeo
1058 2821 1259 2863 ardenter
1281 2824 1357 2865 hoc
1379 2826 1487 2868 desi-

1173 2909 1195 2934 κ
1232 2898 1257 2937 2
