1905 3254
705 286 815 316 sess.
843 287 935 317 vin.
1470 278 1554 318 615

538 408 629 455 Die
654 412 682 455 8
712 409 935 457 Octobris
966 414 1105 458 1563.

149 519 380 561 Absolutis
403 521 594 561 omnium
618 523 844 563 sententiis
864 523 917 564 de
938 523 1254 574 reformatione,
1283 527 1438 569 ineunt
1465 528 1548 569 Le-

93 591 187 646 gati
223 591 466 642 consilium,
500 599 549 633 ut
583 593 726 634 Sessio
762 594 979 636 habeatur
1010 596 1125 637 intra
1164 599 1215 638 15
1249 597 1352 645 dies,
1385 599 1429 639 in
1460 614 1551 655 qua

93 663 355 705 definiantur
375 679 474 720 quae
498 664 554 705 ad
585 666 922 708 matrimonium¹
947 675 990 709 et
1018 668 1074 709 ad
1106 670 1154 709 21
1183 671 1386 712 articulos
1416 673 1549 712 refor-

90 737 330 778 mationum
364 738 594 793 pertinent.
659 738 834 780 Caetera
867 747 1015 782 autem
1048 741 1305 784 differantur
1338 743 1382 784 in
1418 745 1548 785 aliam

92 809 345 851 sessionem.
427 810 586 860 Quare,
636 814 781 854 coacta
834 812 1019 869 Congrne
1066 814 1261 860 Patrum‚
1306 814 1549 857 Cardinalis

91 882 302 924 Moronus
330 884 389 925 sic
408 884 620 940 loquutus
642 892 706 926 est
722 909 776 915 —
799 886 846 926 Si
868 900 931 934 ea,
955 901 1054 942 quae
1076 893 1293 942 optamUS,
1311 894 1353 929 et
1385 888 1547 929 delibe-

89 971 251 1005 ramus,
274 957 399 998 nobis
419 958 647 999 succedere
669 973 839 1014 semper
862 966 1051 1014 possent,
1076 975 1159 1000 non
1184 967 1297 1001 esset
1330 976 1405 1002 cur
1436 977 1548 1003 nunc

90 1029 144 1071 de
181 1029 248 1071 his
284 1044 513 1086 ageremus
547 1045 656 1086 quas
695 1030 854 1072 dicturi
887 1047 1051 1080 sumus,
1081 1048 1158 1073 nee
1197 1034 1256 1085 Sta
1287 1035 1489 1089 Synodus
1524 1051 1548 1076 a

89 1109 204 1143 recto
226 1117 357 1143 cursu
380 1118 457 1144 suo
480 1103 571 1144 ulla
590 1119 636 1144 re
657 1103 958 1159 impediretur.
1021 1104 1185 1145 Verum
1210 1122 1259 1146 ea
1276 1113 1340 1148 est
1361 1107 1548 1149 conditio

89 1181 348 1230 temporum,
382 1182 432 1216 ut
463 1171 721 1232 plerumque
759 1191 810 1217 ea
853 1180 968 1232 quae*
1001 1177 1144 1217 minus
1186 1178 1408 1219 commoda
1447 1188 1548 1220 sunt

90 1248 220 1289 etiam
243 1255 408 1304 praeter
429 1249 737 1305 cogitationem
761 1250 845 1290 sint
866 1249 1080 1305 eligenda.
1146 1251 1283 1295 Scitis,
1307 1252 1424 1306 quod
1447 1253 1548 1293 alifis

90 1320 398 1376 proposuimus
429 1321 541 1361 inter
563 1322 766 1362 articulos
788 1322 1106 1362 reformationis
1128 1323 1259 1363 ctiam
1282 1324 1394 1364 illud
1415 1333 1548 1380 caput

90 1393 156 1442 35,
180 1392 296 1449 quod
317 1400 485 1449 spectat
507 1393 561 1434 ad
582 1401 821 1449 potestates
844 1395 1088 1442 saeculares,
1113 1403 1162 1436 ut
1184 1395 1297 1437 illud
1324 1412 1419 1437 cum
1453 1398 1550 1439 aliis

90 1466 429 1507 examinaretur.
492 1466 656 1508 Verum
670 1468 892 1508 nobiscum
908 1474 1093 1523 egerunt
1111 1467 1318 1509 Oratores
1333 1468 1548 1511 Cres-areae

90 1538 353 1594 MaJestatiS,
377 1546 421 1580 et
447 1539 627 1580 aliorum
651 1539 824 1596 Regum
849 1556 896 1581 ae
919 1541 1205 1596 Principum,3
1237 1548 1286 1582 ut
1310 1541 1441 1583 detur
1464 1543 1549 1584 illis

90 1620 267 1668 tempus
302 1611 358 1653 ad
378 1612 687 1654 consulendum
721 1613 945 1669 Principes
972 1628 1072 1654 suos
1094 1629 1227 1669 super
1263 1615 1412 1655 multis
1448 1630 1548 1671 quae

88 1687 174 1728 illis
194 1701 318 1727 novae
342 1685 558 1735 videntur,
576 1694 620 1728 et
643 1686 851 1728 adversus
874 1687 1111 1743 privilegia
1134 1694 1178 1728 et
1196 1688 1548 1730 consuetudiness

90 1767 135 1802 et
173 1760 436 1801 ordinariam
468 1767 733 1817 potestatem
766 1761 811 1801 in
838 1760 928 1800 suis
960 1760 1229 1808 Provinciis3
1272 1767 1316 1802 et
1351 1763 1549 1817 quamvis

91 1834 293 1875 Caesarea
314 1833 425 1882 Mt³³‚
453 1848 554 1889 quae
591 1848 764 1889 semper
790 1833 1038 1874 libertatem
1061 1834 1212 1889 potius
1236 1838 1392 1889 juvare
1415 1849 1547 1890 quam

89 1909 337 1964 opprimere
359 1909 542 1957 curavit,
564 1923 648 1948 non
671 1913 798 1962 putet
819 1907 902 1947 ista
923 1906 978 1947 ad
998 1921 1042 1948 se
1059 1907 1290 1961 pertinere,
1306 1914 1451 1948 tamen
1469 1923 1548 1963 pro

89 1982 243 2038 majori
265 1982 413 2037 quiete
435 1981 689 2037 Regnorum
711 1994 904 2028 suorum,
928 1986 970 2020 et
1001 1987 1050 2020 ut
1086 1979 1258 2020 facilius
1280 1980 1423 2020 omnia
1455 1995 1548 2021 suc-

90 2055 254 2104 cedant,
279 2055 401 2111 cupit
424 2061 467 2096 et
485 2054 538 2095 de
561 2053 627 2094 his
649 2052 907 2100 deliberare,
927 2058 969 2093 et
986 2051 1137 2093 itidem
1152 2053 1298 2093 caeteri
1314 2053 1547 2109 principes,

90 2129 214 2169 nobis
241 2129 332 2169 visa
354 2135 419 2169 est
440 2127 531 2168 haec
555 2126 712 2182 petitio
739 2125 866 2166 inniti
889 2126 991 2166 satis
1013 2126 1144 2181 justis
1166 2126 1420 2172 rationibus,
1445 2140 1545 2181 quae

90 2208 330 2258 coegerunt
364 2216 454 2249 nos,
487 2207 536 2241 ut
568 2199 660 2240 haec
694 2198 820 2239 vobis
849 2212 1217 2253 proponeremus3
1250 2212 1333 2237 non
1371 2196 1547 2253 quidem

91 2274 338 2315 auferentes
361 2274 484 2314 vobis
505 2273 754 2313 libertatem
779 2278 978 2319 vestram,
1002 2271 1133 2310 immo
1156 2270 1233 2310 hoc
1265 2276 1405 2311 totum
1438 2270 1544 2310 deli-

92 2347 303 2389 berationi
326 2354 481 2388 vestrae
504 2347 814 2402 relinquentes.
879 2345 994 2384 Sunt
1016 2351 1165 2384 autem
1183 2343 1370 2383 rationes
1384 2343 1548 2391 multae,

91 2421 254 2477 quibus
271 2421 392 2476 justa
410 2419 586 2461 videtur
598 2434 745 2461 eorum
763 2418 920 2474 petitio
938 2434 945 2456 :
980 2417 1046 2463 P0,
1068 2424 1117 2457 ut
1131 2416 1227 2456 Deo
1249 2422 1356 2457 rem⁴
1373 2424 1543 2472 gratam

90 2494 313 2542 faciamus,
335 2508 450 2541 nam,
474 2491 593 2548 quod
614 2492 777 2532 bonum
801 2497 865 2531 est
887 2496 931 2530 et
954 2489 1134 2529 celerius
1158 2489 1366 2544 explicari
1389 2489 1544 2530 debet:

90 2568 149 2615 2⁰,
175 2574 224 2608 ut
245 2567 479 2608 sarciamus
495 2570 710 2621 jacturam
725 2570 956 2620 praetensae
978 2562 1209 2610 dilationis,
1224 2569 1268 2603 et
1281 2563 1544 2603 redimamus

135 2656 143 2674 ¹
171 2656 349 2693 Materiam,
366 2655 435 2685 MS.

131 2710 144 2727 ²
168 2710 241 2745 Quo
255 2709 411 2749 precedes,
425 2708 530 2748 joined
546 2712 576 2736 to
592 2707 707 2737 minus.
725 2706 781 2736 but
797 2705 870 2735 with
887 2716 925 2736 ιω
941 2710 1089 2745 apparent
1107 2704 1260 2742 meaning.

132 2764 145 2781 ³
168 2763 233 2793 The
248 2762 437 2793 contractiori
453 2761 617 2792 resembles
634 2760 712 2799 ch.

134 2815 147 2832 ⁴
173 2815 252 2851 Non,
275 2815 345 2845 MS.
