1905 3254
364 257 418 297 96
1004 272 1111 302 sess.
1138 272 1199 301 111.

367 379 530 434 quibus
551 379 714 435 ingenii
737 378 883 419 lumen
908 379 1085 434 aliquod
1108 384 1354 433 appareret,
1385 377 1500 417 illius
1518 376 1816 432 contagionem

365 458 519 507 postea
555 451 643 491 fere
680 451 829 498 evasit,
867 452 931 492 ita
966 458 1015 492 ut
1056 450 1281 491 videretur
1320 449 1555 505 aliquando
1595 449 1709 489 inter
1748 463 1819 489 eos

369 524 654 565 Cacodaemon
678 524 993 565 calumniarum
1011 539 1187 564 suarum
1213 557 1219 563 .
1257 557 1265 564 .
1303 528 1342 571 .,¹
1368 522 1483 562 unde
1500 536 1656 563 nomen
1673 520 1819 569 traxit,

367 597 586 638 effudisse.
651 597 737 639 Sed
767 597 859 638 haec
892 611 1129 653 progressu
1157 595 1362 651 temporis
1383 595 1539 636 clarius
1560 608 1818 650 apparuere.

368 670 513 717 Nunc,
536 669 775 711 multorum
793 669 941 710 studia
962 670 1005 709 in
1026 669 1106 709 hac
1124 668 1194 709 vel
1208 668 1283 709 illa
1303 668 1505 723 opinione
1523 673 1637 708 arcte
1660 666 1823 707 tuenda

370 756 418 782 ac
439 741 699 782 celebranda
720 742 860 797 magis
882 741 1236 796 occupabantur3
1270 741 1471 796 quocirca
1493 746 1537 780 et
1557 743 1695 794 major
1717 753 1821 794 quo-

370 814 477 855 tidie
499 815 691 854 omnium
714 814 901 855 aviditas
928 815 1179 870 augebatur
1209 813 1498 869 intelligendi,
1531 828 1618 868 quo
1650 812 1823 853 tandem

369 887 455 927 ista
476 893 617 927 essent
639 901 842 927 evasura.

431 959 544 998 Cum
583 958 721 1014 igitur
754 958 845 999 dics
881 959 905 1000 7
941 959 1109 1014 Aprilis
1141 958 1365 999 sententiis
1402 956 1592 998 dicendis
1627 957 1826 1012 praestita

369 1030 632 1079 advenisset,
665 1032 867 1087 plerique
891 1032 1045 1075 Patres
1069 1031 1148 1072 hac
1170 1031 1223 1071 de
1250 1046 1294 1071 se
1316 1030 1617 1086 expectatione
1639 1029 1827 1085 permoti

372 1104 479 1145 adeo
500 1104 656 1145 deinde
677 1105 832 1161 longos
853 1120 905 1145 ea
927 1104 978 1145 de
1000 1120 1045 1145 re
1066 1119 1284 1145 sermones
1314 1103 1582 1152 habuerunt,
1615 1110 1665 1144 ut
1699 1102 1827 1143 multi

371 1177 464 1218 dies
496 1177 698 1217 omnibus
724 1177 951 1218 audiendis
984 1178 1088 1218 satis
1110 1193 1193 1218 non
1221 1178 1410 1226 fuerint3
1444 1184 1488 1217 et
1511 1176 1715 1232 quoniam
1736 1175 1825 1216 fere

371 1251 543 1291 infinita
578 1257 692 1300 sunt,
726 1266 825 1306 quae
858 1250 939 1292 1100
976 1258 1238 1306 argumento
1272 1250 1521 1291 residentiae
1556 1250 1601 1290 in
1634 1250 1825 1292 medium

373 1324 510 1365 allata
551 1324 741 1373 fuerunt,
784 1324 1050 1366 commodius
1091 1325 1252 1373 censui,
1285 1325 1479 1365 omnium
1520 1339 1732 1365 summam
1764 1339 1827 1366 re-

372 1396 523 1453 digere
556 1396 612 1437 ad
644 1398 839 1452 quinque
875 1412 1017 1437 rerum
1053 1412 1228 1453 genera,
1262 1396 1305 1436 in
1348 1396 1510 1451 quibus
1551 1396 1827 1451 potissimum

373 1477 475 1511 sunt
508 1471 684 1519 versati,
720 1485 774 1510 ne
802 1470 981 1526 singula
1009 1469 1269 1511 recensendo
1300 1469 1500 1510 molestia
1522 1469 1720 1525 legentes
1742 1468 1829 1509 affi-

375 1543 500 1591 ciam,
523 1543 765 1598 praesertim
789 1558 884 1582 cuin
908 1542 1057 1583 eadem
1076 1557 1101 1582 a
1117 1542 1246 1582 variis
1268 1542 1434 1582 fuerint
1454 1542 1655 1597 repetita.

433 1615 630 1655 Primum
664 1614 772 1655 illud
804 1615 900 1662 fuit,
935 1614 1049 1655 unde
1071 1629 1218 1655 omncs
1240 1621 1342 1655 sunt
1363 1614 1518 1661 exorsi,
1541 1613 1832 1665 ostendentes,

375 1703 507 1744 quam
536 1688 828 1729 necessarium
863 1689 919 1729 sit
952 1689 1197 1744 Episcopos
1229 1687 1434 1736 residere,
1470 1694 1513 1728 et
1544 1693 1652 1742 quot
1671 1687 1831 1727 incom-

375 1761 517 1809 moda,
551 1777 604 1802 ex
637 1776 789 1802 eorum
827 1762 1037 1810 absentia,
1074 1761 1119 1801 in
1144 1759 1443 1801 Christianum
1473 1761 1622 1801 orbem
1659 1760 1743 1801 sint
1770 1761 1833 1801 in-

376 1843 525 1886 vecta3
549 1851 679 1891 quam
704 1836 899 1891 graviter
920 1835 1031 1876 hanc
1049 1834 1249 1876 Canones
1266 1836 1497 1876 Pastorum
1518 1834 1831 1890 negligentiam

375 1923 547 1964 semper
579 1909 662 1949 sint
690 1908 920 1958 detestati3
959 1915 1002 1948 et
1024 1922 1156 1963 quam
1180 1908 1304 1948 enixe
1326 1906 1507 1962 posthac
1529 1907 1584 1948 sit
1605 1907 1705 1949 huic
1728 1908 1834 1949 vitio

377 1981 701 2022 occurrendum.
767 1980 956 2030 Quidam
990 1981 1121 2021 etiam
1156 1995 1180 2020 a
1212 1995 1258 2020 10
1288 1981 1512 2036 proposita
1539 1979 1834 2036 digredientes

376 2053 560 2109 ingressi
582 2059 682 2093 sunt
704 2067 798 2093 eam
822 2053 1105 2108 quaestionem
1125 2067 1217 2094 csse
1239 2051 1520 2093 residentiam
1543 2053 1657 2108 juris
1685 2052 1832 2099 divini,

378 2127 541 2182 quibus
573 2133 615 2168 et
648 2127 722 2166 alii
756 2142 883 2182 aeque
913 2133 1037 2167 extra
1066 2141 1155 2167 rem
1190 2127 1558 2174 contradixerunt,
1592 2142 1689 2168 cum
1718 2141 1834 2184 nunc

377 2216 461 2242 non
496 2208 718 2256 ageretur,
750 2207 918 2242 essetne
945 2200 1057 2256 juris
1088 2199 1241 2248 divini,
1278 2216 1330 2241 an
1366 2202 1524 2250 minus,
1558 2200 1634 2241 sed
1661 2200 1740 2242 hoc
1771 2206 1836 2242 est

378 2274 497 2331 quod
514 2274 760 2315 Concilium
784 2275 892 2315 inire
909 2274 1060 2330 possit,
1082 2288 1134 2314 ne
1158 2275 1335 2315 Praelati
1353 2275 1574 2316 Ecclesias
1589 2290 1688 2316 suas
1708 2275 1835 2315 relin-

378 2355 542 2405 quant:
581 2349 652 2389 cui
688 2350 750 2389 rei
787 2363 1041 2404 quanquam
1075 2348 1297 2402 responsio
1329 2348 1405 2389 illa
1436 2363 1520 2388 non
1548 2349 1836 2405 incongruens

378 2422 627 2472 videbatur,
661 2429 712 2463 ut
745 2422 906 2463 scilicet
939 2421 1183 2476 explicetur
1210 2421 1290 2462 hoc
1320 2437 1410 2462 esse
1432 2428 1703 2477 praeceptum
1722 2423 1835 2477 juris

378 2494 532 2543 divini,
566 2501 712 2535 tamen
745 2494 868 2535 locus
903 2493 971 2534 hic
1005 2493 1059 2534 ad
1092 2493 1362 2535 tractandam
1397 2495 1696 2550 quaestionem,
1727 2495 1838 2536 sitne

380 2576 456 2610 aut
477 2583 561 2609 non
583 2569 650 2617 sit,
672 2583 757 2608 non
782 2567 986 2624 proprius
1009 2572 1106 2621 ejus
1128 2568 1401 2608 censebatur.
1465 2568 1567 2609 Una
1588 2575 1732 2609 tamen
1753 2568 1838 2609 fuit

379 2643 572 2683 omnium
604 2641 685 2682 hac
713 2640 766 2682 de
800 2655 846 2681 rc
881 2641 1107 2687 sententia,
1143 2640 1249 2681 adeo
1280 2640 1569 2681 necessarium
1592 2656 1699 2692 esse,
1722 2641 1838 2682 Prae-

379 2715 493 2756 latos
533 2714 740 2756 Ecclesiis
782 2714 872 2754 suis
912 2713 1132 2760 interesse,
1176 2720 1226 2753 ut
1267 2713 1495 2768 potissima
1526 2712 1617 2754 haec
1653 2713 1707 2754 sit
1738 2726 1838 2768 pars

1044 2800 1052 2818 ¹
1078 2801 1172 2830 Virus
1184 2800 1198 2830 ἵ)

1894 196 1900 203 ι
1893 0 1901 189 -..Ὗωψ-ο-η
