1905 3254
686 293 797 323 sess.
823 293 886 323 111.
1455 281 1535 322 113

75 399 183 440 hanc
224 414 314 440 rem
353 400 598 455 attigerant.
670 399 759 440 Alii
802 401 1037 442 verborum
1079 401 1345 442 obscuritate
1386 403 1530 443 omnia

74 471 360 512 involverant.
442 472 656 513 Nonnulli
697 473 829 514 etiam
866 478 939 529 jus
985 473 1162 529 quidem
1205 473 1402 516 divinum
1442 489 1529 516 non

73 545 346 600 objecerant:
386 560 439 586 an
474 545 519 586 id
555 553 700 587 tamen
741 545 1048 588 declarandum
1085 554 1198 587 esset
1233 546 1354 588 haud
1390 563 1526 604 appa-

73 618 223 658 ruerit.
290 617 440 674 Hujus
474 618 536 658 rei
570 618 865 673 perplexitate
901 618 1103 659 commoti
1140 618 1278 674 legati
1312 626 1526 667 statuunt,

72 690 267 730 omnium
302 691 539 731 sententias
573 705 626 730 ex
658 690 879 746 inopinato
913 691 1106 732 breviter
1140 698 1339 746 repetere
1358 709 1367 741 ;
1409 691 1529 747 quod

71 769 217 803 tamen
239 762 554 811 dissimulatur,
570 763 766 811 fortasse,
784 778 852 811 ne,
871 762 974 804 dato
991 763 1046 803 ad
1062 763 1347 819 cogitandum
1370 765 1526 819 spatio,

72 839 257 890 majores
297 836 491 877 oriantur
531 851 583 877 ex
624 837 861 891 composito
900 838 1215 878 controversiae.
1291 837 1408 887 Quin
1450 837 1529 879 hoc

71 908 229 964 ipsum,
260 922 336 949 nec
368 923 465 949 cum
499 908 750 956 Simonettil,
774 909 856 948 nisi
885 908 1040 956 obiter,
1075 924 1172 949 cum
1209 910 1251 949 in
1284 910 1526 951 concionem

73 980 309 1036 prodirent,
343 982 705 1022 communicatum
742 981 872 1022 fuisse
911 981 1047 1037 aliqui
1082 981 1377 1031 affirmarunt3
1409 982 1528 1037 quod

71 1053 179 1094 mihi
201 1061 348 1095 tamen
368 1053 487 1094 haud
509 1060 675 1094 certum
699 1060 776 1093 est.

131 1126 423 1183 Congregatis
463 1127 600 1182 igitur
637 1127 846 1167 Patribus
887 1126 956 1167 die
994 1128 1048 1167 20
1086 1128 1269 1183 Aprilis,
1308 1129 1383 1183 qui
1424 1143 1526 1169 sane

72 1199 366 1240 memorabilis
398 1206 477 1246 est,
510 1199 566 1239 ob
602 1214 674 1240 eas
709 1215 809 1255 quae
845 1199 999 1241 deinde
1035 1209 1137 1242 sunt
1173 1208 1331 1241 secutae
1366 1201 1524 1242 dissen·

70 1272 223 1320 siones,
247 1272 526 1321 secretarius,
547 1277 675 1328 jussu
698 1273 961 1329 legatorum,
987 1274 1094 1330 legit
1114 1290 1213 1329 quae
1235 1282 1495 1330 sequuntur.

129 1347 343 1397 Quoniam
369 1347 497 1388 multi
519 1346 673 1387 Patres
700 1346 917 1394 dixerunt,
941 1347 1244 1389 declarandam
1269 1349 1398 1390 etiam
1423 1350 1525 1390 resi-

70 1419 259 1460 dentiam
293 1435 384 1461 esse
414 1420 467 1461 de
487 1421 587 1475 jure
611 1419 785 1470 divin03
820 1420 894 1461 alii
924 1421 977 1461 de
1004 1436 1055 1461 ca
1076 1437 1120 1463 re
1143 1422 1315 1463 nullum
1341 1423 1524 1464 verbum

69 1492 288 1542 fecerunt3
323 1492 396 1533 alii
419 1508 535 1541 vero,
563 1507 647 1533 non
679 1507 770 1533 esse
805 1492 1040 1533 faciendam
1069 1493 1407 1535 declarationem
1431 1510 1525 1536 cen-

69 1573 263 1614 suerunt,
287 1573 336 1607 ut
368 1566 534 1613 Patres,
558 1567 634 1621 qui
665 1565 821 1606 delecti
856 1566 1035 1607 fuerunt
1069 1567 1123 1607 ad
1160 1568 1422 1609 conficienda
1453 1569 1525 1610 dc-

69 1646 185 1681 creta
200 1640 365 1695 possint
387 1655 438 1680 ea
460 1640 601 1680 tutius
617 1639 834 1687 conficere,
849 1639 992 1680 dicant
1007 1640 1338 1682 Dominationes
1356 1649 1524 1689 vestrae,

70 1713 340 1768 paucissimis
374 1712 613 1760 sententiis,
637 1727 715 1767 per
739 1712 923 1752 verbum
948 1712 1108 1759 Placet,
1133 1713 1202 1752 vel
1230 1714 1328 1753 Non
1362 1713 1526 1763 Placet,

71 1786 245 1833 vellent,
267 1801 411 1833 necne,
439 1785 673 1834 declarare,
710 1783 986 1825 residentiam
1022 1800 1113 1825 csse
1140 1786 1252 1840 Juris
1284 1785 1442 1835 divini3
1477 1794 1526 1827 ut

70 1876 125 1901 ex
147 1860 300 1917 majori
321 1874 502 1900 numero
525 1867 722 1900 votorum
747 1866 791 1899 et
813 1859 1123 1900 sententiarum
1147 1860 1312 1914 possint
1335 1860 1526 1902 Decreta

68 1934 289 1980 conscribi,
309 1932 678 1989 quemadmodum
701 1933 743 1972 in
766 1931 843 1972 hac
868 1932 1024 1972 Sancta
1047 1931 1220 1987 Synodo
1243 1947 1412 1988 semper
1432 1933 1525 1975 fieri

70 2006 316 2047 consuevit:
347 2005 424 2060 qui
447 2004 622 2060 quidem
648 2020 871 2051 numerus,
890 2020 943 2046 ex
963 2004 1173 2046 varietate
1195 2006 1522 2055 sententiarum,

68 2095 180 2121 nunc
202 2087 395 2121 constare
416 2093 499 2119 non
524 2078 710 2120 videtur.
772 2079 933 2119 Dicant
965 2086 1109 2119 autem
1133 2079 1197 2120 ita
1217 2079 1333 2121 clare
1365 2087 1408 2122 et
1439 2081 1523 2122 dis-

69 2153 212 2202 tincte,
235 2161 285 2194 ut
307 2168 454 2194 eorum
481 2160 583 2193 vota
605 2152 800 2193 adnotari
824 2153 1004 2207 possint.

127 2227 214 2268 His
235 2227 370 2274 lectis,
395 2227 548 2267 Patres
570 2226 659 2267 fere
682 2240 841 2273 omnes,
864 2226 938 2280 qui
973 2225 1070 2266 aliis
1102 2225 1154 2266 de
1187 2226 1318 2266 rebus
1340 2242 1522 2283 praeme-

69 2300 196 2342 ditati
219 2307 520 2346 convenerant,
543 2315 640 2340 cum
664 2299 810 2340 vident
833 2298 887 2339 ad
910 2313 1064 2339 novam
1087 2298 1341 2353 petitionem
1362 2299 1447 2340 sibi
1469 2315 1523 2340 cx

70 2381 262 2430 tempore
283 2390 374 2416 esse
398 2373 760 2429 respondendum,
784 2388 917 2429 seque
946 2372 1161 2428 angustiis
1194 2371 1279 2411 illis
1309 2372 1521 2420 concludi,

70 2455 120 2489 ut
155 2455 324 2490 tantum
362 2448 526 2495 Placet,
564 2448 633 2488 vel
672 2448 773 2488 Non
812 2447 974 2493 Placet,
1013 2444 1202 2485 debeant
1236 2444 1442 2499 proferre,
1479 2445 1522 2485 in

69 2521 352 2577 suspicionem
384 2521 530 2563 statim
566 2522 758 2568 veniunt,
781 2519 872 2560 haec
905 2518 958 2559 de
992 2517 1207 2558 industria
1229 2532 1253 2557 a
1273 2517 1430 2572 legatis
1459 2518 1523 2558 ita

69 2593 198 2634 fuisse
220 2595 469 2649 composita,
495 2601 544 2635 ut
567 2593 733 2649 aliquid
756 2593 811 2633 ab
834 2592 884 2632 iis
906 2591 1049 2631 minus
1071 2589 1335 2630 considerate
1358 2588 1521 2630 dictum

71 2673 370 2722 extorqueant.
435 2666 639 2722 Hincque
676 2681 759 2707 non
793 2665 903 2706 levis
939 2664 980 2703 in
1018 2670 1111 2704 tota
1146 2662 1347 2702 concione
1384 2662 1524 2704 oritur

71 2741 319 2789 susurratio,
355 2755 514 2796 anceps
546 2739 740 2780 omnium
775 2736 1048 2784 consultatio,
1082 2742 1237 2776 cuncta
1278 2734 1385 2776 adeo
1426 2750 1523 2792 per-

72 2812 203 2855 mixte
225 2814 310 2871 agi,
334 2820 384 2855 ut
407 2812 546 2855 adhuc
575 2813 700 2854 nulla
722 2810 1020 2868 Congregatio
1049 2823 1174 2865 aeque
1197 2808 1330 2850 fuerit
1351 2815 1522 2865 pertur-

1281 2896 1291 2921 1
