1905 3254
703 282 818 312 sssss.
846 282 920 312 vn.
1453 265 1535 307 567

81 385 175 440 giis,
199 391 249 425 ut
272 385 314 427 in
339 401 370 426 c.
398 386 433 425 1.
458 384 511 425 de
532 385 657 427 elect.
720 385 790 426 De
812 400 1023 427 consensu
1054 387 1240 442 capituli
1271 387 1535 442 intelligitur

80 457 133 497 de
166 457 294 505 facto,
318 457 445 498 sicuti
482 458 526 498 in
557 459 833 499 matrimonio
864 459 888 499 l.
924 459 1000 499 sed
1035 466 1078 500 et
1110 474 1210 514 quae
1246 459 1299 500 de
1335 460 1531 515 Sponsal.

81 529 134 570 In
155 529 198 568 2⁰
219 529 494 570 renovandus
517 530 666 571 Canon
691 530 893 571 Chalced.
916 531 1100 586 loquens
1117 531 1171 572 de
1188 532 1533 579 Consecratione,

79 601 156 656 qui
175 601 338 656 excipit
359 615 519 649 casum,
549 602 630 641 nisi
660 603 920 652 necessitas3
954 609 999 643 et
1021 603 1125 658 quia
1162 603 1295 658 aliqui
1328 603 1536 645 dixerunt

79 673 291 714 tollendas
311 688 402 714 esse
424 673 501 714 has
522 675 800 729 exceptiones
821 675 925 729 quia
947 682 1046 716 sunt
1059 675 1261 715 fenestrae
1283 675 1338 715 ad
1354 675 1533 716 eluden-

76 746 183 787 dum
207 748 285 788 SS.
310 754 354 788 et
374 748 557 788 recitata
578 747 664 788 fuit
680 749 793 803 opin.
814 748 944 789 Fran.
969 748 1022 789 de
1045 748 1251 796 Victoria,
1271 748 1349 803 qui
1367 749 1440 795 ait,
1463 764 1533 789 ex-

77 821 241 876 pedire,
264 828 314 862 ut
335 836 419 861 non
442 820 720 876 dispensetur
734 821 895 876 aliquis
912 823 1043 862 etiam
1062 836 1115 862 ex
1130 822 1380 862 rationabili
1394 837 1532 868 causa,

75 909 176 935 nam
199 901 422 951 repugnat
443 894 483 934 d.
511 894 753 935 Concilium
778 894 1042 936 Chalcedon.
1060 902 1105 936 et
1127 895 1291 936 Concil.
1316 896 1529 937 Nicenum

75 982 108 1007 e.
133 966 168 1007 si
202 982 282 1023 pro
314 967 506 1008 remedio
532 968 566 1007 l.
592 975 637 1022 qC
658 966 693 1009 7.
716 974 759 1008 et
781 983 812 1008 e.
839 968 906 1008 35.
932 975 977 1022 qe
997 968 1034 1008 3.
1059 975 1103 1008 et
1121 983 1153 1008 c.
1178 975 1228 1008 ut
1251 969 1530 1009 constituere-

75 1047 148 1080 tur
188 1039 243 1079 50
283 1039 381 1080 dist.
421 1046 466 1080 et
506 1056 538 1080 e.
579 1046 622 1079 et
662 1039 741 1080 illa
786 1041 820 1080 l.
854 1055 887 1080 c.
925 1040 964 1081 7.
1001 1047 1045 1080 et
1086 1041 1129 1080 in
1170 1056 1202 1080 c.
1239 1040 1340 1080 Dno
1375 1041 1532 1081 Sancto

75 1112 130 1152 50
162 1111 258 1153 dist.
323 1112 375 1152 In
412 1112 470 1160 3⁰,
506 1111 680 1152 videtur
715 1120 861 1154 contra
897 1113 923 1153 l.
959 1113 1171 1168 Episcopi
1203 1113 1238 1154 7.
1277 1120 1322 1168 qe
1349 1115 1385 1155 l.
1420 1128 1531 1169 poen.

73 1184 128 1226 de
151 1192 379 1226 consecrat.
405 1185 587 1233 Eccles.³
613 1192 656 1226 et
683 1201 718 1227 e.
742 1185 861 1241 quod
897 1185 1019 1226 sedes
1040 1185 1093 1226 de
1116 1186 1222 1226 offic.
1247 1187 1337 1227 ord.
1402 1188 1454 1227 In
1475 1188 1533 1235 4⁰,

73 1257 127 1298 de
148 1257 385 1313 Episcopis
416 1257 684 1305 titularibus,
708 1258 784 1313 qui
807 1258 905 1298 olim
928 1258 1093 1299 fiebant
1116 1273 1141 1298 a
1171 1257 1448 1307 Patriarchis,
1471 1259 1535 1299 illi

73 1337 199 1371 erant
233 1330 410 1378 abusus,
441 1345 520 1370 nec
562 1331 674 1371 enim
714 1331 1063 1386 designabantur
1103 1331 1158 1371 ad
1199 1338 1361 1372 certam
1400 1332 1532 1372 ullam

72 1403 326 1444 Ecclesiam.
388 1403 451 1443 Et
472 1402 537 1443 his
559 1404 784 1459 provisum
808 1411 874 1444 est
896 1418 976 1458 per
998 1404 1242 1459 Extravag.
1276 1405 1415 1445 Bonif.
1439 1420 1530 1460 cap.

75 1476 366 1517 Sacrosancta.
430 1475 503 1516 Illi
527 1491 631 1516 vero
654 1477 730 1531 qui
758 1483 1072 1531 promoventur
1100 1477 1142 1517 in
1168 1476 1305 1517 Curia
1331 1477 1532 1519 titulares

73 1557 188 1598 sunt,
213 1550 284 1591 vel
308 1549 613 1605 coadjutores,
638 1549 798 1605 quibus
821 1550 1071 1604 assignatur
1092 1550 1218 1604 prius
1230 1550 1302 1590 ille
1319 1551 1531 1614 titularis3

72 1630 118 1664 et
147 1622 215 1663 his
248 1621 376 1663 credo
409 1621 517 1663 nihil
546 1622 675 1677 objici
713 1637 854 1677 posse,
889 1637 985 1662 cum
1020 1622 1297 1677 assignentur
1318 1622 1378 1662 eis
1400 1629 1530 1663 certae

72 1695 292 1743 Ecclesiae,
316 1701 360 1736 et
380 1694 572 1736 habeant
586 1702 747 1735 certam
762 1695 1021 1750 portionem,
1036 1694 1217 1735 Clerum
1236 1701 1280 1735 et
1295 1695 1529 1750 Populum,

71 1775 117 1810 et
137 1769 231 1810 sim.
290 1768 378 1809 Alii
400 1783 502 1808 vero
524 1768 728 1808 titularcs
744 1767 1002 1808 ordinantur
1025 1767 1080 1807 ad
1102 1782 1174 1808 eas
1195 1767 1413 1808 Ecclesias
1437 1775 1529 1809 tan-

71 1848 181 1890 tum,
214 1842 258 1882 in
290 1841 455 1897 quibus
484 1847 584 1880 sunt
619 1840 819 1895 reliquiae
858 1840 1223 1888 Christianorum,
1248 1847 1323 1880 aut
1345 1847 1410 1881 est
1431 1855 1530 1896 spes

71 1915 221 1970 aliqua
243 1929 316 1956 eos
337 1913 642 1969 recuperandi,
667 1920 744 1953 aut
766 1920 868 1953 sunt
899 1913 1049 1953 vicinae
1073 1912 1239 1969 Regnis
1266 1912 1529 1954 Christiano-

70 2003 192 2038 rum3
226 1995 268 2029 et
289 1987 387 2028 ideo
406 1987 451 2027 in
474 2001 622 2027 eorum
647 1986 793 2026 Bullis
815 1986 1054 2041 apponitur
1074 1985 1288 2029 clausula,
1311 1992 1362 2026 ut
1389 1986 1529 2026 confe-

68 2068 167 2102 rant
190 2076 234 2102 se
257 2059 541 2116 personaliter
566 2058 621 2099 ad
643 2074 743 2100 suas
765 2059 997 2100 Ecclesias.
1043 2058 1172 2099 Dixit
1190 2057 1348 2099 deinde
1368 2059 1529 2100 multos

69 2149 151 2175 non
175 2134 285 2175 bene
306 2134 554 2181 instructos,
578 2133 701 2173 varia
722 2133 954 2188 protulisse
972 2139 1122 2173 contra
1143 2132 1347 2172 officiales
1365 2131 1527 2181 Curiae,

70 2207 146 2263 qui
167 2221 392 2262 nunquam
417 2205 617 2246 viderant
640 2204 837 2252 Curiam,
861 2219 939 2245 nec
961 2205 1102 2246 sciunt
1118 2205 1328 2245 rationem
1346 2205 1525 2245 istorum

69 2280 318 2321 officiorum.
382 2279 499 2320 Nam
536 2279 661 2334 origo
696 2278 877 2319 istorum
913 2278 998 2318 fuit
1028 2277 1246 2324 instituta,
1276 2277 1395 2332 quia,
1433 2292 1528 2318 cum

69 2367 230 2410 magna
248 2352 426 2408 negotia
461 2351 516 2392 ad
543 2351 712 2393 Urbem
735 2351 1013 2398 confluerent,
1042 2366 1172 2391 causa
1203 2350 1526 2398 beneficiorum,

69 2433 119 2467 ut
159 2425 324 2467 rectius
355 2424 498 2465 omnia
530 2423 828 2480 procederent.
873 2430 916 2465 et
952 2423 1109 2479 gratiae
1149 2423 1285 2477 Papae
1314 2421 1370 2462 ad
1404 2436 1528 2463 suam

69 2499 251 2540 formam
274 2497 594 2554 redigerentur,
618 2497 744 2538 electi
767 2503 868 2537 sunt
890 2496 998 2536 varii
1021 2495 1117 2536 Viri
1140 2509 1298 2551 graves
1320 2501 1364 2535 et
1383 2495 1527 2551 periti,

69 2572 234 2628 quibus
256 2587 336 2613 sua
356 2572 509 2612 munia
529 2578 632 2612 sunt
653 2570 892 2611 distributa
913 2584 992 2625 pro
1014 2567 1298 2623 expediendis
1320 2567 1459 2609 literis
1486 2575 1529 2609 et

70 2646 225 2702 gratia.
290 2645 396 2686 Ideo
418 2644 730 2701 assignandum
754 2644 839 2684 fuit
860 2643 946 2683 illis
969 2656 1212 2698 congruum
1245 2642 1525 2697 stipendium,

70 2718 191 2774 quod
213 2717 384 2766 dicitur,
407 2717 460 2758 de
485 2718 524 2758 T
529 2732 625 2763 axa,
647 2717 690 2757 in
713 2715 904 2757 Concilio
927 2715 1223 2756 Lateranensi.
