1905 3254
343 301 425 341 566
968 317 1077 346 sess.
1101 316 1176 346 vn.

346 425 550 471 vationes,
574 439 798 480 regressus
832 431 875 465 et
909 426 1017 472 sim.,
1041 431 1085 465 et
1108 424 1405 479 exemptiones
1435 424 1728 470 exterminari,
1753 432 1797 464 et

344 497 488 537 omnia
510 498 701 553 aucupia
721 496 924 553 captandi
938 498 1166 544 Beneficia,
1184 504 1228 537 et
1243 496 1576 537 nundinationes
1592 495 1799 536 radicitus

344 570 485 611 evelli.
534 571 679 626 Igitur
700 570 881 625 posthae
900 570 1121 611 Ordinarii
1144 572 1323 626 plenum
1340 572 1412 627 jus
1440 571 1482 611 in
1505 585 1585 611 sua
1605 570 1799 611 Dioecesi

342 643 546 684 habeant.

402 716 631 757 Bobiensis
670 716 880 772 loquutus
912 723 977 757 est
1007 716 1060 757 de
1095 717 1495 773 dispensationibus
1526 722 1675 757 contra
1705 731 1797 757 sen·

343 790 524 830 tentiam
555 790 779 837 Lucensis,
832 790 1094 845 respondens
1139 790 1360 845 aliquibus
1405 793 1500 844 ejus
1542 788 1797 836 rationibus,

343 868 388 902 et
423 862 541 917 quod
573 862 729 902 melius
765 868 829 903 est
865 878 914 903 eo
949 863 1075 911 bono,
1111 862 1228 917 quod
1264 862 1319 902 ab
1351 861 1459 917 ipsis
1492 859 1798 916 praetenditur,

343 950 500 981 carere,
542 950 674 990 quam
717 934 886 990 aliquid
925 935 1157 976 detrahere
1206 934 1259 975 de
1310 949 1479 975 summa
1531 933 1798 974 authoritate

344 1009 515 1048 Summi
546 1008 783 1056 Poutifieis,
818 1015 860 1048 et
892 1007 970 1048 hoe
1003 1008 1191 1063 pessimo
1233 1007 1432 1062 exemplo
1463 1013 1657 1047 sternere
1682 1007 1798 1047 via-m

341 1082 555 1137 improbis
572 1081 841 1123 diminuendi
862 1095 1113 1137 supremam
1135 1086 1397 1136 potestatem
1421 1078 1506 1120 Sffli.

398 1157 459 1198 N.
484 1156 785 1197 Ibernus—In
820 1156 961 1210 primo
982 1169 1065 1196 non
1088 1155 1233 1209 placet
1255 1152 1373 1208 quod
1394 1152 1558 1193 dietum
1580 1152 1633 1193 de
1663 1152 1798 1207 Papa,

340 1244 418 1270 nee
459 1229 661 1270 omnibus
693 1228 788 1268 aliis
824 1228 929 1268 locis
961 1229 1005 1268 in
1041 1227 1108 1268 his
1140 1227 1338 1268 decretis.
1401 1226 1518 1266 Nam
1556 1231 1620 1265 est
1652 1232 1799 1266 eontra

343 1301 565 1342 Canonem
588 1300 817 1348 edendum,
842 1301 876 1341 si
911 1301 1009 1356 quis
1040 1300 1200 1341 dixerit
1223 1299 1411 1340 Ordines
1443 1299 1609 1352 absque
1645 1297 1798 1353 populi

340 1388 546 1414 consensu
570 1374 647 1414 &e.
666 1372 919 1414 Anathema
939 1373 1005 1413 sit.

398 1446 635 1487 Tullensisl
657 1446 713 1486 N.
740 1445 1057 1487 Ibernus2—In
1078 1446 1123 1485 40
1140 1460 1184 1486 se
1206 1457 1432 1499 nunquam
1456 1443 1685 1499 agnovisse
1720 1442 1796 1484 hos

340 1519 574 1560 Titulares.

396 1590 983 1639 Urbevetanus-Placeret,
1007 1598 1057 1631 ut
1078 1590 1170 1631 haee
1193 1589 1393 1645 Synodus
1426 1594 1623 1629 uteretur
1645 1587 1796 1628 eodem

339 1663 530 1705 remedio
552 1664 663 1705 circa
695 1664 860 1704 abusus
893 1664 1126 1713 Ordinum,
1149 1663 1310 1718 quibus
1343 1677 1421 1702 usa
1442 1668 1508 1702 est
1540 1660 1797 1701 Viennensis

340 1739 554 1795 Synodus,
578 1746 630 1780 ut
661 1745 849 1794 apparet
869 1753 923 1778 ex
955 1737 1278 1778 Constitutione
1299 1736 1418 1777 edita
1448 1736 1491 1775 in
1513 1750 1563 1776 eo
1587 1734 1793 1775 Concilio.

338 1813 433 1853 Nee
456 1813 617 1860 obstat,
642 1811 761 1867 quod
783 1812 919 1866 aliqui
950 1811 1104 1852 Patres
1125 1809 1270 1850 dicant
1292 1824 1356 1856 ea,
1380 1824 1480 1864 quae
1502 1814 1669 1849 statuta
1691 1814 1794 1848 sunt

337 1886 381 1926 in
404 1886 433 1927 J
438 1900 515 1926 ure
540 1884 758 1925 Canonieo
778 1899 862 1924 non
892 1898 983 1924 esse
1006 1883 1173 1939 ubique
1195 1883 1386 1923 locorum
1418 1888 1594 1936 recepta
1624 1888 1667 1922 et
1697 1896 1794 1936 cog-

339 1960 459 2000 nita.³
501 1959 590 1999 Hie
610 1957 862 2014 responderi
884 1963 1041 2013 potest,
1056 1963 1106 1997 ut
1122 1971 1201 2012 per
1218 1956 1452 1997 Nicolaum
1467 1956 1636 2010 Papam
1652 1955 1695 1995 in
1712 1970 1747 1995 c.
1764 1955 1795 1994 si

339 2032 531 2073 Decreta
551 2031 606 2072 ΞΟ
626 2031 759 2078 Dist.,
783 2037 827 2072 et
850 2030 1036 2071 Carolus
1069 2044 1254 2084 magnus
1280 2030 1325 2069 in
1362 2043 1441 2069 sua
1475 2027 1795 2069 Constitutione

337 2104 451 2146 idem
474 2104 596 2146 dixit.
644 2104 696 2145 In
717 2104 859 2160 primo
881 2103 1083 2145 servandi
1103 2103 1309 2144 videntur
1323 2102 1525 2143 Canones
1546 2101 1731 2157 antiqui,
1747 2107 1797 2142 ut

339 2179 383 2218 in
406 2194 440 2219 c.
468 2178 732 2219 Catinensis⁴
752 2177 802 2217 61
829 2177 957 2223 Dist„
981 2184 1025 2217 et
1051 2177 1095 2216 in
1117 2192 1147 2217 c.
1170 2176 1223 2216 de
1253 2176 1384 2216 Petro
1404 2175 1459 2216 67
1482 2174 1611 2221 Dist.,
1634 2181 1677 2215 et
1698 2174 1741 2214 in
1763 2189 1795 2214 c.

338 2251 446 2291 nihil
467 2251 521 2292 de
544 2252 668 2292 elect.
711 2251 876 2291 Verum
894 2257 970 2297 est,
990 2249 1107 2304 quod
1128 2250 1173 2290 in
1186 2249 1385 2289 Romana
1400 2247 1549 2295 Curia,
1568 2262 1653 2288 non
1675 2246 1793 2288 adhi-

338 2325 469 2364 betur
484 2324 670 2380 diligens
685 2323 910 2378 inquisitio
928 2323 1042 2363 eirea
1059 2335 1221 2370 mores3
1244 2335 1344 2361 nam
1360 2320 1506 2361 Innoe.
1522 2320 1648 2375 Papa
1664 2320 1794 2375 scrip-

338 2398 393 2439 sit
410 2398 454 2438 id
467 2398 572 2439 satis
585 2398 805 2453 praesumi,
821 2412 917 2437 cum
933 2397 990 2437 sit
1005 2395 1192 2451 qualitas
1204 2395 1446 2440 intrinseca,
1460 2400 1510 2434 ut
1523 2394 1565 2434 in
1580 2409 1611 2435 e.
1625 2393 1791 2435 dudum

339 2472 391 2512 de
416 2478 689 2528 praesumpt„
712 2478 756 2512 et
776 2473 818 2511 in
841 2487 875 2513 e.
897 2472 935 2512 1.
957 2477 1089 2511 scrut.
1113 2470 1157 2510 in
1178 2468 1266 2510 ord.
1301 2468 1514 2524 Episcopi
1542 2483 1595 2509 ex
1616 2468 1788 2509 institu-

337 2546 452 2586 tione
474 2545 621 2586 divina
642 2545 868 2602 eliguntur
885 2559 910 2585 a
923 2544 1056 2585 Petro
1078 2550 1121 2585 et
1138 2558 1163 2584 a
1177 2543 1301 2598 Papa
1317 2558 1351 2583 c.
1379 2543 1413 2582 l.
1435 2542 1504 2584 26.
1528 2542 1624 2583 dist.
1643 2543 1680 2582 2.
1702 2549 1745 2583 et
1760 2558 1793 2582 e.

339 2619 621 2659 sacrosancta
642 2619 698 2658 22
718 2618 818 2658 dist.
839 2625 882 2658 et
903 2618 948 2658 in
966 2618 1033 2659 80.
1055 2616 1154 2657 dist.
1178 2630 1259 2671 per
1281 2621 1358 2661 tot,
1381 2621 1425 2656 et
1448 2615 1491 2654 in
1512 2629 1605 2670 eap.
1620 2615 1791 2655 omnino

338 2693 393 2731 ²22
425 2691 522 2732 dist.
554 2692 662 2747 glos.
688 2707 778 2747 cap.
809 2705 1060 2747 quanquam
1089 2690 1142 2731 de
1168 2689 1291 2730 elect.
1315 2689 1369 2737 6.,
1393 2695 1437 2729 et
1468 2689 1633 2730 Lucius
1667 2689 1791 2744 Papa

337 2764 419 2804 fuit
447 2766 626 2820 primus,
650 2765 726 2819 qui
748 2764 1000 2805 concesserit
1022 2765 1096 2819 jus
1117 2762 1309 2818 eligendi
1336 2762 1558 2818 Capitulis
1581 2769 1624 2802 et
1646 2761 1788 2802 Colle-

425 2866 431 2883 )
458 2866 641 2897 Tutelensis.
729 2866 740 2883 ²
764 2866 900 2896 Gallus?
995 2868 1007 2884 ‘⁷
1032 2868 1205 2905 Incognita,
1225 2867 1290 2896 MS.
1368 2868 1402 2905 »⁴
1428 2867 1611 2900 Catimenti,
1630 2867 1699 2895 MS.

1882 786 1895 855 vanas-⁴
1882 691 1896 782 ..qn-vm·v
1882 653 1889 689 -r
1882 460 1890 643 --.-⁴-a=->.n.,.
1880 320 1887 454 ‹nm-..-⁴-
