1905 3254
648 301 760 332 SESS.
785 300 861 333 vu.
1406 285 1489 325 303

88 406 364 448 Variniensis
386 406 632 463 subjunxit,
666 408 828 450 mirum
864 423 970 457 esse,
1004 423 1076 449 eos
1096 407 1158 449 nil
1180 407 1301 449 aliud
1322 413 1489 463 petere,

31 479 113 519 nisi
148 479 315 535 ubique
351 479 431 519 hoe
464 480 549 520 Jus
587 479 811 531 divinum3
856 481 974 537 quod
1009 481 1141 522 etiam
1178 481 1214 522 si
1249 486 1486 527 statuatur,

30 551 140 592 nihil
175 552 230 592 ad
261 567 350 593 rem
379 552 610 608 pertineat,
644 552 819 607 quando
853 568 933 594 nec
966 554 1178 594 Haeretici
1209 553 1289 595 hoc
1315 559 1491 609 negent.

32 623 121 664 Hic
144 624 422 679 segobiensis
443 624 689 680 replicavit,
711 625 798 665 imo
821 632 864 666 et
882 625 1119 666 Calvinum
1141 631 1184 666 et
1206 625 1314 665 alios
1341 640 1491 679 quam-

31 696 181 751 plures
201 695 247 736 id
267 695 540 750 improbare3
573 711 760 751 cumque
782 697 924 738 multa
939 696 1060 737 ultro
1083 697 1277 752 citroque
1298 696 1491 737 diceren-

34 776 117 814 tur,
156 769 443 809 Granatensis
478 769 636 823 inquit,
659 784 743 810 non
772 784 897 825 posse
933 784 1005 810 eos
1034 784 1119 810 non
1150 770 1332 810 moleste
1369 770 1491 816 ferre,

32 840 166 881 verba
189 840 266 880 illa
286 847 484 895 tempore
507 841 532 880 J
539 840 622 880 ulii
647 840 736 882 III.
763 842 978 897 apposita,
1003 856 1115 882 nunc
1137 842 1212 890 ita,
1235 842 1494 883 inconsultis

33 911 258 960 Patribus,
296 913 474 953 sublata
506 912 669 963 fuisse3
712 921 949 969 propterea
979 929 1023 954 se
1065 929 1240 955 causam
1276 930 1411 964 suam,
1450 922 1494 956 et

33 984 154 1040 apud
185 986 356 1041 Regem
393 1002 520 1027 suum
554 993 598 1028 et
630 986 735 1028 alios
771 987 1023 1027 Catholicos
1054 988 1275 1043 principes
1302 988 1494 1043 quando-

34 1073 208 1114 cunque
243 1060 544 1116 exposituros3
588 1067 631 1101 et
666 1061 702 1100 si
740 1060 859 1116 quod
893 1060 992 1101 hinc
1025 1060 1277 1102 scandalum
1313 1062 1493 1109 oriatur,

39 1132 212 1172 Illusmas
234 1132 564 1175 Dominationes
586 1148 686 1174 suas
707 1134 746 1174 ei
769 1148 943 1174 causam
965 1134 1243 1189 praebituras.

91 1206 306 1247 Profer-tis
338 1207 437 1248 inde
470 1206 699 1261 Hispanis,
737 1207 913 1262 Legati,
949 1221 1099 1246 eorum
1127 1206 1382 1262 petitionem
1410 1222 1495 1248 non

37 1291 139 1317 sane
162 1277 396 1318 absurdam
418 1277 827 1325 animadvertentes,
861 1278 1073 1318 rationem
1096 1277 1204 1318 inire
1226 1278 1421 1333 cupiunt,
1446 1284 1497 1319 ut

30 1349 166 1404 justae
190 1349 476 1404 querimoniae
498 1350 664 1390 occasio
686 1350 823 1390 omnis
844 1348 1125 1405 praecidatur.
1190 1349 1350 1404 Itaque
1382 1365 1497 1397 nova

32 1421 254 1462 conficitur
278 1421 468 1462 Canonis
490 1422 693 1470 formula,
728 1437 830 1477 quae
865 1422 986 1478 Epos
1021 1422 1046 1461 J
1054 1437 1130 1463 ure
1159 1421 1309 1463 divino
1341 1422 1495 1463 consti-

36 1502 166 1545 tutos,
190 1496 309 1553 quod
329 1497 517 1552 Hispani
540 1496 872 1545 contendebant,
897 1497 1064 1538 asserit.
1126 1497 1261 1553 Papae
1285 1504 1431 1538 tamen
1453 1497 1495 1537 in

38 1584 110 1611 eos
131 1576 394 1626 potestatem
418 1585 542 1625 aeque
565 1576 727 1618 tuetur,
749 1570 793 1610 in
815 1570 882 1610 his
903 1571 1072 1611 verbis:

97 1645 144 1684 Si
177 1644 275 1698 quis
306 1643 478 1692 dixerit,
511 1643 824 1698 Episcopalem
849 1650 1111 1698 potestatem
1135 1643 1376 1692 ordinandi,
1400 1658 1496 1683 con-

38 1716 255 1764 firmandi,
299 1715 495 1764 docendi,
528 1730 613 1755 non
648 1730 739 1756 esse
775 1716 888 1757 Jure
929 1715 1077 1755 divino
1117 1716 1384 1764 institutum,
1427 1715 1499 1757 vel

39 1789 361 1831 jurisdictionis
384 1794 646 1845 potestatem
669 1803 802 1843 quam
825 1788 1037 1843 Episcopi
1067 1787 1232 1829 habent
1252 1803 1338 1828 non
1360 1803 1452 1829 esse
1474 1803 1499 1829 a

42 1862 216 1903 Christo
249 1862 440 1902 Domino
476 1862 519 1902 in
551 1861 759 1902 Pontifice
793 1859 1003 1909 Romano,
1038 1862 1132 1916 ejus
1154 1860 1340 1908 Vicario,
1369 1861 1498 1902 colla-

41 1942 145 1984 tam,
180 1950 282 1991 quae
315 1936 358 1975 in
389 1935 648 1991 Episcopos,
681 1948 779 1974 eum
807 1933 852 1974 in
878 1940 1049 1989 partem
1072 1933 1359 1974 solicitudinis
1381 1948 1498 1974 assu-

38 2012 230 2055 muntur,
255 2007 310 2047 ab
332 2007 427 2062 ipso
450 2006 689 2054 derivatur,
721 2011 799 2046 aut
828 2005 987 2046 dixerit
1021 2005 1263 2060 Episcopos
1293 2019 1379 2045 non
1405 2019 1497 2046 esse

43 2079 314 2136 Presbyteris
335 2080 602 2135 superiores3
638 2078 803 2120 Anath.
827 2079 897 2120 sit.

98 2153 265 2195 Verum
306 2152 375 2194 die
424 2153 637 2208 sequenti,
684 2152 762 2207 qui
791 2152 878 2192 suit
915 2151 965 2191 31
1007 2151 1210 2192 Octobris
1244 2151 1502 2193 Patriarcha

45 2225 484 2283 Hierosolymitanus,
508 2225 849 2281 AquilegiensiS,
872 2224 1082 2272 Venetus,
1105 2231 1149 2265 et
1169 2223 1502 2281 Archiepiscopi

45 2300 342 2356 quamplures,
365 2315 413 2341 ac
434 2299 648 2355 Episcopi
671 2298 786 2345 Itali,
815 2297 1009 2352 Legatos
1030 2297 1303 2344 conveniunt,
1327 2305 1502 2353 petunt-

44 2386 129 2428 que
165 2372 221 2413 ab
251 2371 333 2421 his,
366 2372 572 2428 quoniam
605 2370 792 2411 audiunt
824 2368 1096 2425 quorundam
1119 2368 1407 2423 petitionibus
1438 2385 1504 2411 res

46 2444 255 2501 protrahi,
278 2453 328 2486 ut
347 2460 475 2500 aequa
495 2445 689 2485 omnium
712 2444 824 2485 ratio
847 2442 1077 2484 habeatur.
1141 2442 1274 2490 Nam,
1297 2457 1395 2483 cum
1418 2442 1504 2483 dis-

48 2519 219 2573 putatio
254 2519 310 2560 sit
343 2519 454 2560 circa
486 2518 707 2559 Canonem
738 2518 794 2557 3¹¹¹
822 2531 963 2572 nuper
994 2516 1281 2571 propositum,
1310 2530 1364 2556 ex
1392 2530 1505 2557 nunc

49 2598 213 2646 petere,
250 2599 302 2633 ut
335 2591 444 2632 nihil
476 2592 521 2632 in
554 2606 603 2632 co
629 2592 901 2637 immutetur,
936 2588 1114 2644 quando
1135 2604 1161 2629 a
1181 2588 1383 2644 plurimis
1404 2595 1506 2630 tunc

50 2664 281 2718 probatum
316 2664 460 2706 suerit.
523 2664 685 2721 Legati
716 2662 993 2719 respondent,
1025 2676 1069 2703 se
1103 2661 1291 2702 maxime
1332 2662 1507 2704 studere

49 2736 197 2790 synodi
213 2737 536 2793 tranquillitati,
553 2753 606 2779 ex
629 2752 718 2793 qua
740 2736 878 2779 Pium
899 2736 1093 2777 omnium
1116 2735 1307 2791 dignitas
1323 2736 1508 2791 amplifi-

52 2813 196 2849 catur:
231 2809 286 2849 ab
320 2808 532 2864 Hispanis
566 2809 770 2865 quaedam
813 2808 906 2864 peti
938 2823 1021 2849 non
1058 2807 1231 2849 omnino
1259 2807 1507 2861 rejicienda,
