1905 3254
678 284 788 314 sess.
816 284 891 313 vn.
1430 270 1506 309 541

54 394 296 448 explicetur
323 393 378 434 ab
410 392 570 433 infimis
604 392 658 433 ad
690 408 931 448 supremos,
956 393 1024 434 vel
1046 408 1068 434 e
1091 400 1268 444 contra3
1301 394 1431 434 etiam
1455 393 1509 434 de

55 464 379 506 Cardinalibus.
432 464 501 504 De
519 465 660 519 primo
675 465 751 506 fiat
768 480 949 507 examen
971 466 1104 507 etiam
1125 466 1169 506 in
1191 466 1508 507 consecratione

53 538 265 594 diligens;
309 546 353 579 et
385 538 544 579 vellem
578 544 628 578 ut
663 553 825 586 omnes,
868 545 1086 594 quotquot
1121 546 1222 579 sunt
1262 540 1307 579 in
1351 539 1508 586 Sacris,

51 612 181 653 hodie
214 612 581 659 examinarentur,
613 617 655 652 et
676 626 761 652 non
792 611 935 652 idonei
967 612 1341 667 suspenderentur
1376 628 1400 654 a
1431 613 1510 653 Di-

54 684 177 726 vinis.
242 684 457 735 Quoniam
481 699 584 724 vero
606 684 734 724 multi
758 684 922 724 abusus
944 691 1172 724 versantur
1202 685 1312 725 circa
1346 686 1509 740 triplex

53 756 272 798 electionis
290 772 443 814 genus,
464 746 580 812 quod
602 756 730 797 hodie
754 762 819 797 est
840 757 884 796 in
907 772 1004 804 usu,
1022 772 1104 813 ego
1122 761 1210 797 vos*-
1232 758 1353 798 brevi
1369 757 1509 799 indice

53 830 385 886 comprehensos
418 829 644 886 deputatis
677 829 801 870 dabo.
866 829 917 869 In
947 837 1118 885 quarto,
1141 830 1353 871 tollantur
1376 832 1510 871 verba

52 903 364 944 contumeliosa
395 904 437 944 in
470 904 728 959 Episcopus,
751 904 854 944 item
890 903 967 944 illa
995 918 1100 944 ansa
1123 903 1506 958 dispensationum,

53 990 106 1017 ex
128 990 216 1032 qua
237 983 302 1017 tot
329 977 445 1017 mala
471 977 666 1032 profecta
685 984 800 1024 sunt,
823 983 955 1031 prout
976 977 1019 1017 in
1042 977 1137 1017 aliis
1172 977 1284 1025 locis,
1309 978 1386 1018 ubi
1407 985 1509 1019 sunt

52 1050 266 1106 apposita,
291 1050 430 1091 veluti
465 1050 509 1090 in
544 1066 577 1090 c.
602 1050 655 1091 de
684 1050 836 1098 multa,
860 1049 913 1090 de
941 1049 1138 1105 praeben.
1161 1050 1204 1089 in
1225 1049 1294 1089 fin.
1358 1050 1508 1091 Placet

49 1124 195 1172 etiam,
221 1131 270 1165 ut
306 1124 458 1165 Canon
503 1123 690 1164 Concilii
728 1122 1092 1163 Chalcedonensis
1131 1124 1175 1163 in
1214 1130 1354 1164 totum
1390 1124 1507 1163 inno-

50 1205 229 1239 varetur
257 1203 391 1254 juxta
422 1198 829 1254 interpretationem
862 1212 1004 1252 nuper
1033 1196 1196 1237 editam
1231 1212 1255 1237 a
1290 1197 1508 1238 Gentiano

9 1308 15 1313 .
50 1273 153 1314 satis
185 1272 308 1314 docte
342 1279 387 1313 et
421 1273 523 1328 pie;
557 1279 600 1313 et
633 1272 825 1326 amplius
857 1277 1092 1326 oporteret,
1116 1270 1159 1309 in
1194 1278 1287 1312 tota
1314 1271 1509 1312 Ecclesia

52 1346 303 1387 Christiana
338 1346 618 1386 constitut0s¹
661 1359 752 1385 esse
796 1343 958 1399 gradus
992 1358 1090 1384 cum
1127 1344 1217 1384 suis
1253 1345 1508 1386 muneribus

50 1426 94 1462 et
128 1419 256 1461 certis
286 1418 529 1466 Beneficiis,
554 1417 671 1473 quod
703 1416 1009 1457 difficillimum
1044 1423 1167 1457 esset.
1230 1416 1442 1473 Episcopi
1465 1426 1509 1459 et

53 1493 309 1535 Cardinales
329 1493 436 1534 fiant
457 1507 542 1532 non
564 1491 740 1531 minoris
769 1490 913 1531 aetatis
941 1504 1152 1530 annorum
1186 1504 1346 1539 xxxx'.;
1381 1497 1424 1530 et
1455 1490 1507 1530 si-

50 1566 212 1607 militer
246 1564 453 1606 Canonici
488 1564 565 1612 illi,
599 1563 673 1619 qui
709 1562 872 1604 habent
904 1567 978 1618 jus
1013 1560 1205 1617 eligendi
1243 1561 1506 1617 Episcopos:

49 1639 126 1695 qui
148 1653 250 1680 vero
271 1638 477 1678 minorem
509 1643 688 1677 aetatem
722 1635 901 1684 habent,
924 1636 1155 1691 priventur
1177 1649 1279 1675 voce
1301 1636 1444 1675 activa
1466 1641 1510 1675 et

50 1714 236 1770 passiva.
301 1711 396 1753 Alii
437 1710 644 1751 Canonici
689 1710 733 1750 in
775 1725 873 1750 xxv.
914 1709 1062 1758 annis3
1112 1707 1379 1749 Subdiaconi
1418 1724 1505 1756 xx.,

51 1786 234 1828 Diaconi
254 1801 373 1835 xxv„
394 1785 649 1841 Presbyteri
670 1798 771 1824 xxx.
836 1783 1015 1824 Caetera
1041 1798 1065 1824 a
1093 1782 1309 1829 Patribus,
1332 1789 1375 1823 et
1396 1797 1506 1838 prae-

49 1860 197 1901 sertim
215 1859 270 1900 ab
288 1858 500 1914 Hispanis
517 1864 561 1899 et
583 1857 739 1905 Gallis,
759 1872 859 1912 quae
880 1857 934 1897 ad
949 1856 1208 1897 severiorem
1230 1855 1506 1911 disciplinam

50 1934 284 1990 pertinent,
306 1932 472 1988 prob03
505 1938 548 1972 et
582 1937 632 1971 ut
665 1945 798 1986 quam
829 1931 1020 1986 primum
1045 1935 1204 1985 agatur
1225 1928 1277 1968 de
1300 1928 1508 1969 Ecclesiis

52 2006 396 2048 Cathedralibus
417 2003 738 2047 commendatis.

107 2077 432 2134 Aquensis—in
460 2077 615 2132 primo,
651 2083 700 2117 ut
742 2075 1139 2131 Comprovinciales
1182 2075 1388 2129 Episcopi
1429 2088 1507 2129 per

51 2159 214 2193 secreta
244 2150 458 2208 suffragia
489 2150 656 2206 eligant
684 2149 854 2206 dignos,
877 2155 922 2189 et
943 2148 977 2188 si
999 2148 1091 2189 fieri
1113 2153 1257 2203 potest
1277 2146 1331 2187 de
1353 2146 1505 2187 eadem

48 2225 256 2274 Dioecesi‚
278 2232 321 2267 et
342 2224 606 2266 confirmatio
629 2238 653 2264 a
672 2223 796 2278 Papa
816 2228 1007 2277 petatur.

106 2298 376 2347 Ostunensis,
413 2301 539 2353 cujus
574 2297 848 2343 sententiam,
884 2301 934 2336 ut
976 2295 1031 2335 ab
1064 2293 1214 2334 eodem
1246 2293 1505 2348 descriptam

51 2372 304 2427 accepimus,
339 2371 410 2412 hic
446 2385 557 2426 pure
590 2369 861 2411 referendam
894 2367 1114 2408 duximus.
1168 2365 1237 2404 De
1259 2365 1324 2411 iis,
1346 2365 1504 2419 inquit,

53 2458 153 2500 quae
176 2445 300 2485 vobis
332 2444 555 2499 proposita
586 2449 690 2484 sunt
720 2443 784 2482 ita
815 2441 966 2487 dicam,
991 2445 1041 2479 ut
1070 2437 1305 2492 propositis
1326 2437 1505 2491 quibus-

51 2515 150 2560 dam
183 2517 514 2565 communibus;
549 2523 642 2557 tum
674 2515 728 2556 ad
764 2513 960 2570 singulos
997 2511 1199 2551 Canones
1235 2508 1504 2552 descendam.

50 2589 381 2645 Expenduntur
401 2605 426 2631 a
446 2590 571 2630 nobis
593 2588 794 2630 Canones
815 2586 1099 2627 reformantes
1129 2582 1293 2622 abusus
1324 2581 1506 2623 ordinis:

51 2663 201 2720 igitur,
224 2671 274 2705 ut
307 2678 630 2720 cognoscamus,
653 2676 706 2702 an
742 2661 769 2700 ii
805 2659 1003 2699 Canones
1025 2657 1188 2697 abusus
1211 2654 1385 2695 Ordinis
1405 2657 1509 2697 satis

96 2767 103 2786 ¹
129 2769 263 2810 Perhaps
278 2769 341 2799 this
354 2767 467 2799 should
483 2769 519 2797 be
536 2778 603 2804 eoi-33
628 2767 684 2795 hut
700 2766 749 2795 the
765 2764 862 2794 whole
877 2768 1018 2794 sentence
1036 2761 1060 2791 is
1077 2761 1213 2791 obscure.

94 2820 107 2839 ²
128 2822 193 2852 The
209 2822 291 2852 word
308 2822 339 2851 in
355 2821 406 2852 the
423 2821 455 2851 M
463 2822 493 2851 S.
512 2821 536 2850 is
552 2820 725 2855 destitutos,
745 2817 847 2847 which
864 2817 918 2846 has
933 2826 972 2846 no
986 2818 1134 2854 apparent
1149 2813 1305 2851 meaning.
