1905 3254
666 294 776 324 SEss.
801 295 863 324 111.
1429 281 1508 320 105

107 397 299 455 Majorcs
326 400 474 447 nostri,
508 414 603 440 cum
639 399 691 441 de
726 401 997 456 poenitentia,
1032 416 1128 442 cum
1157 400 1211 442 de
1240 402 1383 442 usuris
1404 416 1504 458 age-

49 479 159 521 rent,
195 480 328 529 atque
360 473 562 515 humanis
594 475 888 516 sanctionibus
911 475 1306 517 animadverterent
1328 490 1372 517 se
1394 475 1504 517 diffi-

49 547 172 588 cilius
213 547 268 588 ad
308 562 393 595 035,
435 562 544 603 quas
585 548 836 603 cupiebant,
880 549 1000 604 leges
1042 548 1337 590 observandas
1379 564 1505 605 posse

51 621 214 661 animos
239 620 463 661 hominum
497 619 725 667 adducere,
761 621 815 661 ad
844 621 956 676 juris
989 620 1127 662 divini
1157 622 1504 677 explicationem,

48 700 259 748 tanquam
299 692 354 734 ad
393 698 588 748 optatam
630 693 796 733 consilii
839 694 905 734 sui
947 694 1160 736 rationem
1197 695 1503 751 confugerunt.

49 766 134 808 Sed
149 781 357 822 quorsum
379 766 500 807 haee?
533 766 670 815 Quasi
694 782 796 808 vero
817 766 861 807 id
884 767 1129 809 rationibus
1151 768 1503 824 persuadendum

48 839 104 880 sit
125 837 243 894 quod
264 838 401 879 officio
424 853 471 879 ae
488 839 746 879 necessitate
769 840 901 880 ctiam
921 839 1191 888 adducimur,
1215 847 1264 881 ut
1283 840 1503 882 faciamus.

50 911 184 952 Multi
211 912 302 967 jam
338 910 501 951 ordinis
533 912 667 952 nostri
704 912 858 952 Patres
888 916 1055 954 summa
1089 913 1255 969 pietate
1288 914 1333 954 id
1370 929 1504 955 unum

49 984 284 1040 petierunt,
327 991 377 1025 ut
412 1000 499 1040 quo
535 1000 651 1025 nexu
687 985 774 1025 sint
810 986 988 1033 astricti,
1024 990 1203 1042 cujusve
1238 987 1505 1028 authoritate

47 1074 208 1101 munus
242 1059 321 1100 hoc
354 1060 414 1100 eis
456 1060 510 1100 sit
548 1059 815 1107 mandatum,
861 1075 914 1100 an
958 1060 1058 1108 Dei,
1102 1075 1155 1101 an
1191 1062 1409 1116 Apostoli,
1452 1077 1505 1103 an

47 1132 272 1180 Ecclesiae,
298 1147 352 1173 an
374 1133 544 1173 Summi
566 1133 800 1181 Pontificis,
819 1133 1022 1173 certiores
1042 1133 1160 1174 fiant.
1215 1134 1331 1184 Quin
1353 1134 1505 1176 Eccle-

49 1204 209 1246 siarum
233 1219 411 1246 suarum
432 1206 617 1246 nomine'
635 1207 710 1261 jus
732 1206 815 1245 sibi
833 1205 888 1245 ab
911 1204 989 1245 hoc
1006 1206 1275 1248 sanctissimo
1292 1207 1506 1249 tribunali

48 1277 132 1319 dici
152 1278 426 1328 contendunt,
460 1294 548 1334 qua
569 1278 728 1319 scilicet
749 1278 859 1334 lege,
895 1284 971 1318 aut
994 1278 1206 1327 instituto,
1229 1283 1501 1321 commissum

49 1351 134 1392 sibi
166 1352 384 1408 populum
416 1367 570 1408 regere
604 1357 866 1392 teneantur:
903 1351 1179 1392 conciliorum
1212 1352 1257 1392 id
1278 1354 1503 1409 proprium

49 1438 139 1465 esse
163 1425 296 1472 aiunt,
319 1439 418 1480 quae
442 1425 528 1466 sint
549 1424 650 1473 Dei,
683 1439 872 1480 quaeque
906 1423 1145 1473 hominum,
1181 1426 1505 1468 constitutiones

51 1500 145 1540 aliis
177 1501 358 1556 aperire.
422 1501 525 1542 Jam
560 1501 658 1555 quis
689 1499 756 1540 hic
777 1500 966 1555 negandi
988 1501 1363 1556 tergiversandive
1386 1502 1506 1543 locus

49 1573 286 1628 excogitari
308 1574 479 1628 potest?
526 1572 678 1613 Fidem
704 1579 905 1620 vestram,
922 1573 1231 1628 justitiamque
1254 1573 1503 1628 implorant.

51 1645 309 1701 Cujusmodi
332 1660 432 1686 vero
449 1645 698 1701 justitiam?
744 1645 908 1685 Lucem
932 1644 1101 1685 ostendi
1115 1662 1124 1695 3
1159 1646 1385 1687 veritatem
1409 1662 1505 1702 pro-

50 1717 190 1767 ferre,
217 1719 291 1773 jus
312 1717 508 1758 divinum
543 1723 643 1757 ante
666 1716 859 1756 omnium
887 1716 1033 1756 oculos
1068 1717 1192 1771 poni;
1225 1718 1506 1759 conscientias

50 1790 191 1832 sedari
202 1806 212 1839 3
236 1805 506 1831 communem
524 1790 708 1831 salutem
728 1796 860 1845 atque
878 1790 1245 1844 tranquillitatem
1259 1789 1507 1833 Christiano

51 1864 146 1906 orbi
176 1863 398 1920 patefieri:
432 1862 524 1903 haec
546 1863 833 1910 dissimulare,
857 1862 949 1903 haec
971 1877 1186 1910 recusare,
1211 1863 1310 1918 quis
1341 1864 1507 1920 absque

54 1944 217 1978 aeterna
238 1937 324 1978 Dci
341 1936 656 1992 indignatione,
681 1937 853 1992 piorum
877 1936 1068 1976 omnium
1093 1935 1339 1985 offensione,
1364 1944 1408 1978 et
1428 1938 1506 1979 im-

51 2011 223 2053 mortali
244 2010 381 2066 hujus
404 2018 640 2052 conventus
663 2011 853 2059 infamia,
879 2011 1048 2066 possit?

111 2086 174 2126 At
196 2091 403 2126 verentur
425 2085 576 2140 aliqui,
608 2085 735 2126 nimis
759 2100 893 2141 grave
911 2089 1072 2140 jugum
1095 2085 1332 2127 cervicibus
1353 2088 1508 2128 nostris

52 2157 226 2213 imponi,
249 2158 285 2198 si
305 2158 347 2198 in
370 2158 576 2198 Dioceses
598 2165 829 2213 perpetuo,
853 2157 931 2198 hac
954 2157 1068 2213 lege,
1090 2157 1343 2213 religemur.
1381 2159 1508 2215 Igno-

53 2237 149 2272 rant
179 2230 225 2272 hi
254 2231 448 2287 profecto
474 2230 554 2271 hoc
577 2245 715 2285 genus
743 2237 1062 2287 praeeeptorum
1085 2231 1363 2281 suavitatem,
1387 2239 1436 2272 ut
1458 2248 1510 2273 ea

54 2317 184 2360 saepe,
217 2319 272 2345 ex
306 2303 388 2344 loci
419 2304 713 2360 temporisque
743 2303 989 2344 conditione
1017 2303 1312 2344 remittantur.
1376 2304 1509 2345 Inhu-

55 2390 228 2418 manum
262 2384 374 2418 esset
409 2377 522 2418 velle
564 2377 713 2433 Epum
746 2377 808 2417 ita
843 2376 1002 2416 finibus
1037 2376 1163 2416 certis
1194 2376 1430 2423 includere,
1461 2384 1510 2418 ut

58 2447 200 2504 glebae
240 2449 453 2506 ascriptus
494 2449 728 2497 videretur,
769 2463 912 2504 neque
954 2448 1037 2488 alio
1078 2456 1225 2503 quam·z
1266 2448 1301 2488 si
1341 2449 1510 2505 lapides

57 2522 191 2578 pluat,
214 2530 347 2578 queat
368 2538 412 2564 se
434 2523 544 2564 coelo
565 2529 805 2578 contegere.
871 2520 1086 2563 Praesidet
1117 2536 1287 2576 semper
1309 2521 1383 2562 illa
1396 2523 1511 2578 juris

43 2596 191 2637 omnis
211 2596 475 2637 moderatrix
494 2597 692 2653 aequitaS‚
709 2611 756 2636 ae
771 2596 880 2637 scita
897 2609 1178 2651 quancunque
1195 2594 1333 2636 veluti
1348 2596 1512 2636 Lesbia

57 2669 223 2724 regula,
247 2670 301 2710 ad
323 2685 466 2710 rerum
489 2671 655 2726 figuras
683 2669 898 2718 deflectit;
934 2668 1161 2724 permittet
1182 2668 1322 2723 igitur
1344 2667 1508 2717 eadem,

61 2748 121 2788 ut,
154 2743 222 2783 vel
251 2743 460 2784 Ecclesia*
491 2743 774 2789 Universalis,
809 2749 887 2783 aut
921 2741 1070 2782 crediti
1104 2740 1185 2780 sibi
1220 2741 1368 2796 gregis
1400 2756 1510 2782 com-

187 2832 194 2848 ¹
221 2832 286 2862 The
303 2833 385 2863 word
401 2843 527 2873 appears
541 2833 612 2862 tlms
629 2832 658 2862 in
675 2832 724 2861 11ιο
742 2817 949 2861 BIS-nmio.
1123 2828 1135 2845 ²
1160 2829 1275 2865 Etiam,
1291 2830 1361 2860 MS.
