1905 3254
688 293 797 324 snss
824 294 868 323 11.
1451 280 1508 320 43

51 393 298 436 invitandos
310 393 550 443 haereticos,
566 410 651 437 non
673 395 811 436 solum
826 395 1048 436 consilium
1066 396 1339 451 Legatorum
1356 396 1503 444 laudo,

51 467 127 508 sed
145 467 270 508 laetor
290 468 480 509 maxime
499 468 564 509 ita
599 468 660 508 eis
694 468 738 508 in
774 475 967 508 mentem
1006 469 1189 517 venisse,
1227 476 1272 510 et
1307 468 1390 509 illis
1425 467 1505 509 hoc

50 541 222 582 nomine
255 542 421 597 gratias
452 541 620 592 habeo3
654 541 760 597 quid
781 542 894 582 enim
918 558 943 582 a
964 543 1088 583 nobis
1110 544 1251 599 magis
1273 551 1506 599 expectan-

50 615 156 656 dum
198 623 279 664 cst,
321 616 400 656 ubi
434 617 722 673 cogitationes
763 617 977 657 attentius
1018 616 1224 664 locandae,
1268 632 1414 672 quam,
1456 625 1506 658 ut

51 689 207 731 fratres
238 690 374 730 nostri
408 689 464 730 ad
503 704 580 730 nos
621 689 760 730 veluti
796 704 821 730 a
860 689 1080 729 latronum
1122 689 1326 731 manibus
1366 691 1507 746 erepti

51 763 363 803 revertuntur?
408 762 518 804 Dico
533 763 681 819 igitur,
703 777 942 819 rursusque
965 770 1134 818 repeto,
1171 764 1316 804 omnia
1338 779 1362 804 a
1384 766 1509 806 nobis

51 837 94 877 in
115 851 186 877 eos
206 837 494 894 benignitatis
516 852 678 894 genera
700 837 954 885 exercenda,
990 844 1047 885 et,
1084 837 1184 879 licet
1216 839 1362 880 nullus
1398 841 1509 881 alius

53 910 217 950 fructus
236 925 290 951 ex
312 909 392 952 hac
412 918 562 952 sancta
584 910 758 967 Synodo
791 910 1034 967 sperandus
1060 919 1187 960 csset,
1225 911 1339 954 hunc
1360 920 1507 955 tamen

52 982 142 1023 fore
163 983 451 1033 uberrimum,
485 991 535 1024 ut
556 983 623 1024 his
659 998 685 1024 a
720 998 823 1024 vero
845 998 976 1024 cursu
1000 984 1309 1026 aberrantibus
1330 1002 1507 1028 manum

52 1056 342 1112 porrigamus,
365 1063 411 1098 et
432 1057 718 1098 certissimum
741 1056 898 1097 salutis
919 1064 1095 1112 portum
1114 1057 1408 1100 ostendamus.

112 1128 445 1186 Campaniensis
478 1131 730 1186 Episcopus
778 1130 954 1172 Marcus
988 1131 1165 1173 Laurus
1197 1133 1510 1189 Tropicnsis—

53 1202 214 1245 Indicis
235 1204 580 1247 emendationem
602 1219 687 1245 non
716 1218 855 1260 usque
877 1204 984 1246 adeo
1018 1205 1199 1248 arduam
1235 1222 1339 1255 csse,
1377 1215 1426 1249 ut
1457 1208 1511 1250 de

52 1276 147 1332 ejus
167 1276 288 1318 exitu
310 1277 365 1318 sit
385 1275 720 1333 desperandum.
783 1277 908 1318 Alios
942 1278 1056 1318 enim
1080 1278 1215 1319 libros
1237 1280 1348 1320 circa
1370 1295 1511 1322 mores

51 1356 221 1391 tantum
244 1351 423 1399 versari,
445 1357 489 1392 et
509 1350 665 1392 horum
688 1351 957 1406 provinciam
975 1366 1060 1392 non
1083 1353 1287 1408 patribus
1308 1354 1384 1395 sed
1416 1355 1512 1395 aliis

52 1423 284 1466 tradenda:
317 1425 425 1466 alios
447 1424 502 1466 ad
522 1424 651 1466 fidem
674 1425 906 1480 pertinere,
944 1432 987 1467 et
1018 1440 1071 1467 cx
1093 1425 1160 1466 his
1182 1427 1397 1483 quosdam
1419 1443 1511 1469 esse

54 1503 203 1553 aperte
238 1496 478 1545 haereticos,
520 1504 565 1539 ct
598 1496 675 1538 hos
710 1512 856 1539 omnes
892 1498 1023 1539 simul
1060 1514 1158 1541 cum
1196 1500 1380 1542 authore
1420 1515 1512 1542 csse

52 1569 328 1619 damnandos,
362 1573 676 1628 cujuscumque
709 1571 881 1627 generis
917 1572 1028 1621 sint,
1073 1587 1149 1614 nec
1184 1574 1299 1614 enim
1340 1574 1512 1630 placere

53 1644 150 1693 sibi,
174 1645 292 1700 quod
314 1644 443 1701 objici
465 1645 576 1686 solet
597 1644 650 1686 de
674 1645 880 1701 Origene,
918 1652 962 1686 et
996 1646 1287 1696 Tertulliano,
1326 1663 1510 1703 quorum

53 1730 185 1772 opera
212 1716 435 1774 leguntur,
457 1732 557 1758 nam
580 1717 647 1757 illi
669 1716 774 1757 dum
799 1717 997 1758 viverent
1017 1716 1209 1758 haeretici
1233 1733 1317 1758 non
1335 1719 1513 1759 fuerunt

47 1790 246 1847 judicati.
310 1791 531 1842 Quosdam
554 1805 638 1831 non
660 1789 767 1831 adeo
783 1790 928 1845 palam
946 1805 1113 1832 errores
1139 1806 1238 1844 suos
1266 1792 1486 1848 explicare
1500 1809 1511 1842 ;

52 1863 130 1905 hos
162 1864 301 1920 igitur
332 1870 504 1906 tantum
540 1863 776 1919 diligenter
812 1863 1163 1918 perscrutandos,
1201 1865 1415 1907 accersitis
1445 1865 1513 1907 his

53 1938 183 1979 etiam
206 1937 324 1986 viris,
347 1938 424 1992 qui
447 1937 535 1977 illis
557 1937 868 1978 interdicendis
902 1937 1006 1978 olim
1044 1952 1262 1979 assensum
1299 1954 1428 1980 suum
1451 1940 1512 1980 in-

54 2018 374 2067 terposuerunt,
398 2018 476 2052 aut
497 2010 651 2052 saltem
675 2025 754 2066 per
774 2011 937 2059 literas,
960 2026 1036 2052 seu
1059 2026 1138 2067 per
1158 2013 1347 2061 nuncios,
1362 2028 1510 2055 eorum

54 2084 308 2126 sententiam
346 2084 402 2125 ab
437 2083 505 2125 his
538 2082 884 2139 intelligendam.
958 2082 1029 2124 De
1065 2083 1267 2125 citatione
1303 2091 1392 2125 tam
1429 2099 1511 2125 non

54 2158 230 2213 requiri,
263 2172 360 2199 cum
406 2157 452 2198 in
484 2157 609 2198 bulla
645 2157 878 2198 Sanctissmi
915 2155 1048 2196 fuerit
1084 2155 1307 2197 adhibita:
1355 2172 1511 2213 oppor-

55 2236 208 2272 tunum
235 2237 380 2272 tamen
415 2229 568 2278 videri,
605 2245 754 2272 eorum
789 2230 1057 2271 vocationem
1090 2243 1174 2270 non
1205 2229 1510 2272 haereticorum

55 2303 278 2351 vocabulo,
301 2302 377 2345 sed
397 2304 746 2359 protestantium,
784 2310 861 2344 aut
896 2317 1046 2343 eorum
1080 2302 1155 2357 qui
1187 2301 1509 2346 confessionem

56 2376 366 2433 Augustanam
397 2382 656 2432 sequuntur.
719 2376 788 2417 De
823 2375 908 2417 fide
943 2375 1123 2432 publica
1157 2374 1202 2415 id
1237 2375 1508 2417 animadver-

56 2449 247 2497 tendum,
269 2465 341 2492 eos
362 2450 455 2491 istis
475 2450 866 2506 pollicitationibus
894 2464 978 2489 non
1014 2447 1248 2490 admodum
1270 2448 1415 2498 fidere,
1439 2449 1510 2491 de-

55 2523 226 2565 territos
247 2523 448 2580 exemplo
471 2521 705 2565 Constant⁵³
728 2523 939 2564 Concilii:
973 2529 1171 2578 oportere
1204 2523 1327 2577 prius
1344 2538 1369 2564 a
1398 2523 1510 2565 Con-

56 2595 152 2637 cilio
183 2597 406 2646 declarari‚
439 2598 539 2653 jure
575 2597 767 2638 naturali
801 2597 941 2638 teneri
975 2596 1171 2637 homines
1206 2595 1332 2638 fidem
1364 2597 1510 2639 datam

58 2670 299 2727 cuicunque
320 2677 557 2727 proestare3
590 2677 695 2712 tunc
724 2671 836 2711 enim
860 2684 932 2711 eos
953 2670 1266 2717 intellecturos,
1301 2676 1344 2711 ct
1376 2670 1511 2714 haerc-

57 2742 160 2792 ticis,
182 2750 226 2785 et
246 2744 331 2785 sibi
359 2744 464 2799 ipsis
486 2743 744 2785 servandam
782 2758 901 2793 esse3
935 2742 1226 2784 admittendos
1258 2758 1330 2783 eos
1366 2744 1497 2786 etiam

57 2829 140 2857 non
160 2816 214 2858 ad
234 2816 462 2873 synodales
482 2817 817 2873 disputationes,
855 2817 931 2858 sed
952 2816 1159 2872 privatim
1183 2816 1237 2857 ad
1260 2817 1496 2861 familiares
