1905 3254
325 270 407 309 246
956 280 1064 311 snss.
1091 281 1150 310 Vl.

329 406 589 468 Responsio
631 404 690 450 ad
732 404 936 450 rationes
978 419 1141 449 eorum
1193 402 1275 464 qui
1315 401 1495 455 dicunt,
1541 416 1634 446 non
1682 415 1779 445 esse

409 486 758 534 concedendam
806 485 1195 531 communionem
1243 484 1330 529 sub
1378 490 1579 545 utraque
1628 481 1780 545 specie

408 577 601 633 propter
632 568 898 632 periculum
925 566 1167 614 effusionis
1192 574 1237 612 et
1263 564 1512 627 sacrilegii.

384 684 480 724 ΡΜ).
512 682 699 729 Dicitur,
733 680 932 722 adhiberi
959 695 1084 736 posse
1118 679 1307 720 Calicem
1335 676 1664 718 ministerialem
1686 690 1781 716 con-

327 756 487 796 fectum
518 754 562 794 in
593 753 707 794 hunc
740 767 882 800 usum,
917 758 1050 807 prout
1077 751 1268 791 cernitur
1287 751 1330 790 in
1352 750 1458 790 Ecca
1477 745 1784 788 Brixinonensi

327 836 369 869 ct
392 829 487 869 aliis
508 827 656 868 multis
677 826 883 867 Ecclesiis
905 832 947 866 et
968 831 1098 879 prout
1117 825 1216 864 olim
1238 823 1331 864 fieri
1351 823 1531 863 solebat.

385 903 440 941 2⁰.
476 900 606 951 Quod
632 899 760 940 hodie
788 900 832 939 in
865 904 959 939 tota
991 897 1174 944 Graecia,
1211 896 1287 936 ubi
1318 902 1382 936 est
1407 894 1786 950 frequentissimus

329 973 531 1028 populus,
564 987 787 1027 nunquam
820 977 966 1012 tamen
1000 969 1153 1010 accidit
1184 966 1438 1023 hujusmodi
1469 966 1633 1012 effusio,
1667 964 1787 1020 quod

326 1046 577 1102 Episcopus
600 1043 925 1085 Calamoncnsis
946 1043 1059 1083 inter
1080 1048 1259 1082 caeteros
1280 1046 1514 1081 attestatus
1536 1045 1612 1080 est.

382 1120 440 1159 30.
477 1119 520 1159 Si
556 1119 666 1159 ratio
698 1117 792 1158 haee
820 1131 923 1157 vcra
956 1122 1068 1156 esset
1102 1114 1263 1154 frustra
1297 1111 1542 1152 Concilium
1572 1110 1783 1151 Constan-

327 1193 464 1233 tiense
497 1198 757 1232 reservasset
796 1190 878 1230 sibi
910 1189 1018 1230 hanc
1059 1187 1313 1229 facultatem
1356 1184 1616 1225 concedendi
1654 1198 1783 1224 usum

330 1266 503 1307 Calicis.

385 1339 443 1378 40.
479 1337 600 1378 Idem
624 1337 712 1377 fere
735 1335 975 1391 periculum
1011 1334 1055 1373 in
1084 1333 1290 1373 fractione
1322 1331 1476 1372 hostiae
1498 1330 1690 1374 accidere
1713 1344 1787 1385 po-

328 1416 427 1457 test,
463 1415 515 1449 ut
547 1409 591 1448 in
623 1407 782 1463 regula
815 1406 974 1446 ordinis
1014 1405 1067 1445 Sti
1098 1405 1317 1445 Dominici
1353 1418 1555 1459 expresse
1587 1409 1788 1451 cavetur3

328 1498 404 1523 nec
433 1483 476 1522 in
512 1482 818 1537 purificatione
854 1494 941 1534 qua
976 1479 1141 1519 utimur
1174 1478 1217 1517 in
1244 1477 1314 1518 dic
1342 1476 1569 1518 Paschatis
1598 1476 1678 1517 hoe
1710 1491 1788 1516 un-

330 1574 460 1615 quam
485 1558 650 1599 accidit.

385 1633 440 1671 50.
476 1631 593 1671 Olim
623 1636 716 1670 tota
736 1629 842 1669 Ecca
865 1627 1005 1683 spatio
1034 1627 1134 1682 plus
1167 1625 1285 1666 mille
1321 1632 1364 1666 et
1395 1624 1630 1665 ducentum
1662 1638 1789 1664 anno-

328 1718 423 1743 rum
447 1717 618 1756 semper
652 1701 846 1741 Calicem
880 1700 1083 1741 omnibus
1117 1699 1336 1746 concessit,
1371 1712 1448 1739 nec
1480 1712 1675 1753 unquam
1698 1697 1790 1738 sola

328 1775 512 1831 suspicio
535 1774 666 1830 hujus
687 1773 873 1828 periculi
895 1780 985 1814 tam
1007 1772 1132 1827 pium
1157 1772 1289 1813 ritum
1312 1770 1578 1812 immutavit.

382 1850 442 1889 6⁰.
478 1847 624 1887 Hodie
647 1847 723 1902 qui
754 1845 877 1901 apud
902 1860 980 1886 nos
1003 1851 1237 1900 utramque
1259 1844 1440 1900 speciem
1465 1850 1636 1899 petunt,
1658 1841 1788 1883 iidem

328 1921 510 1978 propria
533 1919 803 1960 authoritate
825 1920 940 1960 inter
967 1933 1011 1958 se
1041 1924 1277 1972 utramque
1310 1924 1502 1964 sumunt,
1536 1923 1580 1957 et
1600 1915 1709 1956 nihil
1736 1915 1790 1956 de

328 1994 535 2035 effusione
558 1998 774 2040 metuunt,
795 2006 873 2032 nec
895 2006 948 2033 ex
969 1991 1048 2031 hoc
1071 1990 1159 2030 solo
1182 1990 1237 2030 ab
1260 2005 1310 2030 ea
1332 1989 1562 2029 abstinent.

387 2065 443 2107 70.
480 2065 590 2120 Spes
626 2063 940 2119 recuperandae
978 2078 1128 2104 eorum
1165 2063 1320 2103 salutis
1355 2062 1499 2117 potior
1533 2077 1625 2102 esse
1660 2061 1792 2102 debet

330 2151 592 2194 quacunque
615 2136 872 2192 suspicione,
898 2143 1032 2192 atque
1051 2151 1199 2176 omnes
1220 2135 1299 2176 has
1314 2134 1592 2176 difficultates
1612 2134 1792 2176 indubie

331 2225 550 2267 superare.

388 2284 476 2324 Hae
499 2284 637 2324 Pfum
660 2283 851 2324 omnium
880 2282 1109 2323 sententiae
1136 2281 1243 2323 adeo
1266 2281 1309 2321 in
1331 2282 1594 2336 universum
1618 2281 1794 2322 incertae

329 2365 372 2399 ct
393 2357 611 2412 dissipatae
635 2357 735 2397 visse
767 2362 879 2403 sunt,
912 2363 962 2396 ut
983 2355 1147 2396 nemini
1177 2355 1453 2411 exploratum
1482 2361 1607 2402 esset,
1638 2353 1747 2409 quid
1767 2368 1793 2394 a

328 2430 535 2484 pluribus
556 2427 846 2483 probaretur:
880 2434 1049 2483 septem
1073 2427 1185 2467 enim
1208 2427 1431 2482 praecipue
1451 2426 1674 2481 opiniones
1695 2439 1792 2481 pro-

327 2503 428 2544 latae
453 2500 787 2557 colligebantur.

387 2577 451 2616 Pa.
485 2575 669 2619 Eorum,
708 2573 784 2629 qui
819 2572 1039 2621 dixerunt,
1072 2573 1300 2628 negotium
1339 2571 1419 2612 hoc
1459 2572 1502 2612 in
1542 2571 1671 2612 aliam
1711 2585 1794 2612 ses-

331 2649 490 2688 sionem
506 2647 811 2694 differendum,
835 2652 891 2693 et,
910 2661 1007 2686 cum
1030 2646 1084 2686 sit
1106 2645 1427 2701 gravissimum,
1446 2645 1660 2686 maturius
1681 2645 1794 2700 cogi-

331 2720 522 2760 tandum·
574 2719 757 2759 Interim
782 2734 883 2759 vero
905 2718 1262 2774 supplicationes,
1280 2717 1461 2773 jejunia,
1485 2716 1790 2771 eleemosyna&

331 2793 633 2847 orationesque
655 2791 751 2834 Deo
772 2790 1010 2842 habendas,
1039 2797 1088 2832 ut
1109 2790 1216 2848 quid
1245 2789 1464 2846 agendum
1498 2790 1566 2838 sit,
1589 2790 1792 2831 omnibus
