1905 3254
341 303 422 344 264
954 321 1064 351 sEss.
1093 319 1152 349 vi.

340 426 445 481 quid
478 433 638 475 tamen,
672 428 1039 484 eleemosynarum
1069 443 1116 468 ac
1152 427 1327 483 pietatis
1359 427 1521 468 intuitu
1552 427 1611 468 eis
1641 434 1794 482 sponte

339 498 472 539 fuerit
512 500 722 548 oblatum,
759 500 872 540 illud
906 507 1132 555 acceptare
1165 500 1219 540 sit
1253 499 1526 555 permissum.
1590 499 1796 539 Sacerdos

338 578 486 612 autem
522 588 601 628 pro
642 574 783 620 missa,
829 589 961 628 quam
1005 574 1190 629 primam
1233 573 1532 613 celebraturus
1567 579 1645 620 est,
1684 571 1796 612 nihil

338 645 509 685 omnino
533 645 776 695 Ordinario,
800 662 876 687 seu
896 646 1118 702 Capitulo,
1143 652 1219 686 aut
1239 646 1482 701 cuicunque
1505 646 1640 694 alteri,
1663 646 1793 686 etiam

337 717 693 760 immemorabilis
726 724 1025 775 cujuscunque
1059 719 1382 760 consuetudinis
1405 720 1475 760 vel
1506 719 1661 760 statuti
1682 734 1793 775 prae-

336 798 478 840 textu,
502 793 749 847 persolvere
772 800 983 834 teneatur.

396 863 450 907 20.
477 863 802 904 Sanctissimum
823 864 987 905 Christi
1007 865 1286 911 Sacrificium,
1302 865 1380 905 ubi
1395 865 1569 905 vivifica
1581 864 1667 905 Dei
1685 879 1792 912 carO,

337 950 384 975 ac
416 936 752 990 pretiosissimus
781 942 875 992 ejus
908 938 1099 993 sanguis,
1135 937 1278 978 offerri
1310 938 1484 985 debent,
1504 944 1663 978 temere
1691 939 1794 979 satis

336 1008 600 1062 quibusdam
622 1010 665 1049 in
697 1009 800 1050 locis
822 1010 876 1050 ad
900 1010 1022 1050 aliud
1041 1010 1287 1065 imaginarii
1312 1010 1418 1050 sacri
1440 1024 1579 1065 genus
1606 1010 1792 1051 traduci-

335 1086 422 1131 tur,
436 1081 513 1121 ubi
535 1082 794 1130 sacerdotes,
818 1082 934 1123 nulla
958 1083 1276 1124 consecratione
1297 1097 1374 1124 nec
1397 1083 1640 1138 sumptione
1662 1083 1793 1134 facta,

333 1155 623 1195 umbraticam
657 1162 831 1196 tantum
866 1157 1062 1212 mysterii
1098 1157 1283 1212 speciem
1322 1163 1470 1213 agunt,
1510 1163 1567 1205 et,
1605 1157 1791 1198 veritate

334 1226 530 1267 sacrificii
552 1227 713 1276 relicta,
736 1228 864 1269 inane
887 1228 1107 1284 quoddam
1130 1233 1225 1284 ejus
1246 1229 1523 1270 simulacrum
1546 1229 1770 1285 effingunt.

393 1298 445 1338 In
468 1305 690 1353 posterum
711 1300 862 1355 igitur,
878 1302 1016 1341 missae
1038 1302 1132 1342 istae
1155 1317 1315 1349 omnes,
1334 1317 1443 1357 quas
1467 1302 1607 1343 Siccas
1624 1308 1789 1348 vocant,

334 1371 390 1411 ab
412 1371 612 1412 Ecclesia
633 1373 720 1413 Dei
752 1382 1051 1422 amoveantur,
1086 1390 1244 1429 easque
1276 1375 1320 1415 in
1349 1375 1473 1416 Ecciis
1507 1375 1790 1422 celebrantes,

333 1445 398 1485 uti
421 1445 697 1487 sacerdotalis
724 1448 914 1488 muneris
935 1448 1175 1497 illusiones,
1205 1449 1417 1505 condigno
1440 1449 1642 1504 exemplo
1663 1450 1789 1504 puni-

332 1524 463 1558 antur
485 1519 664 1560 arbitrio
688 1519 922 1561 Ordinarii.

391 1589 505 1630 Cum
528 1592 660 1632 semel
685 1592 885 1633 Salvator
905 1599 1050 1632 noster
1072 1592 1268 1647 passione
1291 1608 1370 1633 sua
1386 1591 1628 1633 humanum
1651 1608 1790 1648 genus

330 1663 576 1712 redemerit,
601 1666 729 1706 valde
750 1666 855 1706 felix
877 1665 1116 1707 censendus
1136 1666 1209 1708 ille
1230 1672 1307 1714 est,
1330 1666 1407 1721 qui
1429 1672 1597 1707 tantum
1631 1673 1787 1722 myste-

330 1736 442 1777 rium
485 1738 556 1778 vel
595 1739 727 1779 semel
761 1737 804 1779 in
838 1739 907 1780 die
939 1754 1018 1794 pro
1052 1739 1173 1780 illius
1212 1739 1429 1795 dignitate
1471 1754 1518 1780 ac
1546 1741 1790 1781 reverentia

330 1816 476 1863 potest
497 1811 699 1852 recolere.
764 1812 911 1862 Quare
932 1827 1057 1853 nemo
1078 1812 1228 1868 plures
1256 1812 1405 1853 eodem
1435 1812 1506 1854 die
1537 1813 1687 1854 missas
1707 1813 1789 1854 nisi

330 1880 374 1920 in
415 1882 586 1923 casibus
628 1899 729 1924 vere
771 1885 990 1940 expressis
1028 1884 1188 1927 audeat
1224 1885 1454 1926 celebrare.
1539 1886 1627 1936 Qui
1668 1900 1788 1926 secus

329 1954 494 2003 feeerit,
518 1963 728 2012 tanquam
757 1958 985 2014 indignusl
1009 1959 1146 1999 officio
1170 1959 1226 1999 ab
1258 1959 1408 1999 altaris
1436 1958 1674 1999 ministerio
1696 1973 1786 2005 sus-

330 2029 562 2083 pendatur,
585 2038 717 2086 atque
742 2032 920 2072 arbitrio
941 2032 1155 2088 Episcopi
1177 2034 1434 2073 censeatu1·.2

386 2102 456 2143 Ea
474 2119 572 2159 quac
589 2105 631 2145 in
649 2105 871 2153 Ecclesiis,
894 2120 1062 2145 summa
1082 2105 1248 2146 ratione
1272 2112 1405 2161 atque
1427 2104 1573 2145 divino
1597 2105 1786 2161 Spiritus

332 2173 475 2216 Sancti
509 2179 688 2219 numine
730 2179 934 2219 instituta
965 2184 1080 2226 sunt,
1115 2178 1290 2233 privato
1333 2177 1490 2219 affectu
1532 2179 1786 2220 nullatenus

329 2249 530 2290 convenit
566 2250 802 2292 immutari.
866 2250 971 2291 Ideo
1011 2251 1167 2300 missae,
1201 2251 1452 2300 Dominicis,
1486 2258 1530 2292 et
1562 2252 1659 2292 aliis
1692 2253 1785 2308 qui-

329 2320 512 2363 busdam
546 2324 664 2365 festis
698 2324 853 2365 diebus
885 2325 1130 2366 constitutae
1162 2325 1217 2366 ab
1253 2326 1453 2366 omnibus
1484 2326 1547 2366 ita
1582 2326 1785 2382 religiose

328 2394 506 2435 retineri
537 2396 816 2446 mandantur,
852 2403 902 2438 ut
935 2412 1085 2438 earum
1115 2398 1206 2438 loco
1236 2398 1479 2453 peculiares
1506 2398 1577 2439 vel
1600 2399 1783 2447 votivas,

328 2484 403 2509 seu
435 2485 515 2525 pro
547 2470 762 2511 defunctis
793 2471 1058 2512 substituere
1090 2472 1252 2512 nemini
1279 2472 1333 2513 sit
1360 2473 1631 2527 permissum.
1692 2473 1785 2513 Eas

328 2546 473 2582 tamen
497 2549 596 2583 ante
620 2544 690 2583 vel
711 2550 808 2599 post
829 2543 922 2584 haec
954 2543 1169 2585 ordinaria
1191 2559 1310 2586 sacra
1333 2544 1550 2586 arbitratu
1572 2545 1786 2601 Episcopi

328 2628 542 2670 peragere
564 2616 723 2658 licebit.

373 2737 381 2754 ¹
409 2737 508 2766 Tanto
524 2737 694 2777 indignius,
714 2738 784 2768 MS.

370 2785 384 2802 2
408 2787 543 2827 Perhaps
569 2787 618 2817 the
643 2794 795 2826 sentence,
813 2787 936 2828 plainly
954 2787 1069 2827 faulty,
1084 2798 1159 2826 may
1176 2788 1213 2817 bc
1239 2787 1379 2817 rectified
1402 2787 1668 2827 thus-indignus
1682 2788 1784 2819 officio

329 2841 496 2873 censeatur,
511 2842 604 2878 atque
621 2839 660 2868 ab
676 2838 781 2869 altaris
795 2838 976 2876 ministerio,
991 2839 1119 2869 arbitrio
1136 2838 1293 2879 Episcopi,
1309 2839 1523 2879 suspendatur.

1892 2589 1898 2615 ,ἦ
1892 2439 1902 2580 Ἦ,-Ἢ
1900 2450 1902 2459 -
1894 2423 1900 2439 ..ι

1884 3161 1892 3254 &aaz—.-
1885 3072 1892 3157 -ςνπ-ό,
1886 3018 1892 3062 «ἡ
1890 3002 1893 3014 -
