1905 3254
351 260 429 299 112
1011 267 1118 298 SESS.
1145 268 1204 297 111.

348 382 543 422 omnium
585 378 832 420 calamitate
880 376 1081 416 universa
1123 375 1298 430 Anglia,
1347 387 1506 429 magna
1555 373 1803 414 Germaniae

348 468 463 510 pars,
489 467 535 492 ac
560 451 736 498 Galliae,
760 465 943 505 quarum
967 448 1297 489 Provinciarum
1317 446 1540 502 Episcopi,
1571 461 1669 487 cum
1699 460 1805 486 sem-

349 541 428 581 per
450 525 538 566 fere
560 523 769 565 Ecclesiis
801 522 890 563 suis
921 520 1214 568 interfuerint,
1241 534 1325 560 non
1352 526 1497 560 tamen
1518 524 1583 559 tot
1602 517 1804 558 irruenti-

349 600 433 640 bus
454 598 669 639 haeresum
700 597 906 637 monstris
934 594 1103 635 aditum
1125 593 1454 638 obstruxerunt,
1476 605 1526 631 eo
1549 589 1667 645 quod
1695 604 1805 644 prae-

349 674 478 730 cipua
503 670 707 728 pascendi
734 670 881 726 gregis
914 668 1025 709 ratio
1059 667 1211 707 intima
1234 665 1426 706 Pastoris
1447 665 1613 720 pietate
1634 663 1804 710 nititur,

351 761 450 802 quae
474 752 589 787 certo
610 758 822 798 nusquam
846 742 940 781 loco
962 739 1347 788 circumsc1·ibitur;
1371 738 1538 778 utinam
1556 751 1658 777 vero
1679 736 1808 777 sicuti

350 820 654 875 unusquisque
677 831 808 857 sanus
839 831 886 856 ac
914 813 1110 870 prudens
1142 813 1244 853 satis
1276 811 1486 867 intelligit
1512 810 1619 866 quid
1651 811 1705 851 sit
1726 810 1808 851 Ec-

352 894 526 935 clesiam
560 891 872 937 administrare,
907 895 950 928 et
985 902 1085 928 vere
1122 902 1166 927 se
1199 886 1472 941 Episcopum
1506 885 1713 940 przebere,
1747 884 1809 925 ita

352 967 482 1008 etiam
504 966 557 1006 iis
577 963 794 1020 praesidiis
823 961 1004 1017 adjutus
1032 966 1156 1007 esset,
1180 966 1256 999 aut
1277 959 1432 999 saltem
1464 959 1517 999 iis
1543 958 1808 999 difficultati-

352 1040 435 1079 bus
467 1051 552 1077 non
589 1035 795 1082 irretitus,
830 1048 929 1089 quae
972 1033 1235 1073 functionem
1277 1030 1386 1072 hanc
1426 1031 1600 1072 omnino
1640 1046 1807 1087 praepe-

350 1113 488 1154 diunt.

413 1185 723 1236 Quamobrem,
747 1183 789 1222 in
813 1197 862 1222 eo
886 1197 961 1222 vos
983 1180 1198 1229 laborare,
1218 1182 1385 1229 Patres,
1410 1180 1645 1236 diligenter
1666 1180 1808 1236 cupio,

351 1261 419 1302 hic
441 1258 618 1300 consilia
640 1264 782 1298 vestra
817 1270 862 1296 ac
891 1254 1152 1295 industriam
1175 1270 1389 1303 exercere,
1413 1261 1464 1295 ut
1496 1253 1810 1310 impedimenta

353 1334 443 1381 illa,
468 1347 567 1388 quae
600 1332 645 1372 111
674 1329 934 1386 Episcopali
965 1343 1145 1369 munere
1177 1328 1378 1369 obeundo
1400 1329 1524 1370 nobis
1544 1328 1808 1377 inferuntur,

358 1410 479 1462 (quae
521 1420 622 1446 sane
658 1403 797 1444 multa
832 1409 875 1442 et
910 1417 1070 1457 magna
1105 1405 1239 1454 sunt.)
1280 1408 1576 1443 amoveantur.
1652 1402 1751 1443 Hoc
1786 1417 1811 1443 a

354 1478 479 1520 vobis
500 1477 707 1518 Ecclesiae
731 1483 902 1522 vestrae,
925 1474 1003 1515 hoc
1025 1474 1144 1515 locus
1165 1475 1246 1514 iste
1278 1474 1489 1529 postulat,
1513 1489 1597 1515 non
1621 1482 1670 1516 ut
1692 1476 1810 1517 inani

355 1551 652 1608 disputatione
703 1549 757 1590 de
807 1548 1051 1590 residentiae
1092 1554 1330 1603 praecepto,
1373 1562 1473 1602 quae
1515 1550 1810 1591 contentiones

354 1631 523 1666 tantum
567 1630 712 1678 potest
746 1623 949 1669 excitare,
984 1627 1144 1660 coetum
1181 1620 1296 1661 hunc
1332 1621 1537 1677 fatigatis,
1570 1621 1647 1662 sed
1676 1622 1729 1663 de
1760 1623 1811 1664 iis

355 1698 487 1739 rebus
504 1695 656 1751 agatis,
672 1710 723 1735 ex
747 1693 909 1749 quibus
926 1693 1211 1733 certissimum
1230 1693 1419 1734 fructum
1433 1694 1638 1735 Ecclesiis
1656 1695 1810 1736 vestris

356 1770 556 1811 afferatis.
621 1768 709 1808 Hic
746 1774 891 1808 autem
915 1766 995 1807 erit
1024 1765 1316 1821 proculdubio
1339 1767 1596 1816 uberrimus,
1619 1769 1653 1808 si
1676 1784 1808 1809 unus-

355 1843 541 1899 quisque
572 1847 766 1881 nostrum
803 1854 853 1880 ea
889 1838 1097 1895 privatim
1130 1837 1349 1894 descripta
1379 1838 1434 1880 ad
1467 1839 1587 1880 Illmos
1617 1840 1809 1896 Legatos

355 1915 535 1965 deferet,
558 1915 721 1970 quibus
742 1913 866 1953 novit
888 1926 931 1952 se
953 1911 995 1950 in
1018 1910 1210 1951 curanda
1231 1911 1406 1953 Diocesi
1438 1927 1517 1954 sua
1546 1913 1682 1955 solere
1713 1929 1808 1970 per-

355 1988 538 2035 turbari,
559 1995 622 2035 ut,
646 1987 697 2027 iis
731 1985 931 2032 sublatis,
955 1999 1049 2025 cum
1083 1984 1181 2024 111110
1214 1983 1521 2026 discedendum
1553 1987 1646 2035 erit,
1676 2002 1807 2043 expe-

354 2062 489 2103 ditius
510 2060 647 2101 multo
669 2059 927 2113 feliciusque
957 2057 1229 2098 commissum
1252 2059 1377 2099 nobis
1397 2074 1557 2101 munus
1583 2067 1808 2116 praestare,

355 2135 452 2176 Deo
467 2135 664 2190 juvante,
687 2131 915 2187 possimus.

414 2281 663 2337 Explicatis
685 2279 876 2320 omnium
905 2278 1138 2325 sententiis,
1161 2293 1256 2318 cum
1280 2279 1443 2335 Legati
1465 2279 1639 2322 diversa
1670 2282 1714 2322 in
1744 2283 1811 2324 his

355 2357 535 2397 Patrum
549 2354 718 2411 judicia
734 2353 1024 2410 agnovissent,
1037 2352 1247 2392 mandant
1263 2353 1502 2394 Secretario
1514 2355 1809 2413 Auditorique

355 2429 498 2478 simul,
522 2435 573 2469 ut
601 2429 644 2468 in
673 2442 807 2483 quam
839 2427 988 2482 plures
1020 2426 1279 2467 sententiam
1313 2427 1584 2469 discesserint
1613 2437 1809 2472 accurate

355 2503 601 2549 observent,
626 2507 675 2541 ut
697 2506 859 2542 certum
891 2515 945 2540 ex
967 2500 1018 2539 iis
1039 2499 1226 2540 fideliter
1248 2499 1487 2542 Decretum
1510 2510 1807 2558 componatur.

356 2575 499 2630 Atqui
521 2589 583 2615 eae
607 2573 714 2614 adeo
736 2573 868 2613 variae
896 2579 997 2613 sunt
1028 2571 1326 2627 deprehensae,
1351 2581 1400 2615 ut
1433 2589 1486 2615 ex
1517 2590 1666 2616 eorum
1698 2577 1811 2617 notis

355 2648 464 2689 nihil
504 2648 675 2688 omnino
714 2646 910 2702 potuerit
950 2646 1127 2701 liquere.
1209 2647 1309 2687 Non
1351 2649 1462 2688 enim
1504 2648 1559 2689 ad
1599 2649 1644 2689 id
1685 2664 1809 2705 aeque

356 2721 498 2762 fuerat
519 2721 575 2762 ab
597 2720 802 2761 omnibus
829 2734 1102 2774 responsum,
1126 2720 1201 2761 sed
1223 2721 1278 2761 ab
1301 2722 1522 2777 aliquibus
1539 2724 1652 2778 juris
1674 2723 1811 2765 divini

357 2793 592 2847 explicatio
616 2793 817 2847 probata,
841 2793 897 2833 ab
920 2792 1014 2832 aliis
1035 2792 1281 2847 repudiata.
1346 2794 1535 2843 Quidam
1559 2795 1809 2838 nullatenus
