1905 3254
325 270 404 310 148
972 285 1081 315 sess.
1109 286 1146 315 v.

322 392 441 440 lium,
466 393 583 449 quod
605 394 660 434 ab
683 394 745 434 eis
766 392 852 434 fide
874 394 1041 449 optima
1063 393 1407 449 proponebatur,
1429 392 1605 434 minime
1634 392 1785 434 admit-

324 472 448 515 tunt3
473 472 745 522 quapropter
765 466 917 522 legati,
937 473 988 506 ut
1004 472 1220 521 quatenus
1241 465 1371 506 liceat
1389 465 1450 506 015
1473 465 1785 521 gratificentur,

323 552 413 578 rem
438 539 501 579 ita
530 539 800 581 tractandam
834 539 1087 580 decernunt.
1153 538 1267 579 Cum
1301 538 1413 579 enim
1444 537 1679 579 Oratorum
1714 553 1786 594 pe·

323 611 419 651 titio
446 612 490 652 in
513 611 623 653 duas
655 620 768 654 esset
802 613 1066 669 quaestiones
1099 612 1255 661 divisa,
1293 612 1560 668 duobusque
1594 612 1789 653 articulis

323 685 644 740 comprehensa,
677 686 842 736 Primo,
875 687 972 734 viz„
1002 701 1056 727 an
1087 687 1278 727 rationes
1298 685 1523 727 Ecclesiae
1554 686 1787 727 communi-

323 759 449 800 candi
480 766 653 801 tantum
686 760 770 801 sub
804 776 891 801 una
923 761 1064 816 specie
1100 760 1213 801 tales
1248 761 1334 801 sint
1369 776 1394 802 a
1429 761 1594 816 quibus
1626 759 1790 801 discedi

322 833 445 874 nullo
475 840 671 889 tempore
702 835 862 890 possit3
907 834 1119 885 Secundo,
1151 834 1235 875 sub
1269 834 1432 890 quibus
1467 834 1789 875 conditionibus

324 922 431 947 usus
463 907 605 948 calicis
638 908 864 963 aliquibus
897 907 1163 963 quandoque
1196 907 1370 948 concedi
1400 907 1553 963 possit,
1591 913 1790 948 statuunt

322 981 408 1037 ipsi
430 981 612 1022 alteram
633 981 788 1023 horum
821 988 993 1037 partem
1027 982 1156 1022 unico
1188 980 1379 1022 Decreto
1410 980 1789 1036 comprehendere,

323 1071 410 1111 quo
435 1056 636 1112 Synodus
658 1062 823 1103 caveat,
858 1056 987 1096 licere
1020 1062 1179 1096 sanctae
1201 1055 1315 1096 Eceae
1341 1055 1685 1096 communionem
1707 1055 1789 1096 sub

322 1136 509 1185 utraque
537 1130 679 1186 specie
704 1129 931 1185 aliquibus
958 1129 1162 1170 fidelibus
1184 1129 1428 1177 concedere,
1459 1127 1616 1170 habita
1643 1134 1788 1170 tamen

321 1203 489 1244 ratione
510 1203 607 1250 loci,
633 1203 855 1257 temporis,
891 1209 934 1243 et
956 1201 1195 1251 hominum,
1230 1203 1395 1258 quibus
1426 1201 1473 1242 id
1505 1203 1590 1243 erit
1611 1203 1788 1258 permit-

322 1276 520 1317 tendum.
582 1276 761 1316 Etenim
784 1275 1052 1331 persuadent
1085 1276 1168 1317 sibi
1201 1292 1226 1318 a
1259 1275 1433 1332 Synodo
1463 1276 1689 1317 decretum
1710 1275 1788 1317 1100

323 1351 617 1406 approbatum
640 1350 706 1398 iri,
742 1365 840 1391 cum
871 1350 933 1390 nil
963 1350 1085 1391 aliud
1117 1352 1335 1391 contineat
1358 1365 1490 1406 quam
1512 1351 1556 1391 in
1578 1350 1788 1392 facultate

321 1425 436 1465 Eccae
459 1439 564 1473 esse,
581 1423 660 1464 hoc
681 1424 829 1479 ipsum
846 1424 1102 1479 permittere
1126 1424 1197 1465 vel
1213 1424 1445 1480 denegare.
1489 1423 1590 1473 Quo
1611 1426 1787 1472 sancito,

322 1496 400 1538 hoe
421 1496 634 1537 commodi
661 1512 714 1538 ex
740 1512 791 1538 eo
813 1497 1075 1538 Oratoribus
1106 1512 1378 1538 accessurum
1407 1503 1583 1552 putant,
1617 1504 1668 1538 ut
1701 1512 1788 1537 am-

322 1570 441 1625 plius
480 1569 796 1625 disputandum
842 1585 927 1610 non
969 1570 1039 1617 sit,
1089 1570 1278 1625 possitne
1327 1569 1551 1625 aliquibus
1597 1576 1788 1625 utraque

321 1643 488 1697 species
511 1643 696 1689 concedi,
729 1650 805 1684 aut
832 1643 1000 1683 minus:
1033 1642 1109 1682 sed
1140 1642 1186 1682 id
1217 1641 1359 1682 solum
1392 1641 1702 1683 excutiendum
1723 1657 1787 1683 re-

320 1716 563 1772 linquatur,
588 1731 643 1757 an
665 1717 826 1758 debeat
845 1715 925 1757 hoc
946 1723 1142 1772 tempore
1166 1716 1372 1757 Bohemis
1404 1723 1448 1757 et
1473 1716 1569 1757 aliis
1600 1718 1788 1773 petenti-

323 1791 406 1831 bus
442 1791 652 1846 permitti,
698 1807 745 1832 ac
787 1791 953 1847 quibus
989 1790 1322 1831 conditionibus.
1387 1791 1499 1841 Quae
1532 1806 1601 1832 res
1636 1798 1789 1847 postea

321 1865 557 1906 faciliorem
579 1865 872 1921 proculdubio
895 1879 1118 1905 assensum
1142 1865 1197 1905 sit
1213 1863 1433 1911 habitura,
1451 1880 1549 1906 cum
1573 1865 1692 1922 prior
1712 1865 1787 1906 illa

321 1954 423 1995 pars
444 1954 469 1979 a
491 1938 663 1995 Synodo
690 1943 781 1994 jam
814 1938 950 1979 fuerit
982 1945 1173 1993 recepta.
1236 1938 1415 1979 Decreti
1442 1938 1581 1980 forma
1604 1940 1697 1997 jam
1731 1939 1786 1980 ab

322 2013 554 2060 Auditore,
578 2013 830 2069 legatorum
852 2010 1070 2060 mandato,
1094 2011 1179 2052 suit
1201 2011 1407 2054 confecta.

479 2134 738 2182 Decretum
766 2135 824 2182 de
850 2134 1169 2182 Concessione
1196 2133 1636 2182 Sacramentorum.

382 2231 606 2280 Oratores,
642 2247 729 2287 quo
762 2232 849 2272 illis
885 2231 1064 2272 utiliora
1099 2247 1124 2272 a
1159 2231 1344 2288 Legatis
1379 2237 1699 2288 proponuntur,
1737 2245 1788 2272 eo

321 2307 462 2363 magis
498 2306 757 2347 incommodi
780 2305 951 2362 aliquid
972 2305 1184 2362 suspicari
1208 2305 1428 2346 videntur.
1494 2305 1694 2346 Tandem
1717 2320 1785 2346 res

319 2381 381 2421 ita
403 2380 641 2436 composita
673 2386 751 2429 est,
781 2386 832 2420 ut
854 2386 1043 2434 quatuor
1064 2379 1131 2419 1111
1155 2378 1357 2420 Canones
1378 2378 1431 2420 de
1455 2378 1737 2419 Eucharistia
1760 2392 1785 2419 a

320 2455 527 2496 Patribus
550 2453 844 2502 excutiantur,
880 2460 1014 2508 atque
1047 2454 1091 2494 in
1125 2454 1324 2501 sessione,
1359 2454 1394 2494 si
1431 2453 1494 2494 ita
1527 2453 1785 2502 censuerint,

321 2528 686 2585 promulgentur:
724 2526 818 2568 haec
852 2533 1000 2568 tamen
1033 2527 1169 2568 verba
1205 2527 1256 2568 iis
1293 2526 1526 2575 addantur,
1566 2527 1784 2574 videlicet,

322 2602 530 2643 articulos
554 2601 677 2650 duos,
700 2601 777 2657 qui
799 2608 1039 2657 supersunt
1062 2601 1115 2642 de
1136 2617 1219 2643 usu
1242 2601 1386 2642 calicis
1403 2600 1674 2643 concedendo
1699 2615 1782 2649 eos,

324 2675 651 2730 quamprimum
666 2674 816 2716 oblata
828 2675 1048 2716 occasione
1062 2681 1296 2716 tractatum
1311 2675 1364 2715 iri
1381 2675 1605 2725 obtinent3
1633 2681 1787 2731 postea

325 2761 349 2787 a
383 2747 567 2803 Legatis
609 2747 694 2789 sibi
728 2747 857 2789 fidem
895 2747 990 2788 dari
1023 2762 1066 2789 se
1100 2763 1274 2788 causam
1308 2747 1418 2788 hanc
1451 2747 1783 2804 diligentissime

325 2819 401 2859 Sffl0
418 2821 582 2863 Nostro
604 2821 1007 2863 commendaturos:
1042 2826 1137 2878 ejus
1155 2822 1217 2864 rei
1240 2822 1457 2877 priva-tam
1482 2821 1613 2863 etiam
1636 2821 1782 2876 Lega-
