1905 3254
376 325 458 364 342
993 340 1103 370 suss.
1132 340 1208 369 vu.

374 444 511 484 nitate
532 450 575 484 et
596 443 893 500 praerogativa
914 450 1201 491 conservetur,
1224 449 1268 484 et
1289 444 1547 485 omittantur
1569 444 1667 484 aliae
1684 458 1822 500 quaes-

373 516 511 557 tiones
532 517 720 558 inutiles.

432 589 1013 645 Parmensis—Disputatio¹
1052 589 1106 630 de
1135 589 1165 630 J
1170 589 1449 630 urisdictione
1477 603 1563 629 non
1585 589 1730 644 placet
1750 604 1823 630 va·

372 663 448 703 riis
469 662 523 703 de
544 663 707 704 causis:
754 663 820 704 P0.
845 664 948 719 quia
969 678 1054 703 non
1074 664 1297 719 proposita
1316 679 1324 703 ε
1365 664 1420 703 20.
1444 663 1548 717 quia
1567 677 1651 703 non
1672 677 1824 704 conve-

372 736 517 776 nimus
541 735 626 776 huc
657 743 707 776 ut
737 735 994 777 definiamus
1026 736 1288 791 quaestion'es
1316 736 1431 776 inter
1460 734 1721 782 Catholicos,
1749 734 1823 776 sed

374 814 543 849 tantum
566 809 680 849 inter
702 809 948 849 Haereticos
968 824 976 848 :
1009 809 1066 850 3⁰.
1092 808 1211 863 quia,
1230 823 1327 849 cum
1350 815 1508 865 agatur
1529 808 1582 849 de
1605 814 1822 864 potestate

374 882 545 921 Summi
584 882 815 927 Pontificis,
866 896 950 921 non
989 880 1034 921 id
1082 881 1180 921 licet
1230 881 1395 936 absque
1438 885 1533 935 ejus
1572 881 1822 921 voluntate:

370 954 430 994 40.
454 954 558 1008 quia
578 953 970 994 condemnarentur
991 953 1275 1008 quamplures
1301 953 1522 1000 Doctores,
1546 954 1623 1008 qui
1642 953 1721 994 hoc
1754 953 1824 993 vel

372 1024 494 1065 aliud
513 1025 715 1065 sentiunt.

431 1096 859 1138 Calvensis—multa
885 1096 1056 1152 prolixe
1089 1097 1192 1137 satis
1217 1095 1271 1137 de
1293 1097 1324 1138 J
1327 1096 1608 1137 urisdictione
1629 1102 1672 1137 et
1694 1096 1822 1137 Insti-

370 1171 540 1210 tutione
567 1170 891 1225 Episcoporum,
910 1176 953 1210 et
974 1169 1093 1224 quod
1114 1170 1330 1217 verbum?
1357 1169 1590 1218 character,
1604 1170 1823 1225 reperitur

371 1243 415 1282 in
452 1242 720 1298 Apocalypsi
752 1257 845 1297 cap.
883 1242 947 1282 13.
981 1243 1044 1282 14.
1080 1243 1142 1283 16.
1179 1243 1259 1291 19„
1284 1250 1329 1283 et
1360 1242 1478 1298 quod
1498 1241 1739 1298 Dionysius
1769 1241 1823 1282 de

373 1314 599 1356 Hierarch.
626 1314 740 1355 Coel.
764 1329 850 1355 non
871 1315 1010 1355 solum
1034 1316 1178 1356 utitur
1203 1315 1282 1356 hoc
1304 1315 1453 1362 verbo,
1484 1315 1561 1356 sed
1597 1315 1729 1356 etiam
1751 1314 1822 1355 de-

370 1388 480 1436 finit,
517 1395 561 1428 et
597 1388 880 1444 Augustinus
913 1389 1043 1429 etiam
1077 1388 1273 1429 meminit
1299 1389 1376 1428 lib.
1406 1390 1440 1429 1.
1471 1403 1562 1443 cap,
1586 1388 1653 1428 30.
1677 1394 1824 1429 contra

372 1462 588 1503 Cresconm
612 1462 870 1510 Grammat.,
905 1469 950 1502 et
983 1468 1132 1502 contra
1163 1461 1515 1509 Parmenianum,
1552 1469 1595 1502 et
1622 1463 1667 1502 111
1696 1463 1821 1517 epist.

374 1536 467 1583 166,
500 1543 542 1577 et
577 1535 665 1592 ApS
703 1535 759 1576 ad
791 1536 931 1576 Hebr.
966 1536 1014 1590 p⁰
1047 1536 1123 1575 ubi
1155 1535 1321 1591 legitur
1353 1536 1520 1576 Homo3
1555 1537 1699 1592 figura
1719 1537 1820 1577 sub-

370 1610 567 1650 stantiae:
598 1609 709 1649 alius
732 1608 882 1649 Codex
903 1608 1049 1655 habet,
1074 1607 1310 1648 Character
1331 1609 1586 1649 substantiae
1609 1608 1686 1649 Sto,

427 1681 586 1722 Orator
602 1680 984 1721 Poloniae—-Circa
1002 1679 1057 1721 7¹¹²
1078 1679 1314 1727 Canonem,
1330 1680 1492 1721 frustra
1507 1681 1698 1721 laborari
1712 1696 1824 1722 nunc

370 1769 456 1809 quo
483 1758 584 1809 Jure
617 1754 702 1794 sint
734 1753 974 1809 Episcopi:
1011 1751 1213 1793 debuisse
1247 1753 1393 1807 potius
1426 1752 1504 1793 hoc
1534 1754 1674 1808 quaeri
1705 1760 1820 1794 ante-

370 1841 501 1881 quam
525 1841 771 1867 crearemur
791 1825 1026 1881 Episcopi;
1050 1822 1116 1865 his
1138 1825 1248 1866 enim
1272 1825 1529 1866 calamitosis
1550 1826 1821 1880 temporibus

368 1906 482 1940 certe
510 1914 595 1940 non
626 1914 718 1940 esse
740 1899 969 1955 dignitatis
989 1904 1147 1939 nostrae
1168 1898 1212 1938 in
1235 1897 1517 1953 Genealogiis
1537 1898 1822 1939 interminatis

367 1978 542 2027 tempus
564 1986 829 2012 consumere.
893 1971 1010 2010 Nam
1032 1985 1129 2011 cum
1152 1969 1367 2010 Catholici
1388 1985 1534 2010 omnes
1556 1971 1817 2019 existiment,

366 2045 421 2085 ab
443 2044 520 2085 hoc
545 2045 740 2086 Concilio
762 2043 952 2100 pendere
981 2043 1168 2084 salutem
1200 2043 1335 2083 totius
1370 2043 1496 2090 Eccae,
1531 2050 1644 2084 certe
1676 2044 1823 2098 potius

368 2117 588 2171 agendum
622 2124 734 2158 esset
770 2116 823 2157 de
856 2116 1020 2156 ratione
1054 2117 1164 2156 benc
1196 2115 1528 2156 administrandi
1563 2115 1696 2172 hujus
1727 2132 1818 2157 mu-

365 2189 491 2230 neris.

425 2262 928 2303 Guadicensis—-mirum
962 2269 1026 2303 est
1065 2264 1109 2302 in
1145 2262 1337 2302 doctrina
1371 2263 1561 2303 enarrari
1598 2267 1719 2304 tant-51
1753 2265 1816 2305 in-

365 2335 528 2377 dustria
563 2336 714 2376 munia
746 2335 1080 2390 Episcoporum,
1124 2342 1167 2375 et
1200 2335 1372 2375 nullum
1410 2336 1594 2376 verbum
1634 2336 1726 2377 fieri
1764 2337 1818 2378 de

363 2408 590 2464 pascendo,
613 2409 731 2465 quod
752 2415 818 2449 est
839 2408 1125 2464 praecipuum.
1189 2408 1316 2456 Item,
1340 2409 1418 2449 ubi
1439 2410 1588 2467 agitur
1611 2409 1665 2450 de
1684 2409 1814 2450 Hier-

364 2481 521 2529 archia,
558 2497 641 2522 non
678 2482 848 2537 attingi,
890 2496 967 2522 nec
1003 2481 1153 2536 Caput
1184 2495 1262 2521 nec
1294 2481 1441 2535 pedes.
1515 2482 1584 2523 De
1619 2482 1816 2538 Septimo

362 2560 507 2594 autem
533 2553 723 2602 Canone,
746 2560 853 2609 quot
872 2560 975 2594 sunt
993 2555 1086 2609 ejus
1101 2559 1248 2607 partes
1267 2559 1332 2593 tot
1353 2560 1453 2595 sunt
1469 2553 1627 2603 dubia3
1650 2569 1749 2594 nam
1771 2555 1815 2594 in

404 2641 411 2658 ¹
439 2643 514 2672 Here
530 2643 555 2673 is
572 2644 703 2674 inserted
719 2645 748 2681 9,
771 2654 803 2674 or
819 2644 868 2673 the
883 2643 1074 2674 contraction
1092 2643 1137 2673 for
1163 2643 1305 2682 quaestio,
1323 2642 1439 2679 which,
1454 2643 1528 2673 with
1551 2644 1615 2674 sive
1638 2644 1814 2684 preceding,

364 2695 464 2733 might
481 2697 531 2726 do.

405 2747 419 2764 ²
442 2749 625 2788 Something
640 2749 706 2779 like
720 2749 771 2779 the
785 2750 975 2780 coutraction
992 2750 1038 2779 for
1053 2759 1106 2789 per
1120 2749 1224 2779 stands
1240 2748 1320 2780 here.

405 2806 417 2822 ³
444 2808 455 2835 Ι
476 2812 589 2837 cannot
603 2807 657 2837 tell
673 2808 755 2837 what
770 2808 830 2838 this
845 2808 929 2838 word
945 2818 1060 2837 means.
1108 2808 1132 2836 1¹
1159 2818 1228 2845 may
1255 2807 1292 2836 be
1311 2807 1357 2837 for
1383 2807 1485 2842 hodie,
1504 2806 1603 2836 which
1628 2807 1695 2836 will
1720 2807 1813 2837 make

363 2858 412 2888 tlic
428 2870 508 2890 sense
524 2862 677 2901 required.
725 2862 792 2892 The
807 2862 933 2901 reading
949 2862 984 2891 of
1001 2861 1051 2891 the
1070 2861 1208 2899 Yulgate
1226 2861 1249 2890 is
1264 2860 1415 2899 certainly
1432 2861 1540 2898 figura,
1558 2864 1609 2890 not
1625 2860 1791 2890 character.
