1905 3254
349 242 429 282 104
987 259 1095 289 sEss.
1116 259 1177 288 111.

345 361 492 403 divino
514 365 650 404 teneri
674 364 793 420 Ejios
815 365 859 405 in
882 366 971 405 suis
993 364 1199 405 Ecclesiis
1221 368 1505 419 permanere?
1551 363 1664 403 Cum
1693 363 1803 403 enim

347 433 521 475 duobus
542 436 727 491 quisque
747 437 922 485 aculeis,
960 438 1079 492 [uno]
1113 436 1367 484 adventitio,
1392 437 1529 477 altero
1551 436 1715 483 intimo,
1751 435 1805 475 ad

346 506 467 562 leges
504 508 738 549 servandas
781 509 918 550 soleat
954 510 1138 565 impelli,
1182 525 1282 550 sane
1326 511 1360 550 is
1409 516 1615 550 externus
1662 508 1805 549 minus

346 580 509 622 habere
531 582 690 622 virium
713 582 835 629 solet,
860 598 956 623 cum
980 589 1057 623 aut
1079 582 1271 623 humano
1302 589 1473 624 tantum
1506 582 1686 638 praemio
1709 595 1805 622 0011-

347 654 555 703 tineatur,
591 654 705 710 quod
728 655 853 696 facilc
876 670 1084 711 generosa
1106 671 1226 698 mens
1249 662 1519 711 aspernatur,
1552 660 1627 695 aut
1650 654 1805 695 timore

346 741 493 781 poenae
517 726 739 775 fulciatur,
759 728 835 783 qui
854 728 1086 769 diuturnus
1107 744 1191 770 non
1215 736 1278 770 est
1299 732 1365 782 (ut
1386 729 1528 784 inquit
1548 728 1640 782 ille)
1668 733 1809 769 custos

349 799 491 847 officii,
524 814 602 841 1100
634 799 679 839 id
715 807 892 855 praestat
925 808 975 842 ut
1012 803 1109 857 quis
1132 817 1231 843 vere
1265 802 1441 857 legibus
1462 808 1628 857 pareat,
1662 801 1738 842 scd
1759 806 1808 841 ut

349 872 497 928 potius
533 874 730 927 paruisse
768 874 985 916 videatur.
1052 876 1256 916 Inclusus
1285 891 1387 916 vero
1421 876 1531 916 alter
1563 891 1615 916 ex
1637 874 1810 916 honesti

348 945 604 1000 cupiditate,
642 947 948 1003 virtutumque
988 949 1188 1004 igniculis
1233 948 1463 996 excitatus,
1504 964 1551 988 ac
1592 956 1809 1004 perpetuo

349 1019 503 1060 animis
524 1019 682 1059 nostris
715 1019 943 1069 inhaerens,
978 1036 1067 1065 1105,
1103 1022 1145 1061 vi
1178 1036 1258 1062 sua
1291 1020 1478 1078 quadam
1512 1021 1728 1077 singulari
1760 1035 1810 1062 eo

348 1092 498 1141 trahit,
522 1100 572 1134 ut
594 1095 806 1150 majorum
830 1095 1065 1150 praeceptis
1088 1097 1254 1135 summa
1277 1110 1373 1136 011111
1397 1095 1625 1150 voluptate
1641 1095 1808 1135 obtem-

349 1181 578 1221 peremus:
613 1174 747 1222 atque
783 1167 850 1207 1110
886 1167 1089 1223 (1111010111,1
1114 1183 1209 1208 cum
1233 1167 1279 1208 id
1303 1183 1415 1208 unus
1451 1168 1625 1215 habeat,
1661 1173 1711 1208 ut
1733 1182 1811 1208 nos

350 1238 405 1279 ad
427 1239 553 1279 officii
576 1255 736 1280 munus
756 1241 918 1280 mirum
941 1241 984 1280 in
1007 1240 1182 1280 modum
1207 1241 1357 1281 incitet
1389 1248 1432 1281 et
1465 1241 1678 1297 impellat,
1703 1255 1809 1296 qua-

348 1315 473 1351 nam²
494 1311 570 1351 ille
597 1312 763 1353 ratione
798 1314 941 1369 magis
972 1313 1068 1354 elici
1103 1320 1181 1353 aut
1215 1314 1473 1354 inflammari
1497 1321 1654 1369 potest,
1679 1329 1810 1370 quam

353 1383 447 1439 ejus
479 1383 630 1438 ipsius,
668 1384 742 1439 qui
778 1399 855 1425 nos
889 1385 1005 1440 regit
1038 1393 1281 1440 cunctaque
1315 1387 1479 1426 creavit
1515 1386 1812 1428 authoritate?

349 1456 435 1496 Est
455 1454 534 1496 hoc
561 1455 763 1496 omnibus
785 1458 1001 1497 communi
1029 1458 1219 1512 quodam
1243 1473 1370 1498 sensu
1391 1459 1650 1514 ingenitum.
1714 1461 1812 1500 Aut

352 1544 439 1585 quo
462 1529 672 1570 excelsior
707 1529 842 1570 fuerit
869 1530 1067 1585 jubentis
1100 1530 1304 1586 dignitas,
1341 1533 1465 1587 cujus
1502 1531 1616 1572 dicta
1643 1539 1811 1573 nostros

351 1604 515 1644 animos
537 1603 839 1643 vehementius
871 1604 1120 1652 incendant,
1152 1618 1237 1643 11011
1262 1605 1409 1645 venire
1441 1605 1551 1646 illud
1583 1621 1665 1646 usu
1694 1606 1812 1647 vide-

350 1692 463 1725 mus,
506 1675 562 1717 ad
595 1677 826 1717 OEconomi
867 1676 1124 1718 mandatum
1167 1692 1395 1734 assurgere
1436 1678 1655 1719 ministros
1694 1695 1813 1735 saepe

350 1749 665 1806 negligentum,
688 1749 860 1790 eosdem
886 1764 987 1790 vero
1005 1750 1152 1790 statim
1176 1749 1356 1791 Domini
1379 1752 1658 1806 praesentiam
1691 1767 1810 1793 reve-

351 1823 467 1863 reri?
527 1822 752 1863 Minorum
790 1823 1045 1879 Principum
1082 1827 1205 1879 jussa
1241 1828 1434 1865 movere³
1457 1824 1635 1880 quidem
1660 1826 1812 1874 solent,

353 1900 485 1949 urget
508 1908 609 1934 vero
632 1894 815 1935 verbum
851 1895 1174 1950 imperiumque
1198 1896 1348 1951 Regis.
1396 1896 1513 1937 Hinc
1545 1898 1749 1953 frequens
1771 1897 1815 1938 id

351 1964 396 2004 in
437 1965 565 2004 sacris
598 1965 747 2013 literis,
792 1966 894 2007 Non
925 1981 1006 2022 ego
1040 1967 1115 2007 sed
1147 1967 1363 2008 Dominus
1394 1967 1472 2009 hoc
1505 1968 1620 2010 dicit.
1696 1969 1814 2011 Hinc

352 2037 539 2093 ignitum
563 2037 742 2078 Domini
767 2039 1011 2095 eloquium.
1063 2039 1178 2080 Hinc
1202 2055 1342 2081 sermo
1366 2041 1452 2082 Dei
1475 2043 1650 2099 ancipiti
1672 2043 1816 2099 gladio

354 2111 681 2165 penetrabilior.
747 2112 841 2152 Nec
864 2112 1021 2152 mirum
1040 2113 1218 2167 quidem
1243 2120 1319 2161 est,
1345 2114 1380 2154 51
1403 2121 1573 2156 tantum
1599 2115 1718 2171 apud
1740 2131 1816 2157 nos

355 2184 541 2224 verbum
564 2184 743 2224 Domini
767 2185 912 2225 valeat
925 2201 935 2234 3
970 2200 1091 2225 mens
1109 2187 1221 2226 0111111
1245 2194 1404 2234 nostra,
1440 2188 1586 2230 divino
1619 2196 1816 2230 constans

355 2257 527 2303 semine,
565 2256 672 2296 adeo
707 2256 761 2296 ad
793 2257 859 2297 sui
891 2272 935 2297 se
965 2257 1159 2298 authoris
1195 2273 1387 2299 normam
1422 2267 1556 2315 atque
1580 2267 1815 2316 praecepta,

353 2330 559 2370 intestino
581 2329 768 2385 quodam
792 2330 1000 2386 impulSU,
1024 2331 1173 2372 studet
1194 2332 1413 2388 effingere,
1436 2340 1485 2373 ut
1502 2333 1536 2373 si
1559 2334 1657 2388 quis
1680 2333 1816 2374 effrae-

354 2409 468 2443 natae
492 2403 745 2458 cupiditatis
769 2404 959 2459 impetus
981 2418 1075 2444 eam
1100 2404 1184 2444 alio
1207 2405 1472 2461 quandoque
1495 2413 1675 2455 avertat,
1705 2422 1815 2448 11101-

357 2475 441 2516 dax
464 2483 609 2518 tamen
633 2477 752 2517 illam
776 2477 1046 2517 conscientiae
1070 2478 1274 2518 stimulus
1307 2494 1391 2520 non
1414 2479 1597 2530 deserat,
1632 2496 1816 2537 eamque

357 2547 543 2597 assiduo,
570 2548 688 2602 quod
711 2549 767 2589 ab
791 2555 956 2589 aeterna
978 2548 1209 2591 desciverit
1232 2551 1457 2606 sapientia,
1496 2552 1747 2608 interpellat
1769 2568 1816 2594 ac

356 2627 571 2676 torqueat.

641 2688 646 2705 ¹
677 2690 845 2729 Quaedam,
863 2690 933 2720 MS.
1256 2690 1268 2707 ²
1291 2691 1449 2730 Quadam,
1464 2692 1537 2722 MS.

399 2741 411 2756 ³
435 2741 482 2770 Ea
496 2741 617 2772 follows
633 2742 666 2772 in
679 2742 730 2773 the
747 2743 817 2774 MS.
834 2742 1065 2783 superfluously
1081 2753 1113 2774 as
1135 2754 1273 2784 appears,
1289 2744 1391 2775 unless
1406 2745 1430 2775 it
1446 2745 1470 2775 is
1486 2756 1505 2776 a
1520 2744 1651 2776 mistake
1675 2746 1720 2777 sor
1735 2756 1818 2777 some

357 2793 441 2823 other
456 2795 548 2824 word.
