1905 3254
673 267 783 297 sEss.
810 267 887 296 vu.
1429 254 1512 295 373

41 371 182 426 scopis
204 378 249 412 et
281 371 521 428 Theologis
553 373 795 414 minoribus
819 373 1003 415 Gallicis
1037 374 1362 431 refragantibus
1394 374 1504 415 nihil

40 444 262 486 effecisset.
308 445 419 500 Spes
439 452 586 486 tamen
606 453 775 487 nostros
796 461 881 487 non
898 446 1143 495 deserebat,
1160 448 1258 489 illos
1276 449 1332 489 ab
1349 448 1500 489 eodem

41 517 331 574 Lotharingio
367 517 632 558 commodius
673 519 871 575 mitigari
905 535 1057 576 posse;
1102 520 1179 561 sed
1213 527 1257 562 et
1291 521 1383 572 ille,
1405 536 1502 562 eum

38 605 148 631 nova
166 590 362 646 quotidie
383 589 697 631 discordiarum
719 592 881 632 semina
903 600 1227 648 spargerentur,
1243 595 1502 649 suspicatus,

39 678 91 704 ne
123 678 174 704 eo
203 663 376 705 nomine
410 664 466 704 ab
500 663 722 719 aliquibus
755 664 877 720 apud
906 665 1237 706 Sanctissimum
1260 666 1304 706 in
1324 667 1500 721 culpam

38 743 277 778 vocaretur.
341 736 504 778 Literis
541 737 629 777 suis
666 736 721 778 ad
754 737 941 778 cundem
973 738 1037 779 rei
1067 738 1202 779 totius
1223 753 1501 794 progressum

38 809 332 864 persequitur,
355 823 514 865 rogans
541 808 676 850 ctiam
710 809 829 850 illius
858 810 1156 857 Sanctitatem,
1180 816 1229 851 ut
1251 810 1387 851 verba
1407 811 1499 859 illa,

37 880 89 922 de
112 881 349 922 universali
370 881 580 930 Ecclesia,
600 882 743 923 omitti
767 882 954 939 benigne
977 883 1189 938 patiatur,
1207 883 1370 940 quibus
1393 884 1500 925 Gal-

35 953 119 994 lica
160 954 278 994 natio
322 953 601 995 vehementer
637 955 939 1010 perturbatur,
973 970 1050 996 nec
1087 955 1358 996 afflictionem
1397 956 1499 998 addi

35 1025 190 1067 afflicto
223 1027 430 1081 patiatur.
498 1026 658 1068 Subdit
695 1026 852 1068 deinde
891 1027 1021 1068 aliam
1058 1028 1292 1070 formulam
1331 1046 1369 1070 v.
1403 1044 1497 1085 cap.

31 1098 253 1140 Doctrinae
276 1106 319 1140 et
344 1100 414 1141 7¹ni
434 1099 626 1141 Canonis
649 1116 674 1141 a
695 1116 740 1141 se
762 1100 1059 1155 compositam,
1094 1116 1225 1156 quam
1249 1108 1293 1142 et
1316 1102 1385 1142 B¹¹i
1408 1117 1500 1143 suae

36 1174 183 1221 mittit,
218 1181 261 1215 ct
296 1174 479 1229 reliquis
516 1175 726 1216 Patribus
759 1174 1035 1230 probandum
1073 1181 1235 1230 sperat,
1270 1190 1370 1230 quae
1406 1182 1499 1217 crat

37 1248 148 1289 talis.

34 1391 178 1439 Aliud
219 1392 458 1447 Quintum
491 1392 655 1457 Caput
696 1392 941 1439 Doetrinae
977 1410 1004 1438 a
1035 1392 1283 1440 Cal-dinali
1317 1393 1497 1440 Lotha-

508 1484 664 1545 ringio
689 1484 1022 1545 compositum.

101 1610 282 1658 Verum,
316 1618 481 1666 practer
515 1616 867 1651 commemoratos
908 1609 1107 1649 ordinum
1151 1609 1330 1664 gradus,
1372 1609 1497 1651 docet

37 1682 193 1723 Sancta
215 1682 427 1739 SynoduS,
451 1683 694 1738 Episcopos
719 1682 842 1722 Sedis
860 1682 1032 1737 Aplicae
1056 1681 1336 1730 authoritate,
1351 1689 1394 1723 et
1412 1683 1495 1724 sub

36 1755 221 1796 Romani
243 1757 463 1797 Pontificis
485 1755 734 1796 obedientia
758 1762 1015 1810 assumptos,
1032 1770 1057 1795 a
1075 1754 1251 1796 Christo
1271 1756 1495 1798 institutos

35 1831 78 1871 in
113 1829 343 1871 Catholica
378 1830 589 1877 Ecclesia,
614 1829 889 1884 praecipuum
923 1829 1062 1868 locum
1099 1829 1310 1876 obtinere,
1335 1844 1494 1885 cosque

36 1919 296 1946 successores
317 1920 406 1945 esse
439 1903 770 1958 Apostolorum,
797 1902 914 1957 quod
937 1902 1067 1942 etiam
1090 1910 1238 1943 sancta
1259 1903 1493 1946 traditione

36 1979 322 2027 confirmatur,
345 1985 389 2019 et
411 1993 435 2018 a
458 1978 626 2018 Sanctis
648 1977 854 2017 Patribus
877 1977 1172 2024 confirmatur,
1207 1983 1250 2017 et
1278 1977 1322 2016 in
1343 1977 1492 2019 Eccle-

36 2051 106 2092 siis
126 2052 208 2092 sihi
231 2051 465 2092 commissis
492 2049 673 2106 regendi
708 2055 968 2105 potestatem
992 2048 1169 2096 habere,
1194 2063 1378 2104 eamque
1401 2066 1489 2091 ma-

32 2125 168 2180 jorem
192 2140 323 2181 quam
350 2124 638 2179 Presbyteris,
662 2123 837 2178 illisque
875 2123 974 2162 solis
1010 2122 1238 2163 ordinandi
1265 2130 1310 2163 et
1343 2125 1490 2164 confir-

38 2197 180 2238 mandi
200 2204 461 2253 potestatem
484 2203 746 2252 competere,
763 2203 805 2237 et
819 2195 1000 2251 proinde
1015 2196 1289 2251 Presbyteris
1307 2195 1491 2252 aliisque

37 2269 311 2311 inferioribus
363 2269 576 2327 gradibus
617 2283 707 2309 esse
749 2268 1006 2323 superioreS,
1048 2283 1195 2308 omnes
1242 2274 1387 2309 tamen
1435 2270 1491 2310 ab

39 2355 125 2383 uno
157 2343 335 2383 Summo
376 2342 418 2382 in
452 2343 579 2383 terris
614 2341 782 2382 Christi
810 2340 1006 2389 Viea1·io,.
1031 2339 1228 2380 Romano
1264 2341 1488 2391 Pontifice,

40 2414 165 2457 Beati
199 2416 320 2457 Petri
352 2416 569 2471 Principis
607 2414 922 2472 Apostolorum
945 2427 1197 2461 successore,
1235 2419 1278 2453 et
1310 2429 1407 2454 eum
1439 2430 1490 2455 eo

38 2486 279 2544 Regiminis
300 2496 518 2545 potestate
551 2490 647 2544 pari
682 2489 915 2544 primatum
955 2487 998 2527 in
1033 2486 1269 2527 universali
1292 2487 1491 2529 Ecclesia

38 2566 222 2611 tenente,
258 2570 308 2603 ut
349 2563 495 2603 unitas
528 2561 734 2617 Corporis
770 2560 939 2616 mystici
976 2565 1204 2614 tantopere
1239 2574 1264 2599 a
1297 2559 1488 2610 Christo,

40 2633 276 2689 ApostoliS,
319 2642 362 2676 et
405 2634 573 2676 Sanctis
614 2635 822 2675 Patribus
862 2631 1163 2673 commendata
1203 2639 1404 2673 servetur
1446 2640 1490 2675 et

39 2706 287 2756 retineatur,
312 2708 355 2749 id
377 2709 611 2764 ipsumque
634 2708 870 2749 sentiamus
892 2721 1050 2754 omnes,
1085 2712 1129 2747 et
1150 2705 1273 2746 nulla
1298 2721 1488 2762 unquam
