1905 3254
673 280 786 310 sess.
814 280 879 311 111.
1410 266 1490 308 127

33 384 238 425 Oratores
260 383 453 425 Caesarei
480 392 628 426 contra
664 385 853 425 maxime
886 385 1147 433 niterentur,
1171 386 1331 442 Legati
1357 386 1491 427 variis

31 457 270 498 rationibus
312 456 610 498 Marchionem
654 458 709 498 ab
751 473 802 499 eo
836 462 1034 499 avertere
1076 458 1266 508 student,
1308 474 1490 515 praeser-

33 530 203 585 timque
233 529 350 586 quod
380 529 550 570 nullam
572 530 770 586 proxime
804 534 968 586 justam
994 531 1236 572 Sessionem
1269 532 1490 574 celebran-

30 602 144 651 dam,
183 603 258 644 sed
289 609 548 658 praesentem
582 603 729 658 potius
762 602 1084 658 prorogandam
1124 604 1287 653 dicunt,
1324 606 1369 645 in
1401 619 1492 660 qua

30 673 138 714 nihil
159 673 256 714 ideo
283 688 336 714 ex
359 674 541 728 pristino
576 689 719 715 rerum
757 680 876 714 statu
913 673 1064 716 deceat
1096 675 1329 716 immutari.
1392 675 1491 716 Hoc

29 761 106 788 nee
129 746 336 787 adversus
358 746 496 802 Regis
517 747 774 787 sententiam
798 746 1009 796 futurum,
1043 747 1119 802 qui
1150 763 1306 789 novam
1340 749 1490 789 existi-

30 819 212 860 maverit
235 820 476 861 Sessionem
494 819 806 876 peragendam,
829 834 914 861 non
931 828 1123 862 veterem
1148 821 1488 877 producendam.

31 891 117 932 His
139 907 236 933 cum
256 907 340 933 non
364 892 562 933 Marchio
586 894 691 935 satis
713 893 1017 948 acquiesceret,
1053 895 1229 936 tandem
1259 896 1422 951 Legati
1446 895 1489 935 id

28 979 86 1013 se,
119 972 332 1020 quantum
372 967 415 1006 in
451 966 557 1021 ipsis
591 967 687 1014 erit,
723 967 951 1022 posteriori
991 968 1175 1009 sessione
1220 969 1490 1024 praestituros

29 1038 255 1094 spondent,
294 1039 513 1094 simulque
535 1038 649 1080 idem
687 1040 777 1080 suis
809 1039 865 1080 ad
896 1039 1156 1096 Philippum
1180 1042 1320 1083 literis
1339 1043 1488 1083 confir-

27 1119 171 1162 mant3
204 1119 385 1153 narrant
417 1112 572 1154 deinde
598 1113 862 1154 Oratoribus
894 1113 1122 1159 Caesareis,
1156 1114 1263 1170 quid
1286 1115 1367 1155 sibi
1390 1129 1488 1155 cum

29 1185 282 1226 Marchione
295 1187 534 1227 necessario
559 1186 690 1228 fuerit
707 1187 1064 1228 conveniendum.
1130 1188 1244 1228 Nam
1263 1203 1358 1228 cum
1379 1188 1488 1228 Ger-

29 1258 144 1298 mani
174 1257 386 1299 hactcnus
416 1259 575 1300 frustra
614 1260 834 1315 expectati
869 1259 1008 1300 adhuc
1043 1275 1064 1300 e
1092 1260 1251 1300 finibus
1282 1261 1371 1300 suis
1404 1274 1490 1300 non

28 1333 302 1382 excesserint,
326 1348 409 1374 non
432 1333 605 1374 licuisse
629 1333 728 1381 sibi,
756 1340 943 1388 urgente
968 1331 1189 1388 Philippo,
1227 1333 1420 1388 amplius
1444 1333 1489 1373 in

28 1419 77 1446 eo
109 1421 271 1447 moram
310 1407 599 1462 interponere.
666 1405 873 1446 Oratores
894 1405 972 1446 hoc
1005 1420 1048 1445 se
1074 1405 1238 1446 (faesari
1263 1406 1487 1461 quampri-

27 1493 143 1519 mum
166 1480 482 1535 significaturos
504 1477 789 1533 respondent3
825 1479 1018 1534 spatium
1055 1486 1202 1519 autem
1237 1479 1486 1534 quindecim

26 1551 194 1593 dierum
232 1559 404 1608 petunt,
447 1553 561 1593 intra
602 1551 721 1606 quod
759 1550 869 1591 nihil
910 1551 1012 1590 novi
1049 1550 1323 1591 decernatur.
1388 1550 1488 1591 Hac

25 1625 162 1680 igitur
197 1625 250 1665 de
293 1639 437 1673 causa,
470 1631 514 1665 et
557 1625 763 1679 quoniam
801 1624 933 1664 etiam
973 1623 1164 1663 nondum
1198 1624 1309 1664 inter
1333 1624 1488 1664 Patres

26 1697 201 1739 decreta
232 1697 465 1739 sancienda
498 1703 622 1737 erant
653 1696 916 1745 examinata,
972 1703 1174 1736 statuunt
1220 1697 1384 1751 Legati
1430 1696 1486 1738 de

25 1770 295 1825 reliquorum
319 1769 448 1810 etiam
475 1768 711 1809 Oratorum
735 1781 944 1807 consensu
976 1766 1152 1821 longius
1179 1767 1364 1806 Sessioni
1388 1782 1485 1822 spa-

26 1842 137 1882 tium
159 1841 352 1896 proferri,
369 1840 570 1880 videlicet
591 1854 731 1895 usque
756 1838 810 1879 ad
833 1838 946 1879 diem
972 1845 1176 1893 quartum
1200 1838 1229 1878 J
1239 1839 1340 1886 unii,
1366 1838 1486 1894 quod

27 1930 77 1956 eo
105 1915 245 1970 magis
268 1913 534 1969 quibusdam
560 1913 740 1968 placuit,
766 1912 969 1967 quoniam
991 1912 1184 1966 reliquos
1206 1911 1299 1952 dies
1328 1914 1487 1954 mensis

28 1987 136 2028 Maii
162 1990 232 2042 (ut
251 2002 397 2028 eorum
420 1986 644 2026 levitatem
663 1985 864 2038 referam)
885 1985 1098 2025 ominosos
1119 1985 1352 2040 minusque
1371 1985 1485 2027 faus-

26 2067 92 2101 tos
132 2075 223 2100 csse
264 2059 500 2106 ducerent;
534 2057 735 2113 quocirca
772 2064 821 2097 ut
858 2057 910 2096 iis
939 2055 1219 2103 satisfaceret,
1255 2056 1331 2111 qui
1364 2071 1484 2097 vere-

28 2132 189 2173 bantur
206 2147 260 2173 ex
287 2131 502 2172 industria
519 2137 652 2185 caput
674 2130 727 2171 de
748 2129 984 2170 residentia
1001 2128 1174 2169 silentio
1197 2129 1484 2183 praeteritum,

28 2203 278 2245 mandatum
307 2211 371 2244 cst
395 2203 615 2250 Auditori,
643 2210 694 2244 ut
727 2203 862 2244 alium
895 2203 1135 2243 Decretum
1171 2201 1350 2243 brevius
1373 2217 1484 2243 coin-

0 2286 221 2339 ¹poneret,
265 2293 350 2334 quo
391 2278 483 2318 sola
526 2278 736 2318 Sessionis
776 2276 1027 2333 prorogatio
1063 2275 1323 2325 continetur,
1367 2275 1487 2332 quod

28 2350 182 2393 deinde
206 2352 261 2393 ab
282 2351 486 2393 omnibus
508 2351 743 2407 probatum
767 2350 863 2391 fuit.

234 2491 492 2538 Decretum
520 2489 880 2552 Prorogationis
907 2487 1156 2534 sessionis.
1197 2487 1278 2535 fol.

86 2599 283 2655 Sequuta
316 2598 455 2655 igitur
487 2596 556 2638 die
604 2598 653 2637 14
692 2595 801 2637 Maii
843 2594 973 2636 sessio
1005 2593 1059 2634 de
1107 2608 1224 2634 more
1266 2593 1487 2636 celebrata

31 2669 125 2719 suit,
166 2671 209 2712 in
251 2685 340 2726 qua
389 2684 557 2711 sacrum
596 2669 770 2724 peregit
816 2666 1068 2708 Patriarcha
1103 2666 1310 2707 Venetus.
1375 2665 1484 2708 Ora-

31 2742 183 2784 tionem
220 2758 320 2784 vero
359 2741 518 2783 habuit
554 2741 804 2796 Episcopus
841 2740 1013 2780 Sanctae
1048 2736 1261 2793 Agathae:
1314 2736 1485 2793 reliqua

32 2823 228 2857 consueto
249 2817 335 2857 ritu
359 2822 548 2870 peracta.
