1905 3254
652 293 764 325 SEss.
788 295 852 325 111.
1426 286 1506 328 107

40 393 384 449 expellebantur,
428 412 503 438 nec
546 412 704 448 errare,
749 401 867 457 quod
906 416 990 443 non
1042 403 1358 459 plectebantur.
1434 407 1503 448 Ita

39 467 203 509 factum
238 476 316 517 est,
353 476 402 511 ut
431 470 535 512 dum
571 473 760 528 quisque
793 475 878 516 sibi
909 475 1027 531 quod
1059 477 1186 519 alteri
1207 479 1334 521 licere
1357 487 1500 536 putat,

39 553 186 581 omnes
209 542 375 597 pariter
396 542 449 584 de
478 543 549 584 via
579 544 864 597 decesserint3
899 548 1104 605 quodque
1136 553 1340 608 exemplo
1373 553 1499 595 facie-

39 611 159 659 bant,
187 612 232 653 id
260 617 361 668 J'ure
394 615 523 655 etiam
552 631 596 657 se
620 616 759 658 facere
781 619 1112 662 arbitrarentur.
1177 623 1307 665 Nunc
1331 626 1500 668 coelesti

37 683 117 726 hac
139 685 239 741 lege
260 687 557 744 promulgata,
581 705 729 731 omnes
756 706 949 734 errorum
981 696 1175 737 tenebrae
1208 696 1496 755 disjiciuntur,

36 757 270 814 nullusque
302 759 558 810 colludendi,
597 764 866 813 connivendi,
899 767 1180 811 titubandive
1209 772 1402 828 angulus
1433 789 1496 815 re-

36 830 258 887 linquitur.
321 833 436 875 Nam
459 835 495 875 si
516 834 764 885 homicidas,
797 839 832 879 si
855 839 986 889 fures,
1025 842 1060 882 si
1093 850 1302 899 raptores,
1339 847 1497 903 magis-

35 909 176 944 tratus
209 904 262 945 de
300 905 441 947 medio
477 907 651 957 tollunt,
691 910 809 965 quod
846 911 995 955 djvina
1031 914 1115 963 lex,
1153 921 1279 972 cujus
1312 919 1497 960 ministri

35 983 149 1024 sunt,
189 978 232 1018 in
267 993 339 1019 eos
368 981 526 1035 jubeat
561 983 875 1036 animadverti,
906 1001 983 1029 nec
1016 988 1295 1046 Principibus
1318 993 1494 1047 quidem

34 1049 185 1092 licebit
221 1053 449 1103 sustinere,
484 1062 533 1096 ut
567 1058 671 1113 vagi
705 1058 1125 1119 circumforaneique
1161 1064 1374 1122 Episcopi
1410 1067 1495 1108 sibi

33 1131 134 1165 ante
154 1125 301 1166 oculos
316 1135 568 1179 versentur3
592 1130 668 1171 sed
686 1146 756 1173 eos
773 1134 921 1175 statim
937 1135 992 1175 ad
1009 1151 1264 1192 supremum
1282 1139 1492 1182 Ecclesiae

33 1198 289 1241 Antistitem
313 1200 521 1251 deferant,
546 1205 902 1262 quandoquidem
928 1207 1007 1250 hoc
1034 1212 1126 1266 juri
1154 1211 1302 1254 divino
1333 1215 1493 1257 intelli-

32 1279 135 1328 gent
157 1287 420 1330 repugnare.
486 1276 537 1317 In
561 1278 658 1319 aliis
690 1279 865 1336 legibus
896 1281 1102 1324 dubitare
1126 1285 1312 1342 quisque
1334 1294 1490 1342 potest,

29 1360 83 1386 ne
123 1353 202 1387 aut
239 1347 479 1390 calliditate
516 1350 754 1406 aliquando
788 1353 1038 1403 eludantur,
1084 1365 1160 1399 aut
1201 1359 1492 1404 desuetudine

28 1418 248 1467 tollantur,
282 1428 359 1462 aut
381 1424 589 1478 temporis
611 1425 775 1480 injuria
799 1427 1084 1480 aboleantur3
1120 1438 1164 1472 at
1197 1431 1394 1476 divinum
1417 1438 1492 1492 jus

28 1506 115 1548 qua
137 1508 332 1549 unquam
358 1495 512 1536 fraude
537 1498 742 1552 perverti,
777 1506 856 1540 aut
889 1503 1098 1557 temporis
1121 1519 1253 1546 cursu
1279 1507 1489 1557 imminui,

27 1572 105 1606 aut
127 1568 354 1622 exquisitis
377 1568 478 1609 ullis
501 1570 673 1610 artibus
696 1573 858 1626 poterit
882 1574 1065 1616 violari?

83 1638 325 1695 Reliquum
359 1648 425 1682 est
455 1642 607 1698 igitur,
642 1643 796 1684 Patres
821 1646 1092 1700 amplissimi,
1126 1664 1206 1703 pro
1229 1657 1371 1692 vestra
1394 1652 1487 1709 dig-

26 1710 177 1759 nitate,
219 1726 298 1767 pro
341 1713 502 1754 eximia
542 1714 596 1754 de
638 1715 968 1771 Augustissimo
1010 1718 1089 1760 hoc
1131 1728 1250 1763 coetu
1293 1726 1486 1766 omnium

27 1784 347 1838 expectatione,
385 1799 464 1839 pro
502 1786 683 1841 publica
719 1788 1027 1839 incolumitate,
1068 1799 1116 1832 ut
1150 1794 1485 1848 pulcherrimam

25 1855 134 1896 hanc
157 1856 455 1897 instaurandae
477 1858 703 1915 religionis
740 1860 1100 1918 illustrandzrque
1128 1865 1340 1909 Ecclesiae
1369 1884 1486 1911 ocea-

24 1930 203 1978 sionem,
222 1945 308 1971 una
331 1939 475 1973 mente
499 1934 732 1989 arripiatis,
752 1950 837 1991 quo
855 1936 1104 1978 affluentem
1131 1939 1321 1995 Spiritus
1340 1943 1486 1986 Sancti

26 2004 224 2059 gratiam,
248 2019 325 2045 vos
350 2019 451 2046 vere
470 2005 679 2049 divinitus
702 2009 876 2050 auxisse
899 2024 1046 2051 omnes
1068 2011 1328 2070 intelligant,
1353 2024 1484 2073 atque

23 2075 321 2133 imposterum,
359 2085 408 2120 ut
441 2080 617 2121 coelitus
650 2081 852 2137 delapsos
884 2098 931 2124 ae
959 2083 1208 2127 divinarum
1232 2088 1383 2144 legum
1408 2093 1484 2132 mi-

25 2149 182 2191 nistros
203 2158 247 2193 et
269 2166 484 2207 praecones
507 2161 724 2209 perpetuo
747 2157 986 2211 suscipiant
1009 2165 1052 2199 et
1075 2169 1348 2203 venerentur.

518 2261 757 2309 SECUNDA
786 2262 994 2311 CONelo.

27 2353 165 2401 Nihil
189 2359 342 2405 minus
367 2360 589 2422 expedire
622 2360 681 2406 ad
715 2362 1030 2409 continendos
1053 2365 1103 2409 in
1130 2363 1356 2414 Ecclesiis
1385 2371 1483 2417 suis

125 2435 400 2503 Episcopos‚
428 2442 623 2504 [quam]
657 2451 712 2488 ut
748 2443 1028 2502 declaretur,
1054 2445 1144 2493 hoc
1172 2447 1297 2510 juris
1332 2449 1484 2497 divini

122 2531 413 2585 praeeeptum
440 2539 552 2570 esse.

82 2614 309 2658 Neminem
334 2633 425 2659 esse
449 2619 647 2668 arbitror,
672 2621 825 2662 Patres
842 2623 1113 2671 sanctissimi,
1140 2625 1218 2679 qui
1241 2639 1324 2666 non
1346 2626 1482 2669 fatea-

27 2691 112 2735 tur,
136 2688 188 2730 ad
211 2690 422 2732 tollendos
446 2693 606 2734 multos
639 2709 908 2751 magnosque
942 2711 1121 2745 erroreS,
1157 2698 1232 2752 qui
1253 2699 1308 2754 ‚in
1334 2699 1481 2741 Chris-

26 2758 186 2801 tianum
213 2764 425 2818 populum
452 2765 737 2821 irrepserunt,
763 2783 809 2808 ac
834 2768 888 2809 ad
908 2769 1066 2809 veteris
1088 2769 1326 2825 disciplinae
1349 2771 1483 2813 decus

24 2831 353 2881 restituendum,
372 2836 417 2876 id
441 2837 652 2891 imprimis
671 2840 901 2895 pertinere,
929 2848 978 2881 ut
1004 2841 1215 2896 Episcopi
1234 2844 1480 2884 commissas
