1905 3254
645 309 754 339 SEss.
784 309 841 338 Π.
1423 290 1502 331 137

94 419 218 460 Inter
241 417 452 459 dicendas
486 423 631 457 autem
667 431 691 456 a
722 414 910 471 singulis
944 414 1193 461 sententias,
1229 427 1325 453 cum
1349 411 1504 452 Patres

39 492 177 547 aliqui
200 505 316 547 aegre
348 505 392 531 se
427 490 521 545 pati
553 488 841 530 ostendissent
876 486 1156 527 difficultates
1188 500 1272 534 eaS‚
1307 485 1364 526 ob
1395 499 1503 540 quas

38 563 190 604 dilatio
209 562 302 603 haec
324 568 436 602 esset
455 559 788 616 interponenda,
812 574 898 600 non
922 565 1020 599 ante
1054 557 1188 598 fuisse
1220 557 1393 613 Synodo
1415 557 1501 612 sig-

39 635 248 681 nificatas,
279 633 527 674 dicerentur
563 632 757 688 posthac,
793 632 827 672 si
865 646 953 686 qua
989 628 1239 685 hujusmodi
1278 635 1504 684 emergent

38 714 167 748 antea
207 707 262 747 ad
297 721 368 748 eos
407 705 659 755 referenda;
704 703 984 759 Sel-ipandus,
1019 718 1149 758 quam
1184 703 1308 748 bene,
1345 702 1501 757 inquit,

39 780 171 822 rebus
194 779 394 835 gerendis
417 784 696 834 prospectum
721 783 834 817 esset
867 777 902 816 si
935 775 987 816 de
1021 774 1086 815 his
1120 780 1293 816 tantum
1318 775 1502 829 quisque

35 853 250 909 judicium
266 851 412 900 ferret,
428 866 536 907 quas
555 850 790 906 aliquando
808 850 1110 906 experimento
1124 847 1345 888 didicisset
1360 848 1367 887 !
1401 848 1502 888 Non

36 927 340 968 dubitaremus
363 932 492 974 certe,
517 940 590 965 eos
612 924 766 966 Patres
789 923 964 979 quibus.
993 922 1184 977 [parum]
1207 922 1504 977 cogitantibus

40 1001 229 1041 actiones
263 1005 420 1040 nostrae
454 998 589 1053 paulo
620 997 879 1037 infirmiores
912 994 1130 1043 videntur,
1168 994 1354 1035 eosdem.
1390 994 1425 1034 si
1459 994 1503 1034 in

38 1072 149 1112 hanc
173 1085 347 1112 arenam
370 1070 502 1111 semel
529 1069 862 1116 descendissent,
898 1068 1036 1109 multo
1060 1067 1275 1123 aequiores
1299 1082 1407 1123 erga
1428 1081 1504 1107 nos

40 1144 228 1185 futuros.
274 1143 453 1191 Verum,
474 1141 581 1198 quid
602 1157 679 1182 nos
701 1141 793 1182 dies
815 1148 1053 1195 noctesque
1076 1155 1155 1195 pro
1178 1140 1395 1181 communi
1416 1154 1504 1180 om—

39 1216 162 1256 nium
188 1215 380 1255 utilitate
402 1214 662 1261 laboremus,
688 1214 792 1255 satis
813 1214 896 1254 sibi
919 1214 1088 1253 conscia
1109 1227 1229 1253 mens
1252 1218 1399 1252 nostra
1422 1219 1502 1257 est,

40 1303 173 1345 quam
196 1289 306 1330 faxit
326 1288 461 1336 Deus,
483 1294 533 1328 ut
555 1303 680 1343 aeque
704 1288 810 1328 felix
844 1287 913 1335 sit,
940 1302 987 1327 ac
1019 1287 1105 1341 pia.
1169 1285 1385 1326 Dolernus
1409 1285 1504 1339 qui-

41 1362 138 1404 dem
161 1361 438 1418 quorundam
463 1368 658 1402 vestrum
684 1361 906 1407 facilitate,
943 1375 989 1400 ac
1018 1359 1211 1415 profusa,
1235 1366 1285 1399 ut
1308 1359 1369 1399 ita
1390 1358 1504 1399 dica-

41 1451 149 1482 mus,
174 1435 379 1491 loquendi
402 1437 573 1482 natur-21,
598 1433 642 1474 id
664 1434 790 1474 nobis
813 1434 998 1474 officium
1032 1432 1195 1488 saepius
1228 1432 1362 1473 fuisse
1395 1447 1505 1487 prae-

43 1513 233 1562 reptum,
276 1505 393 1562 quod
435 1513 478 1547 et
520 1521 635 1546 nunc
678 1506 842 1561 requiri
880 1504 1095 1547 videmus.
1142 1512 1186 1545 et
1222 1519 1297 1545 nos
1337 1504 1505 1545 dudum

42 1580 304 1636 optavimus.
370 1579 484 1620 Cum
507 1580 619 1620 enim
643 1594 744 1634 quae
776 1580 819 1619 in
851 1578 930 1619 hoc
963 1578 1279 1634 augustissimo
1307 1592 1505 1618 consessu

45 1660 259 1710 geruntur
293 1667 345 1693 ca
380 1651 508 1692 rudia
545 1651 685 1692 adhuc
722 1653 764 1691 in
802 1652 944 1692 triviis
981 1658 1023 1691 et
1059 1651 1257 1705 compitis
1289 1650 1505 1706 dissipari,

44 1727 277 1781 omniaque
294 1725 441 1781 palam
461 1739 485 1764 a
501 1725 651 1764 multis
669 1731 861 1765 vestrum
876 1724 996 1764 nullo
1010 1723 1179 1764 delectu
1195 1723 1395 1778 evulgari
1414 1737 1506 1778 pcr-

46 1801 283 1856 speximus.
308 1799 391 1839 fuit
407 1798 562 1838 idcirco
584 1798 707 1837 nobis
729 1797 903 1852 parcius
926 1797 1151 1837 vobiscum
1176 1811 1352 1851 quoque
1375 1810 1506 1851 agen-
1536 1830 1539 1833 .

47 1873 182 1922 dum;
227 1871 346 1928 quod
387 1871 449 1912 ita
491 1878 535 1912 et
576 1871 655 1911 loci
696 1870 832 1926 hujus
877 1870 1122 1925 amplitudo
1164 1870 1420 1926 postularet,
1464 1876 1508 1910 ct

48 1946 255 1987 Oratores
289 1945 374 2000 ipsi
397 1944 574 2000 Regum
599 1950 642 1984 et
666 1943 932 1999 Principum,
957 1943 1218 1998 quibuscum
1253 1944 1509 2000 gravissima

45 2017 137 2059 haec
159 2018 334 2074 negotia
356 2016 584 2058 tractanda
606 2023 720 2063 sunt,
739 2023 828 2057 tam
849 2018 1085 2072 projectam
1103 2015 1273 2056 dicendi
1292 2017 1505 2057 licentiam

44 2106 129 2133 non
150 2098 325 2147 possent
348 2091 577 2132 sustinere.
642 2091 776 2131 Porro
800 2091 920 2131 vobis
949 2089 1054 2145 ipsis
1085 2089 1264 2145 posthac
1286 2090 1505 2131 silentium

45 2163 271 2212 indictum,
290 2170 341 2204 ut
362 2170 510 2204 nostra
532 2163 805 2218 frequentius
824 2162 1045 2202 vobiscum
1065 2160 1281 2215 colloquia
1302 2161 1506 2202 invitetis.

48 2237 281 2278 Celebrata
303 2236 460 2277 deinde
494 2236 578 2277 fuit
611 2237 753 2277 Sessio
786 2235 855 2276 die
883 2236 928 2275 4ίι
948 2235 977 2275 J
983 2234 1088 2281 unii,
1122 2234 1165 2273 in
1199 2249 1288 2289 qua
1320 2235 1509 2290 peractis

49 2310 104 2351 ab
126 2311 348 2366 Episcopo
381 2309 715 2351 Salmanticensi
751 2309 894 2355 sacris,
928 2307 1079 2348 habita
1101 2307 1185 2347 fuit
1209 2308 1264 2347 ab
1286 2308 1508 2364 Episcopo

48 2381 409 2440 Famaugustano
431 2383 504 2438 pia
527 2382 795 2439 elegansque
820 2380 998 2429 Oratio;
1032 2380 1291 2435 reliquaque
1314 2381 1509 2421 solennia

50 2463 254 2497 consueto
276 2457 361 2497 ritu
385 2455 592 2497 confecta.

134 2573 390 2620 Decretum
422 2574 780 2635 Prorogationis
808 2572 1041 2619 sessionis
1067 2570 1430 2634 promulgatum

509 2656 555 2699 in
585 2654 770 2708 Quarta
797 2653 1028 2699 Sessione.

111 2750 391 2792 Sacrosancta
409 2751 694 2792 OEcumenica
711 2758 755 2792 et
774 2750 1006 2792 Generalis
1029 2748 1288 2791 Tridentina
1312 2749 1511 2805 Synodus

52 2822 96 2862 in
118 2822 286 2878 Spiritu
312 2824 467 2865 Sancto
490 2824 688 2879 legitime
718 2830 997 2879 congregata,
1027 2822 1366 2878 pra-sidentibus
1394 2823 1437 2863 in
1461 2838 1511 2864 ca
