1905 3254
334 278 417 318 224
968 291 1075 321 snsS.
1099 291 1157 321 Π.

339 396 475 451 paulo
511 402 609 451 post
642 394 897 444 recensebo;
937 401 1065 436 antea
1099 401 1245 436 tamen
1276 395 1533 451 insigniores
1565 396 1794 436 nonnullas

340 467 613 523 quorundam
647 467 884 508 sententias
915 467 1145 523 sigillatim
1179 468 1575 508 commemorandas
1598 467 1718 515 (luxi,
1743 476 1791 509 ut

340 557 437 582 cum
471 556 539 582 res
571 540 663 582 haec
695 541 942 598 posteritati
976 540 1085 581 forte
1122 541 1325 596 exemplo
1355 541 1409 582 sit
1442 542 1605 589 futura,
1636 542 1792 582 clarius

340 614 528 670 quisque
552 622 594 655 ct
616 614 929 655 sententiarum
955 614 1211 654 varietatem
1235 620 1278 654 et
1299 629 1443 654 rerum
1466 613 1636 669 pondus
1658 613 1794 669 possit

340 686 557 742 colligere.

399 759 547 801 Pridie
579 759 716 817 igitur
749 774 878 814 quam
907 759 1136 799 sententiae
1164 760 1207 799 in
1231 758 1447 799 Consessu
1470 759 1615 815 rogari
1636 766 1793 813 coeptae

339 839 493 879 essent,
518 833 593 887 qui
615 832 705 873 dies
727 832 812 872 fuit
835 832 888 872 28
917 833 1116 887 Augusti
1151 832 1273 880 1562,
1313 831 1793 886 Quinqueecclesiensis

342 904 571 945 Caesareus
606 905 766 945 Orator
801 911 927 945 extra
958 904 1151 945 ordinem
1187 904 1371 951 dicendi,
1406 904 1531 944 venia
1558 904 1792 958 postulata.

340 978 397 1018 sic
421 978 476 1018 ad
497 978 602 1018 Pres
622 978 796 1018 locutus
818 984 880 1018 est
901 993 909 1016 ε

399 1050 678 1091 Commodius
712 1050 896 1097 omnino,
931 1050 980 1091 P.
1007 1051 1061 1090 A.
1094 1056 1227 1105 atque
1250 1050 1420 1090 facilius
1442 1049 1495 1091 de
1518 1057 1613 1091 tota
1632 1049 1711 1090 hac
1733 1065 1792 1098 re,

339 1124 394 1166 de
417 1140 504 1180 qua
524 1139 637 1165 nunc
661 1124 785 1164 vobis
807 1124 1027 1164 sententia
1047 1123 1228 1163 dicenda
1251 1130 1327 1172 est,
1351 1123 1614 1172 deliberetis,
1637 1124 1673 1164 si
1694 1139 1793 1179 quae

341 1198 397 1239 ad
419 1213 513 1239 eam
536 1198 699 1238 faciunt
723 1212 850 1253 aeque
873 1197 998 1237 vobis
1022 1212 1067 1237 ac
1091 1196 1198 1236 mihi
1219 1203 1321 1237 nota
1338 1204 1492 1237 essent⁴
1556 1196 1792 1237 Prudentia

341 1270 517 1326 quidem
542 1276 686 1310 vestra
708 1270 936 1325 singulari,
960 1284 1009 1309 ac
1031 1285 1175 1309 rerum
1209 1270 1403 1310 omnium
1435 1285 1518 1310 usu
1549 1269 1794 1326 prospicere

343 1343 583 1399 plurimum
607 1344 788 1399 potestis
808 1359 817 1391 3
855 1343 930 1383 sed
950 1343 1138 1388 mallem,
1162 1349 1212 1382 ut
1244 1357 1343 1397 quae
1367 1343 1549 1383 auribus
1573 1342 1796 1397 accepistis

342 1423 385 1457 et
406 1423 549 1458 mente
570 1417 781 1472 cogitatis,
815 1431 864 1456 ca
887 1416 1022 1456 oculis
1045 1415 1390 1470 conspexissetis.
1455 1416 1653 1456 Profecto
1682 1416 1795 1456 illud

343 1490 531 1545 primum
576 1490 690 1529 inter
738 1504 813 1529 vos
854 1504 1002 1529 omnes
1054 1495 1281 1535 constaret,
1337 1488 1600 1543 Imperatori
1653 1495 1796 1529 vestro

342 1562 450 1602 nihil
491 1562 693 1609 sanctius,
739 1561 847 1602 nihil
894 1561 1155 1616 religiosiUS,
1202 1560 1258 1600 ab
1300 1575 1452 1615 eoque,
1506 1569 1595 1602 tam
1636 1562 1796 1617 insigni

346 1636 508 1691 pietate
537 1633 738 1690 praedito,
771 1633 877 1673 nihil
908 1633 1124 1688 postulari
1156 1632 1273 1687 quod
1303 1632 1386 1672 sibi
1419 1633 1544 1688 prius
1578 1634 1670 1690 ipse
1710 1649 1795 1674 non

343 1707 621 1762 persuaserit,
650 1705 750 1746 fidei
788 1706 1026 1747 Catholicae
1056 1706 1302 1746 rationibus
1335 1706 1566 1761 expedire3
1601 1721 1648 1747 ac
1682 1707 1796 1748 nolle

344 1794 460 1826 eum,
494 1793 590 1818 cum
630 1779 672 1818 in
705 1785 904 1819 anteacta
934 1793 1015 1819 sua
1045 1779 1136 1819 rita
1168 1778 1211 1818 id
1247 1793 1419 1834 semper
1456 1778 1608 1834 egerit,
1642 1786 1691 1819 ut
1726 1780 1797 1819 vel

345 1853 521 1908 proprio
543 1853 759 1908 exemplo,
784 1852 854 1892 vel
872 1851 1064 1907 publicis
1087 1852 1346 1899 actionibus,
1370 1851 1423 1892 de
1445 1851 1660 1892 communi
1681 1851 1796 1892 Reli-

345 1927 474 1982 gione
507 1926 670 1981 optime
702 1932 908 1973 meretur,
942 1925 985 1965 in
1018 1931 1242 1966 senectute
1278 1940 1389 1965 nunc
1424 1926 1633 1981 positum,
1668 1932 1712 1966 et
1745 1925 1798 1966 ad

344 1998 509 2039 Christi
529 1998 724 2039 tribunal
746 1998 1083 2054 apparitu1·um,¹
1106 1997 1159 2038 de
1178 1997 1329 2038 eadem
1347 2013 1461 2039 nunc
1488 1999 1601 2039 male
1624 2000 1794 2040 mereri.

343 2071 504 2126 Neque
528 2086 629 2111 vero
651 2070 792 2126 decipi
817 2086 916 2111 eum
941 2077 1018 2111 aut
1041 2085 1182 2110 errare
1206 2073 1323 2110 tanta
1345 2070 1387 2110 in
1410 2085 1456 2110 re
1479 2085 1603 2126 posse
1625 2070 1798 2112 dubita-

345 2145 461 2192 retis,
486 2144 534 2193 si,
559 2147 725 2200 quanta
755 2150 798 2184 et
825 2143 1057 2199 prudentia
1080 2150 1122 2183 et
1145 2142 1402 2183 assiduitate
1428 2143 1612 2198 Imperii
1634 2159 1702 2184 res
1725 2144 1796 2184 ad-

346 2218 576 2265 ministrat,
599 2217 776 2273 penitus
805 2218 1130 2272 cognosceretis.
1193 2216 1429 2272 Equidem,
1455 2217 1627 2258 tametsi
1649 2232 1799 2258 sensus

344 2291 569 2331 hominum
593 2299 636 2332 et
660 2291 910 2331 voluntates
933 2291 1158 2345 percipere
1180 2305 1264 2330 non
1283 2290 1408 2330 facile
1431 2291 1528 2345 quis
1550 2291 1796 2331 mortalium

344 2370 501 2420 potest,
543 2363 691 2404 videor
730 2362 834 2403 mihi
869 2369 1014 2403 tamen
1066 2362 1111 2402 id
1150 2378 1275 2418 posse
1309 2363 1531 2404 verissime
1569 2364 1796 2411 affirmare,

345 2436 532 2477 effecisse
557 2435 790 2482 Caesarem,
814 2450 981 2474 summo
1007 2449 1092 2489 quo
1117 2435 1296 2476 excellet
1316 2435 1508 2491 ingenio,
1527 2442 1570 2476 et
1591 2435 1799 2476 diuturna

344 2524 489 2550 rerum
541 2509 828 2549 maximarum
871 2508 1156 2563 experientia,
1205 2515 1252 2548 ut
1304 2524 1480 2549 suorum
1535 2509 1798 2564 populorum

344 2586 533 2620 mentem
556 2586 690 2635 atque
713 2579 906 2619 animum
938 2580 1101 2634 optime
1133 2580 1367 2636 intelligat.
1433 2581 1477 2621 Is
1506 2581 1644 2636 igitur
1681 2580 1800 2621 videt

345 2669 471 2703 nunc,
506 2669 551 2694 ac
583 2660 782 2699 testatur,
817 2652 978 2694 Calicis
1001 2653 1136 2694 divini
1158 2655 1413 2701 communio,
1438 2655 1473 2694 si
1496 2670 1521 2695 a
1543 2655 1706 2710 quibus
1728 2669 1799 2710 pe-

348 2728 469 2775 titur,
491 2742 573 2768 non
596 2727 858 2773 conceditur,
882 2726 989 2766 nihil
1022 2742 1113 2768 esse
1143 2727 1345 2783 proprius
1378 2742 1522 2782 quam,
1557 2734 1605 2767 ut
1638 2742 1800 2783 magna

392 2814 399 2831 ¹
426 2815 491 2844 The
510 2816 580 2846 MS.
597 2816 650 2845 has
667 2820 815 2855 potatem,
832 2815 933 2845 which
951 2816 963 2844 1
981 2814 1092 2845 should
1110 2815 1180 2845 take
1196 2816 1242 2845 for
1257 2826 1275 2845 a
1292 2816 1482 2845 contractiori
1500 2816 1534 2845 of
1547 2821 1736 2856 potestatem.
