1905 3254
684 275 792 306 SESS.
815 274 874 304 vi.
1427 260 1511 300 249

45 379 289 423 devotionis
322 381 414 422 zelo
443 382 510 422 Stae
529 380 825 423 Eucharistiae
847 383 1191 423 communionem
1214 382 1297 423 sub
1318 387 1509 437 utraque

50 455 191 510 speeie
219 454 303 495 sibi
334 454 509 495 concedi
532 454 706 510 jamdiu
740 455 802 496 ita
833 456 1029 511 cupiunt,
1062 463 1113 497 ut
1147 456 1222 497 vix
1256 455 1383 497 aliter
1415 470 1510 497 con-

50 528 249 568 scientias
280 542 382 568 suas
414 526 556 568 sedari
589 541 714 582 posse
735 528 1028 569 arbitrentur:
1061 528 1213 570 eadem
1246 530 1403 570 Sancta
1435 528 1511 584 Sy-

50 598 188 640 nodus
222 600 265 639 in
297 614 348 640 ea
380 599 696 640 consultatione
728 599 804 639 diu
836 600 1119 656 multumque
1152 609 1327 642 versata
1357 608 1436 649 est,
1462 606 1512 641 ut

49 671 129 712 hoc
160 671 388 727 negotium
422 686 475 712 ex
507 672 724 712 communi
756 671 961 720 utilitate,
997 673 1031 713 si
1061 680 1219 728 posset,
1249 673 1509 714 absolveret.

51 744 215 786 Verum
250 759 345 785 cum
381 744 492 786 hanc
526 759 616 786 rem
654 745 867 801 ejusmodi
907 761 1000 787 esse
1041 755 1312 803 compertum
1354 747 1423 795 sit,
1461 753 1512 788 ut

50 815 280 872 diligenter
301 817 573 873 investigari,
597 823 830 873 antequam
847 817 900 858 de
917 832 969 859 ea
985 818 1220 874 quicquam
1238 817 1510 865 decernatur,

50 905 97 930 ac
128 891 304 946 penitus
337 890 533 946 cognosci
557 889 729 938 debeat,
765 897 810 931 et
841 891 870 931 S
959 891 1016 933 D.
1041 892 1101 933 Nr
1134 892 1178 933 id
1204 892 1342 948 possit
1362 892 1513 932 multis

48 964 290 1004 rationibus
322 963 587 1004 commodius
628 970 672 1004 et
706 964 880 1019 plenius
920 964 1091 1019 exequi,
1128 965 1171 1005 in
1207 980 1302 1006 eam
1336 965 1511 1005 tandem

53 1036 313 1077 sententiam
347 1037 407 1077 Sta
439 1036 640 1092 Synodus
670 1036 802 1084 venit,
836 1043 886 1077 ut
918 1035 1172 1077 decerneret
1205 1035 1250 1076 id
1271 1036 1389 1091 quod
1415 1050 1512 1091 pre·

51 1110 162 1150 senti
177 1110 366 1151 Decreto
390 1110 505 1158 facit,
524 1118 575 1152 ut
597 1109 712 1151 idem
745 1111 841 1150 S¹¹s¹¹¹⁵¹
861 1109 919 1150 D.
942 1111 1000 1151 N.
1023 1110 1227 1156 locorum,
1251 1116 1512 1164 temporum,

51 1198 98 1224 ac
119 1199 402 1239 personarum
421 1183 664 1225 conditione
683 1190 926 1238 perspecta,
944 1198 1162 1238 causaque
1179 1182 1307 1238 plane
1325 1183 1513 1239 cognita,

52 1256 87 1296 si
108 1255 224 1297 hunc
249 1255 410 1297 Calicis
441 1271 570 1297 usum
599 1255 868 1310 judicaverit
894 1255 935 1294 in
967 1254 1295 1295 aedificationem
1318 1253 1513 1294 fidelium

53 1341 96 1371 et
127 1330 193 1370 Stae
216 1330 372 1371 Matris
405 1329 615 1370 Ecclesiae
649 1335 952 1369 ornamentum
990 1342 1116 1383 posse
1153 1328 1374 1383 proficere,
1410 1334 1515 1368 tunc

52 1410 217 1444 certum
249 1404 304 1444 sit
338 1404 381 1444 in
417 1418 467 1443 eo
502 1402 793 1443 universalem
832 1401 1057 1457 Synodum
1099 1401 1184 1442 sub
1226 1402 1515 1457 infrascriptis

52 1476 365 1517 conditionibus
397 1483 532 1531 atque
556 1476 664 1522 aliis,
696 1482 828 1531 prout
861 1490 952 1516 suae
976 1475 1251 1517 Beatitudini
1275 1475 1512 1523 videbitur,

51 1565 136 1590 non
158 1549 399 1590 dissentire.

114 1623 399 1663 Conditiones
420 1629 582 1669 autem,
606 1629 656 1663 ut
676 1623 758 1662 sub
782 1629 985 1677 utraque,
1009 1629 1057 1663 ut
1078 1637 1226 1677 supra.

114 1697 227 1738 Haec
253 1697 413 1738 decreti
445 1697 635 1737 formula
665 1713 690 1738 a
718 1697 1171 1752 Quinqueecclesiensi
1193 1712 1277 1737 non
1299 1697 1383 1739 fuit
1416 1713 1513 1753 pro-

55 1772 183 1821 bata3
226 1771 472 1826 expressius
507 1772 621 1811 enim
656 1778 788 1826 atque
824 1770 1039 1810 efficacius
1070 1770 1278 1825 cupiebat
1312 1771 1514 1812 Sanctam

58 1843 279 1899 Synodum
301 1843 381 1884 hac
409 1844 452 1884 in
474 1858 520 1885 re
543 1851 710 1889 votum,
747 1842 986 1888 consilium,
1019 1841 1421 1898 authoritatemque
1453 1843 1515 1883 in-

55 1922 296 1972 terponere.
360 1918 463 1972 Ipse
497 1917 626 1957 aliam
662 1915 893 1957 formulam
926 1915 1126 1970 componi
1162 1922 1299 1962 curat,
1333 1930 1465 1971 quam
1492 1930 1518 1957 a

55 1990 214 2047 legatis
235 1991 404 2032 obtinet
424 1991 467 2031 in
491 1990 666 2046 Synodo
688 1989 898 2045 proponi3
933 1989 1058 2044 cujus
1080 1995 1202 2030 erant
1222 1987 1315 2030 haec
1336 1990 1484 2031 verba.

113 2064 303 2120 Insuper
335 2080 432 2106 cum
469 2065 618 2105 eadem
654 2064 813 2104 Sancta
844 2061 1042 2118 Synodus
1073 2062 1286 2117 superiori
1319 2063 1516 2105 Sessionc

56 2137 164 2179 duos
187 2130 392 2179 articulos
416 2137 522 2178 alias
543 2137 789 2194 propositos
807 2142 849 2177 et
867 2135 1057 2175 nondum
1081 2135 1305 2184 discussos,
1330 2136 1428 2185 viz„
1452 2137 1515 2177 in-

57 2214 279 2269 cipientes,
302 2215 375 2255 An
396 2214 584 2255 rationes
606 2214 698 2261 &c.,
722 2213 764 2254 in
787 2211 908 2253 aliud
930 2219 1116 2268 tempus,
1133 2210 1277 2251 oblata
1293 2210 1376 2251 sibi
1397 2226 1514 2252 occa-

58 2287 189 2335 sione,
215 2285 540 2335 examinandos,
564 2293 700 2342 atque
733 2284 1000 2326 definiendos
1031 2283 1336 2331 reservaverit,
1359 2289 1402 2324 et
1422 2299 1516 2325 suc-

58 2359 220 2400 cessive
241 2359 429 2400 maxima
444 2375 541 2400 cum
565 2359 782 2405 instantia,
813 2358 1000 2414 petitum
1027 2356 1175 2404 fuerit,
1213 2354 1383 2396 eosdem
1418 2356 1518 2397 arti-

58 2432 178 2473 culos
199 2447 278 2488 per
298 2432 494 2473 eamdem
517 2432 718 2473 Sanctam
744 2430 965 2486 Synodum
988 2428 1240 2475 examinari,
1270 2433 1316 2468 et
1336 2426 1519 2477 definiri,

60 2511 102 2546 et
143 2506 365 2561 aliquibus
394 2504 658 2553 nationibus,
691 2504 747 2545 ob
777 2518 946 2559 graves,
982 2508 1026 2543 et
1064 2500 1327 2555 multiplices
1367 2514 1520 2541 causas

62 2577 323 2619 Christianae
359 2578 562 2619 charitati
593 2583 901 2618 consentaneas
941 2575 984 2615 in
1021 2573 1218 2614 medium
1258 2572 1518 2628 propositas,

61 2666 185 2692 usum
221 2652 392 2699 Calicis,
415 2667 490 2692 seu
508 2651 760 2692 facultatem
795 2648 1022 2691 ordinariis
1043 2648 1234 2687 locorum
1266 2645 1390 2686 illum
1424 2660 1519 2686 con-

62 2724 238 2765 cedendi
273 2725 356 2765 sub
398 2724 683 2780 infrascriptis
720 2722 1039 2764 conditionibus
1072 2718 1257 2766 concedi,
1294 2725 1338 2759 et
1373 2733 1518 2760 secum

60 2797 236 2853 insuper
257 2804 502 2854 opportune
529 2797 781 2853 dispensare
806 2793 1189 2837 debere—Volens
1222 2793 1382 2833 Sancta
1413 2792 1518 2847 Syn-
