1905 3254
703 296 816 325 sess.
843 295 918 324 vn.
1457 281 1543 321 453

85 397 285 451 suscepit,
323 411 495 452 semper
526 397 750 453 Episcopi,
788 413 885 439 cum
922 399 1019 439 aliis
1054 399 1325 454 proceribus,
1363 399 1407 438 in
1441 413 1539 438 con-

85 469 273 511 sulendis
312 471 443 511 rebus
476 471 664 526 publicis
694 473 1013 522 interfuerunt3
1047 480 1090 514 et
1122 473 1168 513 id
1198 474 1282 514 nisi
1317 480 1539 514 servatum

85 550 206 591 esset,
224 547 315 598 jam
339 550 483 584 actum
507 552 618 585 esset
639 544 692 585 de
714 560 759 586 re
781 547 896 586 omni
916 546 1152 601 spirituali,
1175 553 1218 587 et
1232 547 1318 587 Jus
1337 547 1537 587 divinum

86 616 280 657 cessisset
321 615 423 657 Juri
465 616 680 657 Satanico.
745 617 903 672 Itaque
940 617 1018 658 hoc
1060 626 1185 658 tanto
1223 619 1430 674 praesidio
1471 634 1540 659 res

85 687 387 729 Ecclesiastica
417 703 589 744 semper
621 697 875 730 conservata
907 697 987 731 est.
1051 690 1166 730 Cum
1192 705 1294 731 vero
1320 690 1398 731 hoc
1423 690 1539 731 Con-

86 760 245 807 cilium,
268 768 318 802 ut
351 761 554 817 generale
577 769 655 809 est,
690 762 750 802 ita
781 763 911 803 etiam
944 763 1076 803 rebus
1109 763 1414 804 communibus
1445 779 1539 804 con-

86 833 225 874 sulere
258 833 430 882 debeat,
462 833 559 874 ideo
600 833 842 875 cavendum
884 843 962 881 est,
993 851 1046 877 ne
1088 837 1130 876 in
1174 836 1400 892 aliquibus
1440 836 1543 877 locis

89 905 179 947 haec
202 906 440 948 declaratio
472 914 638 957 noceat,
667 908 746 948 Sec.
806 908 922 948 Nam
957 907 1169 950 Haeretici
1200 908 1320 964 apud
1352 924 1440 957 nos,
1464 910 1542 965 qui

87 987 289 1035 quaerunt
315 980 559 1036 Episcopos
588 995 612 1020 a
643 979 869 1020 Consiliis¹
906 981 1098 1036 publicis
1119 982 1286 1037 eJicere,
1310 983 1457 1023 statim
1480 982 1541 1022 in·

87 1059 281 1108 surgent,
303 1059 346 1093 et
374 1068 450 1093 nos
466 1054 578 1093 lure
610 1052 769 1101 divino,
793 1053 1005 1108 inquient,
1035 1054 1185 1101 teneri,
1207 1068 1291 1093 non
1322 1052 1542 1094 discedere

88 1125 142 1166 ab
177 1124 386 1166 Ecclesiis
420 1125 591 1166 nostris.
669 1124 798 1174 Quod
831 1125 865 1165 si
907 1125 1091 1175 dicetur,
1132 1140 1224 1166 csse
1265 1132 1541 1179 praeceptum

88 1197 411 1246 affirmativum,
448 1197 566 1253 quod
599 1198 768 1253 obliget
801 1213 881 1253 pro
915 1205 1124 1253 tempore,
1148 1206 1192 1239 et
1213 1198 1465 1239 remittatur
1489 1214 1543 1239 ex

87 1285 243 1322 causa,
275 1278 379 1312 tunc
400 1271 467 1311 illi
489 1271 646 1317 dicent,
670 1286 746 1312 nos
776 1286 926 1311 causas
958 1272 1064 1311 istas
1087 1286 1164 1326 pro
1191 1271 1374 1312 libidine
1397 1278 1546 1312 nostra

86 1343 209 1384 nobis
229 1344 473 1399 confingere
491 1360 501 1392 3
526 1351 568 1384 et
590 1345 625 1384 si
644 1343 930 1399 exprimimus
954 1343 997 1382 in
1014 1342 1203 1383 Decreto
1220 1350 1358 1383 certas
1381 1359 1544 1391 causaS,

89 1422 187 1457 tunc
209 1430 359 1456 rursus
380 1416 537 1464 dicent,
556 1415 803 1457 Concilium
830 1415 1141 1456 Tridentinum
1164 1431 1247 1456 non
1271 1417 1417 1471 potuit
1437 1417 1544 1458 effu-

89 1502 204 1544 gere,
234 1489 466 1543 quominus
499 1488 739 1529 declararet
771 1488 855 1529 Jus
882 1488 1095 1535 divinum,
1119 1496 1263 1530 tamen
1291 1489 1333 1529 in
1357 1490 1544 1545 gratiam

87 1556 429 1616 Episcoporum²
450 1561 648 1617 confugit
681 1561 736 1601 ad
769 1561 979 1616 quosdam
1016 1568 1272 1617 praetextus.
1344 1562 1408 1602 Et
1431 1569 1545 1602 certe

89 1649 172 1676 non
195 1635 367 1676 videtur
403 1634 568 1682 decere,
599 1643 647 1676 ut
683 1635 929 1676 declaretur
963 1634 1132 1690 aliquid
1161 1636 1285 1676 Juris
1317 1634 1467 1683 dix-ini,
1502 1643 1547 1676 et

89 1708 245 1750 deinde
281 1709 557 1764 excipiantur
592 1724 717 1749 casus
752 1708 829 1748 ubi
862 1723 945 1748 non
981 1715 1181 1749 servetur
1212 1709 1298 1750 Jus
1335 1709 1544 1751 divinum.

91 1781 220 1832 Quod
259 1782 294 1822 si
335 1781 508 1822 tandem
555 1781 632 1822 hoc
673 1780 916 1822 faciendum
963 1788 1088 1831 esset,
1130 1789 1350 1836 oporteret
1401 1784 1547 1838 praeci-

89 1854 190 1896 dere
236 1855 558 1911 disputationes
599 1855 925 1911 Theologorum
969 1854 1203 1895 Minorum.
1288 1856 1340 1896 Id
1383 1864 1545 1906 autem,

91 1942 221 1983 quam
254 1927 553 1968 scandalosum
577 1928 645 1975 sit,
669 1935 712 1968 et
734 1927 934 1968 dubitare
968 1926 1021 1968 de
1055 1942 1099 1967 re
1136 1934 1224 1967 tam
1246 1934 1376 1975 certa,
1400 1943 1547 1969 omnes

92 2000 254 2042 vident.

147 2074 600 2131 Neoquensis—quod
622 2089 706 2115 non
728 2081 793 2114 est
814 2073 1133 2120 declarandum,
1158 2080 1201 2113 et
1223 2072 1340 2129 quod
1362 2074 1444 2115 sub
1466 2073 1546 2116 hoc

93 2145 231 2188 colore
260 2147 412 2188 volunt
447 2147 623 2203 quidem
661 2147 820 2188 inferre
853 2146 1182 2194 rosei-vationes,
1221 2153 1265 2187 et
1296 2146 1548 2188 collationes

94 2218 423 2268 Beneficiorum,
445 2227 488 2260 et
521 2219 877 2275 dispensationes,
912 2226 956 2260 et
991 2219 1079 2259 fere
1112 2219 1268 2266 omnia,
1303 2233 1393 2259 esse
1423 2219 1550 2259 Juris

94 2290 243 2340 divini,
258 2299 300 2346 et
323 2293 406 2332 sibi
423 2307 474 2333 ea
490 2292 677 2333 retinere
697 2309 704 2331 :
729 2292 859 2332 miror
882 2290 994 2347 ego,3
1011 2306 1107 2332 cum
1132 2298 1219 2331 tam
1243 2291 1369 2330 multi
1393 2298 1549 2346 petant

94 2364 316 2406 reformari
338 2365 512 2421 Capita,
538 2365 734 2413 Curiam,
769 2365 994 2413 Praelatos‚
1028 2379 1102 2405 cur
1123 2379 1206 2405 non
1228 2365 1358 2405 etiam
1390 2372 1550 2420 petunt

94 2438 318 2480 reformari
340 2440 500 2496 Reges,
525 2447 567 2480 et
589 2454 739 2480 eorum
764 2438 987 2479 Dominia.

153 2511 533 2569 TroJanus-Non
575 2513 749 2568 placent
781 2511 975 2567 praemia,
1013 2517 1091 2551 aut
1132 2525 1292 2566 poenae,
1324 2526 1377 2551 ne
1420 2511 1550 2553 detur

96 2586 257 2627 occasio
289 2585 467 2641 populis
502 2585 783 2641 obloquendi.
849 2584 901 2625 In
931 2583 1038 2631 aliis,
1073 2598 1171 2623 cum
1206 2583 1387 2623 Patrum
1422 2598 1551 2626 anno-

97 2657 346 2699 tationibus.

157 2729 733 2772 Gadicensis—Declaretur
758 2728 811 2770 de
845 2729 956 2770 Jure
990 2727 1162 2776 divin03
1196 2727 1239 2767 in
1261 2727 1435 2769 decreto
1467 2729 1553 2770 dis-

203 2818 209 2836 ¹
241 2818 406 2857 conciliis,
424 2819 493 2850 MS.
636 2818 649 2836 ²
673 2819 739 2849 The
758 2819 828 2849 MS.
846 2818 913 2849 here
932 2818 1039 2848 inserts
1053 2817 1176 2847 deinde.
1307 2817 1319 2834 ³
1344 2817 1452 2857 Ergo?
