1905 3254
674 258 788 288 snss.
815 258 874 287 vl.
1422 243 1505 283 219

52 365 164 407 datis
183 365 274 406 suis
295 379 346 406 ea
365 364 419 406 de
436 379 481 405 re
502 364 768 420 singularem
791 364 1051 405 mentionem
1075 365 1283 405 contineri
1301 381 1310 413 3
1336 378 1502 412 verum,

52 454 149 480 cum
171 439 253 480 sibi
275 454 326 480 ea
347 438 488 480 omnia
508 437 757 478 incumbere
779 437 1100 493 intelligantur,
1135 453 1234 493 quae
1269 437 1323 478 ad
1356 437 1502 478 Chris-

52 511 182 551 tianae
206 511 345 566 Reipae
375 509 644 552 commodum
669 511 903 565 pertinent,
927 510 1131 550 arbitrari
1153 525 1211 558 se,
1245 510 1505 551 calamitosis

54 583 168 623 hisce
216 583 488 639 temporibus
539 581 594 622 ad
632 582 918 622 conciliandas
963 581 1311 623 Christianorum
1357 583 1504 624 volun-

52 661 164 695 tates
198 654 244 695 id
271 654 396 695 valde
429 654 722 710 profuturum,
747 660 881 709 atque
914 653 994 694 hoc
1030 654 1161 694 animi
1192 655 1259 694 sui
1291 654 1504 709 judicium

51 727 183 768 etiam
205 727 363 782 scripto
380 726 539 783 legatis
560 732 770 767 testatum
793 725 1057 781 relinquunt.

174 849 421 913 Scriptum
447 849 714 897 exhibitum
736 850 795 895 ab
820 848 999 895 Oribus
1026 847 1240 895 Gallicis.
1309 848 1388 896 fol.

109 956 284 1012 Legati¹
325 955 380 996 ad
411 955 634 1012 Synodum
669 956 814 996 omnia
847 955 994 996 statim
1031 954 1236 1003 referunt,
1271 962 1322 995 ut
1354 955 1407 997 de
1441 955 1507 997 his

52 1037 221 1071 mature
255 1045 446 1071 seorsum
476 1045 500 1070 a
532 1030 718 1086 singulis
747 1028 1030 1077 deliberetur,
1065 1035 1301 1083 antequam
1330 1029 1375 1069 in
1409 1044 1505 1070 con-

52 1104 170 1144 cione
193 1104 420 1145 sententiae
440 1104 586 1159 palam
607 1104 908 1159 proferantur:
934 1117 1000 1144 res
1023 1102 1135 1142 enim
1160 1108 1250 1142 tota
1271 1116 1321 1142 eo
1342 1105 1507 1159 majore

53 1176 228 1217 consilio
259 1176 456 1233 indigere
485 1177 650 1217 cunctis
678 1176 772 1215 visa
799 1175 897 1222 fuit,
933 1189 1022 1229 quo
1047 1189 1091 1215 se
1125 1188 1241 1214 nunc
1274 1175 1505 1217 Gallorum

52 1248 197 1290 studia
218 1249 273 1289 ad
297 1248 521 1289 Caesareos
543 1249 766 1289 accessisse
789 1246 1109 1287 ostendebatur.
1158 1247 1371 1296 Quamvis
1392 1250 1507 1290 enim

53 1336 130 1378 pro
154 1321 326 1362 Gallica
347 1321 525 1362 natione
548 1336 653 1361 usus
674 1327 777 1360 tunc
809 1320 899 1375 peti
937 1319 1191 1360 nominatim
1224 1335 1309 1361 non
1342 1321 1507 1364 videre-

53 1399 136 1441 tur,
170 1393 357 1433 rationes
389 1399 536 1433 tamen
572 1392 627 1433 ab
660 1392 909 1432 oratoribus
942 1390 1157 1439 adductae,
1190 1398 1234 1432 et
1261 1395 1505 1447 p1·aeserti1n

52 1465 170 1521 quod
201 1464 309 1506 nihil
344 1466 484 1521 magis
515 1465 593 1507 hoc
629 1474 824 1521 tempore
858 1465 1102 1521 pertineret
1128 1465 1184 1505 ad
1215 1468 1431 1521 pacandos
1452 1469 1506 1510 de

51 1539 280 1595 Religione
301 1539 532 1585 tumultus,
564 1555 696 1595 quam
719 1540 752 1579 si
775 1554 922 1579 eorum
946 1538 1236 1594 postulationi
1263 1541 1508 1589 satisfieret,

53 1612 179 1653 facile
221 1612 374 1652 horum
418 1613 647 1653 consilium
688 1612 950 1658 indicabant,
990 1612 1066 1666 qui
1105 1611 1293 1653 Caesaris
1333 1629 1506 1656 causam

53 1700 167 1726 nunc
202 1692 421 1741 urgerent,
452 1700 539 1740 quo
568 1685 664 1731 sibi,
688 1692 732 1726 et
756 1685 850 1725 aliis
873 1684 1058 1725 subinde
1080 1685 1331 1735 Provinciis,
1353 1689 1509 1729 certior

55 1758 111 1799 ad
131 1758 245 1799 idem
269 1758 556 1799 obtinendum
580 1765 731 1813 postea
753 1757 896 1798 aditus
918 1758 1158 1812 patefieret.

114 1833 396 1887 Quapropter
409 1832 586 1887 Legati,
611 1832 686 1886 qui
704 1831 868 1871 Caesari
885 1839 1001 1871 sane2
1024 1830 1272 1885 gratificari,
1292 1841 1504 1888 quantum

55 1906 117 1947 eis
139 1905 260 1946 salva
283 1905 443 1960 Synodi
466 1905 785 1946 existimatione
810 1906 974 1952 liceret,
1009 1905 1261 1959 cupiebant,
1301 1909 1505 1962 privatim

54 1979 165 2019 inter
187 1994 230 2019 se
253 1979 538 2025 constituunt,
563 1986 614 2018 ut
635 1978 801 2033 duplex
825 1978 1046 2018 decretum
1072 1977 1148 2018 hac
1171 1978 1224 2019 de
1245 1994 1290 2019 re
1313 1983 1507 2023 conficia-

56 2059 152 2093 tur:
186 2053 229 2092 in
253 2052 385 2093 altero
409 2051 609 2107 Synodus
630 2051 832 2099 declaret,
856 2066 993 2106 posse,
1020 2058 1062 2091 et
1083 2066 1167 2091 non
1189 2052 1379 2094 alienum
1402 2070 1507 2103 esse,

59 2126 165 2165 Smnm
190 2125 357 2180 Papam
381 2140 508 2164 usum
533 2124 694 2165 Calicis
716 2125 940 2179 aliquibus
963 2124 1157 2179 Populis,
1182 2125 1258 2165 ubi
1281 2128 1390 2167 ratio
1412 2144 1508 2183 pos-

59 2197 244 2245 tulabat,
287 2197 539 2253 indulget-03
584 2198 625 2238 in
665 2199 799 2238 altero
838 2205 1001 2243 autem,
1040 2197 1238 2252 Synodus
1272 2200 1369 2254 ipsa
1402 2200 1509 2242 hane

60 2268 368 2310 authoritatem
393 2268 617 2324 aliquibus
640 2270 839 2310 Praelatis
865 2270 905 2308 in
930 2270 979 2308 iis
1002 2269 1101 2309 locis
1123 2269 1301 2316 tribuat,
1335 2279 1397 2319 ut,
1421 2287 1507 2312 ser-

58 2343 168 2383 vatis
189 2342 449 2398 quibusdam
474 2342 811 2389 conditionibus,
837 2342 1145 2397 exprimendis,
1180 2342 1431 2384 facultatem
1458 2345 1509 2385 iis

60 2416 262 2472 gentibus
289 2415 486 2457 sumendi
519 2419 613 2456 tuta
646 2416 902 2456 conscientia
932 2423 1167 2470 utramque
1190 2416 1378 2470 speciem
1402 2416 1506 2459 dare

59 2489 232 2543 possint.
293 2487 473 2543 Duplici
511 2489 625 2528 enim
660 2487 738 2528 hac
775 2487 961 2528 formula
994 2487 1198 2534 confecta,
1236 2486 1509 2544 Patrumque

61 2559 283 2601 voluntate
305 2576 495 2601 seorsum
516 2561 751 2616 explorata,
777 2561 946 2601 facilius
968 2576 1026 2608 se,
1045 2569 1145 2600 utra
1165 2559 1222 2599 sit
1245 2559 1285 2599 in
1309 2576 1510 2603 consessu

59 2632 335 2687 proponenda
367 2633 692 2675 deliberaturos
725 2641 896 2690 putant.
960 2633 1202 2688 Negotium
1238 2632 1316 2673 hoc
1350 2635 1510 2690 saepius

103 2738 110 2756 ¹
140 2741 222 2770 Here
240 2741 343 2779 begins
359 2741 408 2770 the
426 2741 506 2770 third
526 2742 586 2770 and
604 2741 658 2771 1:1³¹
679 2741 901 2779 hmulwriring.

101 2790 115 2809 ¹
139 2792 221 2831 Sine,
242 2793 311 2824 MS.
