1905 3254
709 312 816 343 sEss.
844 315 905 345 111.
1469 313 1523 353 83

60 409 209 465 accipi.
283 412 356 454 Ad
391 413 482 456 haec
513 415 714 472 Synodus
752 435 829 475 per
867 422 1159 467 Secretarium
1195 430 1433 486 respondit,
1468 441 1518 475 ut

58 481 182 523 infra.

59 587 317 653 Responsio
338 592 524 657 Synodi
551 597 610 642 ad
631 596 974 649 Consiliarium
997 604 1145 653 Ducis
1172 608 1402 659 Bavariae.
1437 613 1514 661 fol.

112 700 311 744 Perfecto
342 704 443 746 fidei
475 708 665 763 publicae
695 710 880 763 decreto,
914 715 1067 772 legati,
1091 722 1176 774 qua
1198 722 1385 765 maxime
1418 741 1514 781 pos-

54 779 155 814 sunt
198 774 439 832 diligentia,
481 789 636 823 curant
681 784 793 826 illud
842 786 1025 831 diversis
1072 792 1115 832 in
1158 793 1430 839 Civitatibus
1470 808 1514 842 et

53 845 296 889 Provinciis
347 852 580 908 evulgari:
633 857 843 900 mandant
894 861 1004 904 illud
1056 865 1192 907 valvis
1237 868 1514 916 Cathedralis

50 916 259 961 Ecclesiae
301 922 434 979 affigi,
477 932 611 982 atque
653 931 877 974 confestim
920 937 1037 992 typis
1077 940 1247 991 excudi,
1284 950 1335 985 ut
1377 960 1510 1002 quam

47 991 270 1035 celerrime
290 995 346 1036 ad
366 998 526 1040 multos
547 1003 810 1056 perferatur.
874 1008 1066 1054 Mittunt
1088 1015 1201 1056 enim
1224 1017 1393 1061 diversa
1414 1026 1510 1078 ejus

48 1066 250 1122 exempla
271 1067 327 1109 ad
349 1069 617 1115 Sanctissimi
641 1076 685 1116 N
689 1078 725 1118 ri
748 1079 943 1123 Nuncios
977 1087 1108 1127 variis
1140 1089 1183 1129 in
1217 1093 1374 1147 regniS,
1398 1109 1507 1150 prae·

45 1139 286 1196 sertimque
318 1143 374 1184 ad
397 1144 677 1190 Cardinalem
701 1151 1036 1207 Ferrariensem,
1059 1160 1283 1217 Legatum
1306 1166 1442 1223 Papae
1465 1171 1508 1210 in

47 1211 231 1264 Galh‘is3
265 1216 320 1257 ad
352 1233 482 1273 quem
520 1228 564 1262 et
598 1222 794 1279 duplices
834 1227 981 1270 literas
1021 1236 1310 1287 perscribunt,
1348 1240 1508 1284 alteras

44 1283 224 1338 quidem
246 1287 309 1329 ita
330 1293 601 1347 compositaS,
625 1303 673 1336 ut
694 1312 767 1338 eas
789 1300 933 1354 palam
957 1303 998 1343 in
1023 1305 1188 1347 Senatu
1208 1309 1348 1366 Regio
1370 1316 1506 1368 possit

43 1359 286 1410 ostendere,
309 1363 351 1404 in
384 1366 549 1420 quibus
581 1369 719 1410 eidem
753 1373 950 1415 scribunt
980 1379 1207 1422 consilium
1232 1383 1403 1426 Sanctae
1427 1388 1503 1444 Sy-

40 1430 142 1472 nodi
186 1433 294 1475 illud
336 1451 440 1486 esse,
483 1447 533 1480 ut
572 1440 649 1483 hoc
690 1443 913 1488 decretum
958 1451 1079 1505 quod
1120 1455 1158 1494 ei
1200 1456 1501 1502 authenticum

40 1504 224 1548 mittunt
252 1508 297 1549 in
331 1512 534 1553 omnibus
566 1514 802 1559 Christiani
837 1523 1022 1564 nominis
1054 1525 1294 1571 Provinciis
1329 1532 1499 1577 edatur.

39 1575 322 1635 Quapropter
360 1592 463 1640 agat
498 1587 592 1641 ipse
629 1604 726 1630 cum
765 1592 928 1635 Senatu
964 1595 1123 1653 Regio,
1160 1608 1210 1642 ut
1244 1604 1327 1645 sibi
1365 1606 1501 1650 libere

36 1647 165 1691 liccat
184 1652 296 1694 illud
318 1655 360 1696 in
382 1658 586 1700 omnibus
603 1665 697 1716 ejus
714 1663 956 1708 Provinciae
974 1669 1184 1713 Ecclesiis
1206 1675 1248 1715 in
1272 1678 1498 1732 publicum

35 1736 292 1778 proponere.
345 1729 524 1771 Alteras
545 1731 701 1775 deinde
723 1737 918 1790 privatas
940 1740 1090 1783 literas
1111 1744 1248 1786 eidem
1269 1748 1497 1794 Cardinali

33 1797 242 1846 scribunt,
276 1801 440 1856 quibus
471 1818 570 1845 eum
606 1806 850 1859 admonent,
879 1827 1040 1869 cupere
1072 1819 1260 1861 maxime
1295 1822 1496 1868 Sanctam

35 1868 274 1924 Synodum,
314 1888 397 1923 cos,
433 1876 511 1931 qui
551 1878 595 1918 in
635 1879 728 1921 istis
769 1882 870 1924 locis
913 1890 1132 1940 perversis
1171 1897 1367 1950 c‘orrupti
1409 1899 1495 1941 sint

32 1943 328 1998 opinionibus,
353 1947 437 1990 hue
469 1965 514 1991 se
547 1953 795 2004 transferre,
820 1965 871 1998 ut
905 1960 1080 2003 tandem
1113 1967 1273 2008 summi
1294 1968 1381 2011 Dei
1413 1972 1493 2014 cle·

32 2017 193 2057 mentia
243 2017 397 2061 horum
440 2023 623 2066 Patrum
676 2042 911 2085 congressu
964 2035 1252 2090 resipiscant;
1305 2043 1493 2087 noluisse

30 2094 172 2132 tamen
201 2108 273 2134 eos
304 2098 557 2141 nominatim
591 2101 634 2141 in
669 2101 748 2143 hoc
779 2103 952 2148 decreto
975 2108 1188 2153 Gallicam
1221 2117 1490 2170 provinciam

29 2165 268 2219 appellare,
291 2184 345 2211 ne
378 2170 558 2214 fortasse
597 2175 713 2216 cives
749 2177 809 2218 illi
846 2194 962 2235 aegre
995 2182 1158 2226 ferrent
1193 2202 1237 2229 sc
1274 2189 1387 2232 inter
1419 2208 1490 2234 eos

28 2245 179 2292 aperte
212 2245 387 2293 censeri,
421 2247 498 2301 qui
535 2248 712 2303 publice
746 2258 789 2292 et
826 2253 1006 2309 impune
1042 2257 1205 2300 alienas
1236 2276 1261 2301 a
1291 2263 1490 2307 Romana

27 2307 227 2355 Ecclesia
247 2317 473 2371 opiniones
497 2321 774 2376 profitentur.
839 2325 1061 2370 Caeterum
1095 2346 1166 2372 eos
1201 2349 1299 2375 vere
1332 2337 1375 2378 in
1410 2338 1487 2380 hoc

26 2395 203 2428 numero
233 2388 400 2440 haberi,
431 2409 529 2435 cum
561 2396 704 2450 palam
736 2398 909 2440 illorum
944 2403 1108 2444 nefarie.
1142 2404 1257 2447 dicta
1287 2416 1484 2466 actaque,

24 2458 156 2500 nullis
187 2462 407 2506 vindicata
435 2468 781 2524 magistratibus,
815 2474 920 2514 satis
952 2478 1117 2518 cunctis
1150 2494 1297 2522 eorum
1332 2483 1484 2539 impie-

25 2535 157 2575 tatem
183 2542 414 2581 testentur.
479 2542 687 2585 Scribunt
711 2545 865 2601 igitur,
890 2556 939 2590 ut
962 2551 996 2590 si
1019 2551 1289 2609 intelligeret
1312 2556 1484 2613 aliquos

24 2603 67 2645 in
96 2605 416 2652 dubitationem
450 2615 610 2663 venire,
644 2631 697 2657 an
732 2617 825 2659 haec
859 2620 967 2662 fides
1004 2624 1184 2678 publica
1217 2627 1332 2668 cives
1363 2630 1483 2673 illius

23 2680 146 2734 regni
169 2684 497 2739 complectatur,
516 2688 611 2729 illos
633 2699 782 2746 aperte
797 2700 901 2735 tunc
925 2697 1127 2738 certiores
1151 2699 1303 2750 faciat;
1333 2703 1389 2744 ad
1410 2720 1482 2746 eos

23 2750 151 2793 etiam
171 2754 289 2796 illam
313 2760 486 2800 omnino
509 2762 754 2816 pertinere;
780 2775 1029 2823 rogantque
1054 2778 1102 2810 ut
1125 2771 1227 2812 nihil
1254 2774 1479 2820 industriae

24 2827 342 2876 praetermittat,
368 2837 416 2871 ut
449 2846 521 2872 eos
553 2833 607 2875 ad
636 2834 742 2877 hanc
775 2847 936 2880 sauctae
966 2842 1127 2896 Synodi
1162 2844 1477 2902 benignitatem

1161 2931 1188 2956 G
1223 2920 1249 2958 2
