1905 3254
685 244 794 274 sess.
822 245 897 274 vn.
1447 229 1528 270 527

128 353 695 396 Lancianensis——Primum
716 367 802 392 non
822 352 982 408 placet,
1014 366 1067 393 ne
1091 358 1363 409 aggregetur
1389 352 1528 408 plebs,

73 435 117 470 et
150 428 348 469 oriantur
380 425 641 476 seditiones3
684 425 737 466 de
772 425 975 474 secundo,
1009 425 1139 467 detur
1173 428 1364 481 spatium
1400 427 1532 467 unius

74 501 174 543 anni
199 500 434 556 Episcopis
465 499 675 554 promotis
707 499 1017 540 ultramarinis.
1081 499 1150 539 De
1173 500 1315 546 tertio,
1338 499 1462 547 dixit,
1485 500 1530 539 in

73 588 122 615 eo
155 572 366 614 contineri
406 586 621 612 summam
663 572 797 612 totius
836 572 1169 619 reformationis,
1204 588 1306 613 nam
1344 573 1379 612 si
1418 573 1531 627 Epi-

73 660 228 702 scopus
264 651 545 701 cognosceret
585 660 744 685 munus
778 659 922 695 suum,
959 644 1021 684 nil
1063 643 1187 684 aliud
1221 644 1530 700 requirendum

73 725 206 761 esset:
249 718 325 759 sed
359 733 438 759 nos
470 718 753 778 negligimus,
788 718 863 765 ait,
902 718 1091 758 officium
1127 723 1340 758 nostrum.
1403 717 1532 757 Nune

73 793 187 834 enim
208 792 252 832 in
274 791 354 834 hac
373 791 547 848 synode,
572 793 649 832 ubi
671 792 955 833 convenirent
972 791 1199 847 Episcopi,
1220 805 1273 831 ex
1288 791 1530 838 Lusitania,

73 865 305 921 Hispania,
351 865 516 914 Gallia,
564 866 816 911 Germania,
858 865 1053 912 Polonia,
1096 863 1319 907 Bohemia,
1363 863 1531 919 Illyria,

74 937 348 987 Macedonia,
372 939 514 987 Italia,
537 938 777 987 Dalmatia,
812 938 932 984 Asia,
955 944 998 978 et
1022 937 1117 977 aliis
1138 937 1292 977 multis
1313 937 1530 992 partibus,

73 1012 229 1054 etiam¹
272 1012 621 1068 Archiepiscopi,
668 1012 894 1053 Electores
935 1010 1129 1066 Imperii,
1171 1010 1247 1065 qui
1281 1012 1534 1066 juramento

73 1090 293 1133 tenentur,
335 1084 391 1125 ad
421 1084 631 1140 synodum
664 1099 750 1125 non
792 1090 1075 1132 accesserunt,
1117 1097 1194 1123 nec
1228 1083 1535 1123 Procuratores

75 1171 172 1197 suos
207 1157 432 1197 miserunt.
496 1157 711 1212 Indeque,
749 1171 983 1197 conversus
1020 1155 1075 1196 ad
1115 1156 1266 1210 Epum
1305 1155 1532 1210 Quinque-

75 1229 373 1270 ecclesiensem
407 1229 534 1276 dixit,
568 1229 768 1285 Appello
800 1235 855 1275 te,
893 1228 998 1268 ΙΙΙ1110
1038 1227 1199 1268 Orator
1231 1226 1368 1282 Regis
1404 1226 1533 1267 Hun-

75 1303 225 1359 gariae,
258 1308 365 1358 quot
387 1309 489 1343 sunt
510 1302 553 1342 in
575 1303 627 1342 iis
646 1301 853 1357 partibus
876 1300 1126 1347 Antistitcs,
1152 1299 1230 1356 qui
1250 1299 1334 1340 huc
1357 1300 1532 1340 minime

76 1377 290 1419 veniunt?
342 1377 406 1418 Et
435 1383 581 1418 tamen
614 1390 798 1431 magnos
831 1381 1034 1430 sumptus
1065 1388 1144 1429 pro
1181 1389 1331 1415 corum
1354 1373 1535 1414 arbitrio

74 1464 160 1490 non
181 1450 433 1507 refugiunt3
459 1450 694 1505 equitatus,
725 1455 769 1489 ct
803 1447 1027 1489 commoda
1052 1447 1137 1487 alia
1157 1446 1334 1493 habent,
1369 1461 1422 1486 cx
1445 1446 1534 1486 solo

74 1523 362 1580 Episcopatu,
396 1538 526 1578 quem
548 1522 704 1562 deinde
725 1521 976 1576 negligunt,
1010 1520 1087 1560 ubi
1108 1520 1295 1560 maxime
1316 1519 1536 1560 curandus

76 1604 188 1638 esset
209 1612 289 1652 pro
312 1597 494 1653 publica
516 1595 794 1636 authoritate.

133 1670 260 1711 Tunc
283 1666 1056 1725 Quinqueecclesiensis—-Postquam
1073 1680 1142 1706 me
1159 1665 1271 1705 sensi
1287 1664 1536 1720 compellari

76 1759 216 1786 coram
250 1743 387 1792 vobis,
423 1743 578 1783 Patres
614 1742 642 1782 S
687 1773 698 1788 ,
734 1741 788 1781 ab
816 1739 1034 1795 Archicsm
1065 1738 1366 1785 Lancianensi,
1395 1736 1534 1777 dicam

79 1818 196 1875 quod
217 1817 324 1859 mihi
345 1816 541 1858 occurrit.
607 1814 703 1855 Scio
731 1812 923 1869 quidem,
959 1811 1206 1852 Caesaream
1240 1810 1534 1866 Majestatcm,

80 1898 295 1948 quantum
327 1891 372 1931 in
408 1905 459 1931 ea
497 1889 597 1935 fuit,
641 1901 819 1942 operam
861 1884 1042 1932 dedisse,
1085 1891 1136 1926 ut
1172 1898 1317 1924 omnes
1356 1882 1537 1923 Praelati

81 1963 348 2012 Germaniae,
376 1969 421 2004 et
451 1962 637 2003 aliarum
671 1959 1014 2005 Provinciarum,
1048 1957 1135 1997 huc
1169 1956 1460 2002 convenirent,
1494 1962 1538 1996 et

78 2035 237 2077 multos
273 2050 326 2076 cx
356 2035 422 2081 iis,
456 2040 536 2075 aut
571 2033 704 2080 senio,
743 2038 820 2072 aut
856 2031 952 2072 aliis
990 2030 1199 2086 legitimis
1233 2028 1375 2069 causis
1407 2028 1538 2068 fuisse

35 2135 39 2142 «
79 2108 326 2164 impeditos.
389 2107 492 2148 Non
531 2121 645 2162 nego
684 2113 843 2153 tamen,
884 2112 927 2147 et
966 2104 1070 2144 alios
1105 2101 1315 2158 quosdam
1357 2102 1537 2142 fortasse

82 2181 268 2223 alacrius
289 2188 334 2222 et
354 2180 566 2221 libentius
588 2179 673 2220 huc
694 2179 828 2220 fuisse
852 2184 1070 2225 venturos,
1092 2182 1170 2216 aut
1195 2175 1348 2216 saltem
1379 2175 1537 2215 Procu-

80 2262 246 2297 ratores
267 2270 367 2296 suos
388 2254 609 2301 missuros,
642 2253 725 2293 nisi
746 2251 1062 2292 intellexissent
1085 2249 1266 2290 Concilii
1285 2249 1537 2289 libertatem

81 2329 207 2370 valde
228 2329 376 2370 laesam
398 2334 443 2370 et
468 2328 745 2368 imminutam
777 2340 884 2366 esse.
947 2325 1064 2365 Nam
1098 2338 1194 2363 cum
1227 2322 1367 2377 aliqui
1399 2336 1453 2362 ex
1485 2321 1538 2361 iis

82 2401 166 2444 huc
209 2403 520 2444 Procuratores
569 2415 670 2441 suos
708 2399 938 2445 misissent,
983 2398 1059 2453 qui
1106 2396 1238 2437 etiam
1279 2395 1409 2436 Pauli
1450 2394 1539 2436 III.

87 2475 315 2531 [tempore]
336 2474 478 2516 dicere
500 2474 545 2514 in
567 2472 739 2529 Synodo
757 2470 1011 2513 sententiam
1034 2469 1244 2516 solebant,
1259 2482 1373 2508 nunc
1395 2474 1540 2508 tamen

82 2547 150 2589 his
176 2563 403 2605 nunquam
434 2552 507 2603 jus
542 2546 743 2602 suffragii
784 2545 869 2585 fuit
910 2543 1180 2599 permissum.
1257 2540 1408 2588 Immo,
1442 2555 1539 2581 cum

85 2634 198 2662 unus
219 2621 345 2662 exiis
366 2620 500 2662 semel
528 2620 740 2675 loquutus
771 2618 937 2665 fuisset,
970 2616 1054 2656 fuit
1083 2612 1238 2654 deinde
1269 2612 1308 2653 ei
1338 2612 1540 2653 interdie-

85 2700 192 2742 tum,
228 2709 304 2736 nec
336 2695 494 2736 scimus
526 2709 579 2734 ex
613 2708 700 2748 qua
735 2705 876 2733 causa.
941 2690 1089 2738 Quare
1131 2686 1332 2728 existimo
1367 2686 1540 2726 omnino

666 2777 674 2795 ¹
703 2782 741 2810 Et
760 2785 873 2812 tamen.
892 2779 962 2808 MS.
