1905 3254
703 321 813 352 sess.
840 322 915 353 vn.
1455 317 1538 358 305

72 413 238 457 Verum
281 419 410 461 aliam
449 424 587 465 multo
627 425 862 475 clariorem,
905 444 953 470 ac
993 445 1094 486 quae
1136 432 1397 490 dignitatem
1442 451 1533 478 suae

73 487 330 532 Sanctitatis
361 494 526 550 absque
553 499 805 553 exceptione
835 509 912 542 aut
943 505 1258 560 tergiversione
1283 508 1532 563 patefaciat,

70 559 126 598 ab
148 561 200 601 iis
220 562 466 606 desiderari.

127 632 228 673 Non
244 635 445 678 adfuerat
467 638 532 679 his
553 642 943 686 consultationibus
961 648 1243 704 Seripandus,
1267 654 1530 707 aegritudine

66 703 317 760 impeditus.
370 710 462 751 Ubi
498 727 601 753 vero
636 715 678 754 ei
711 717 937 759 consilium
972 720 1051 761 hoc
1081 731 1276 778 coeptum
1308 734 1527 775 narratur,

67 780 159 816 tum
177 777 250 818 ille
265 779 357 835 ipse
372 782 542 824 omnino
559 784 788 828 formulam
807 788 916 831 hanc
929 793 1115 847 positam
1130 794 1324 837 damnat.
1360 798 1427 846 P0,
1448 798 1524 846 ait,

65 848 106 888 in
129 864 180 890 ea
200 851 243 892 id
266 854 382 908 quod
401 870 481 910 pro
505 857 775 900 Adversariis
796 862 899 904 facit
929 864 1118 907 dilucide
1147 869 1373 924 explicari:
1409 872 1527 927 quod

63 920 220 963 deinde
242 934 411 980 spectat
433 929 488 969 ad
510 937 772 984 potestatem
795 935 944 990 Papae,
967 938 1079 979 illud
1095 940 1318 983 obscurius
1343 944 1524 994 involvi,

62 1000 108 1034 et
140 997 265 1050 quasi
296 999 473 1055 oblique
497 1016 546 1042 eo
568 1011 838 1057 pertractum
862 1007 1013 1051 videri.
1076 1011 1249 1054 Deinde
1272 1016 1407 1056 verba
1439 1017 1524 1065 illa,

62 1064 174 1107 Jure
195 1067 354 1118 divino,
377 1071 529 1113 Romae
551 1075 677 1116 nimis
700 1077 846 1119 odiosa
868 1095 984 1121 esse:
1020 1098 1090 1123 eos
1112 1086 1322 1141 suspicari
1343 1103 1396 1129 ne
1418 1089 1526 1144 quid

60 1137 195 1180 altius
237 1140 302 1182 his
339 1145 483 1185 verbis
519 1146 679 1197 lateat;
722 1151 818 1193 ideo
853 1169 949 1194 cum
985 1157 1148 1211 saepius
1186 1158 1230 1198 id
1262 1175 1341 1214 per
1373 1161 1525 1203 literas

59 1210 244 1268 Legatis
275 1215 360 1257 fuit
390 1218 696 1274 significatum,
728 1238 839 1265 nunc
869 1227 925 1266 ab
958 1228 1008 1267 iis
1049 1245 1141 1270 csse
1183 1233 1522 1283 subsistendum,

58 1285 142 1325 nisi
181 1302 227 1328 re
269 1290 395 1344 prius
435 1307 531 1333 cum
566 1294 803 1338 Sanctitate
835 1313 916 1339 sua
946 1303 1272 1346 communicata.
1335 1306 1404 1347 Ad
1432 1307 1523 1350 haec

57 1355 254 1413 Legatos
289 1360 418 1402 aliam
453 1364 684 1407 formulam
719 1367 916 1418 Canonis,
957 1386 1089 1426 quam
1124 1373 1330 1417 dixerunt
1363 1392 1521 1434 propo-

55 1430 242 1472 nendam
273 1448 379 1483 esse,
416 1436 600 1484 Romam
634 1442 935 1484 transmissise.
998 1445 1142 1495 Nunc,
1175 1448 1210 1487 si
1245 1448 1338 1490 haec
1366 1450 1523 1493 edatur

55 1516 154 1557 quae
174 1504 282 1546 nihil
304 1522 400 1548 cum
424 1524 475 1550 ea
496 1526 722 1553 commune
745 1513 890 1563 habet,
929 1524 973 1557 et
994 1519 1135 1560 multa
1169 1520 1225 1561 ad
1255 1529 1519 1577 potestatem

55 1575 192 1632 Papae
231 1583 474 1634 spectantia
523 1585 845 1640 complectitur,
888 1591 1030 1630 vereri
1070 1607 1128 1640 se,
1170 1608 1224 1634 ne
1273 1596 1519 1639 offendatur

53 1648 225 1691 Summi
257 1652 480 1696 Pontificis
511 1658 703 1707 animus3
737 1662 1070 1718 praesertimque
1093 1666 1128 1705 si
1149 1666 1246 1708 hinc
1267 1671 1432 1710 occasio
1462 1672 1517 1713 de

51 1721 84 1762 J
87 1723 364 1768 urisdictione
384 1728 705 1785 Episcoporum
728 1733 1001 1789 disceptandi
1022 1738 1130 1779 forte
1152 1741 1397 1784 subveniat.

107 1796 284 1854 Legati,
307 1799 374 1840 his
410 1802 583 1849 auditis,
607 1812 779 1847 mutant
811 1809 1052 1860 consilium,
1095 1813 1322 1870 satiusque
1356 1824 1515 1872 putant

53 1869 270 1913 Canonem
292 1875 524 1917 novissime
548 1878 591 1918 in
616 1879 788 1934 Synodo
821 1884 1095 1938 propositum
1127 1886 1234 1928 nihil
1267 1889 1511 1941 immutare,

49 1942 167 1998 quod
206 1951 250 1986 et
289 1961 314 1987 a
349 1949 648 2004 compluribus
684 1953 891 1995 Patribus
930 1957 1055 1998 enixe
1091 1961 1340 2013 petebatur.
1418 1965 1511 2006 Me-

49 2029 187 2058 mores
215 2025 371 2068 tamen,
397 2023 514 2077 quod
549 2025 651 2066 olim
687 2028 900 2070 acciderat
933 2031 977 2070 in
1015 2031 1313 2087 disputatione
1344 2037 1398 2078 de
1425 2039 1510 2080 Re-

47 2088 244 2139 sidentia,
281 2099 325 2133 ct
366 2102 474 2150 quot
510 2097 740 2140 calumniis
781 2101 941 2157 injuria
978 2103 1154 2146 fuerant
1186 2107 1390 2158 traducti,
1422 2113 1510 2167 pri-

48 2163 181 2205 vatim
214 2164 463 2209 schedulam
493 2173 691 2227 componi
720 2174 891 2230 jubent,
916 2180 1000 2232 qua
1022 2177 1268 2221 declaretur
1293 2187 1508 2228 communi

45 2237 217 2279 consilio
253 2254 300 2280 ac
336 2256 542 2283 consensu
583 2251 775 2286 veterem
818 2248 940 2288 illum
976 2249 1197 2292 Canonem
1235 2257 1507 2309 propositum

44 2304 191 2358 fuisse,
215 2318 266 2352 ut
289 2313 507 2370 quidquid
536 2317 715 2366 accidat,
739 2318 834 2360 laus
867 2327 944 2362 aut
978 2323 1247 2379 vituperatio
1269 2331 1506 2372 eommunis

44 2379 275 2426 habeatur.

100 2452 234 2496 Venit
253 2464 405 2511 postea
426 2460 468 2500 in
490 2469 678 2504 mentem
699 2465 956 2522 Seripando,
981 2467 1147 2522 pridem
1171 2484 1195 2509 a
1217 2470 1351 2512 fratre
1374 2472 1504 2516 Petro

44 2525 147 2567 Soto
178 2530 351 2572 nomine
388 2532 691 2588 Hispanorum
726 2538 909 2594 Legatis
941 2540 1073 2581 fuisse
1101 2542 1406 2597 significatum,
1430 2563 1502 2589 eos

40 2612 123 2640 non
142 2615 349 2657 quaerere,
383 2613 432 2647 ut
452 2608 552 2648 novi
575 2610 808 2666 quicquam
831 2611 884 2652 de
917 2613 1230 2656 ,Jurisdictione
1259 2616 1500 2676 Episcopo-

41 2685 136 2713 rum
173 2681 404 2725 statuatur,
440 2679 675 2723 dummodo
706 2683 759 2724 de
787 2686 885 2741 jure
910 2687 1046 2727 veteri
1078 2687 1185 2728 nihil
1217 2688 1500 2742 detrahatur:

40 2742 226 2802 ideoque
250 2748 469 2792 Canonem
505 2752 697 2808 aliquem
731 2756 773 2796 in
798 2756 904 2797 hanc
932 2759 1194 2800 sententiam
1223 2763 1496 2816 probaturos,

41 2816 124 2857 viz.

1240 2922 1269 2949 x
