1905 3254
661 295 770 325 snss.
798 295 871 324 vn.
1408 282 1490 321 505

36 401 225 444 Auditor
246 401 361 443 idem
383 416 523 443 coram
546 402 799 459 Navagerio
821 403 983 458 apertis
1012 403 1157 444 verbis
1188 410 1254 444 est
1287 409 1489 454 testatus,

34 490 263 534 perperam
285 477 342 517 ab
359 477 421 517 eis
435 476 527 516 fieri
549 476 584 516 si
604 476 696 517 haec
713 482 997 524 attententur,
1019 491 1097 517 nec
1115 477 1324 518 Sanctmum
1345 477 1489 518 Nrum

34 556 197 592 tantam
219 549 390 590 ruinam
414 549 607 605 cogitare
639 550 846 604 potuisse,
881 550 959 604 qui
995 550 1278 605 Navagerius
1311 550 1416 590 satis
1446 550 1489 589 in

34 621 143 663 hanc
163 621 422 662 sententiam
444 628 539 662 erat
559 635 816 676 propensus.
880 622 1119 677 Spargitur
1138 622 1312 663 interim
1342 636 1491 662 rumor

34 697 144 738 inter
163 709 312 736 ornnes
345 694 571 743 Praelatos‚
608 694 916 750 gravissimum
947 694 1192 749 periculum
1225 702 1270 735 et
1305 694 1489 735 exitium

34 768 165 810 rebus
194 767 352 808 nostris
379 766 643 822 impendere.
706 767 850 808 Nemo
872 781 956 807 non
977 766 1096 808 dolet
1119 773 1250 822 atque
1273 768 1490 807 excrucia-

33 848 117 889 tur,
140 841 203 882 ita
227 847 389 882 temere
416 855 485 881 res
517 840 798 896 praecipitari,
831 847 954 881 tanto
987 839 1178 880 omnium
1216 838 1490 886 offendiculo,

34 921 159 956 tanta
180 914 441 956 calamitate.
484 914 698 968 Quisque,
722 913 887 968 quibus
908 919 1054 968 potest
1074 912 1232 958 officiis,
1256 918 1349 952 tum
1373 911 1492 967 apud

33 988 237 1044 Legatos,
274 994 370 1028 tum
406 987 526 1043 apud
558 986 814 1042 Hispanum
848 992 891 1027 et
928 985 1096 1034 Gallos,
1132 991 1284 1032 tentat,
1325 991 1490 1025 tantam

34 1060 199 1103 cladem
233 1067 446 1108 avertere,
483 1066 616 1115 atque
651 1074 719 1100 res
754 1073 1023 1114 componere.
1088 1058 1289 1099 Tandem
1327 1057 1490 1098 divinae

34 1133 200 1190 placuit
227 1133 482 1179 elementiae,
517 1139 568 1173 ut
594 1131 687 1172 haec
718 1132 898 1172 Sanctum
927 1130 1130 1186 Regique
1155 1129 1382 1171 Catholico
1404 1130 1490 1185 sig-

31 1207 274 1253 nificentur,
307 1205 440 1246 donec
481 1205 537 1245 ab
574 1205 636 1245 eis
670 1204 812 1245 literae
848 1204 1138 1259 proferantur.
1202 1203 1249 1242 Si
1283 1202 1492 1243 Oratores

33 1280 258 1336 contingat
289 1280 334 1319 in
369 1277 558 1333 Templo
593 1277 860 1318 solemnibus
892 1277 1112 1322 interesse,
1144 1282 1247 1316 tune
1268 1275 1491 1315 Thuribu-

32 1353 138 1401 lum,
172 1352 358 1407 Paxque
389 1350 575 1406 Legatis
609 1349 847 1390 ministrari
882 1349 977 1403 ipso
1009 1348 1141 1388 etiam
1176 1347 1384 1388 Sessionis
1421 1346 1491 1387 die

34 1425 362 1467 intermittatur.
433 1423 504 1464 Ita
543 1437 611 1463 res
649 1422 1017 1477 periculosissima
1055 1422 1181 1462 brevi
1222 1421 1373 1462 sedata
1413 1426 1492 1467 est,

34 1499 275 1556 plurimum
297 1497 341 1537 in
364 1511 414 1537 eo
443 1496 575 1536 etiam
598 1495 795 1535 Praelatis
823 1494 990 1549 aliquot
1023 1493 1250 1548 Hispanis,
1285 1501 1418 1549 atque
1451 1494 1493 1533 in

34 1571 186 1628 primis
217 1569 481 1610 Granatensi
515 1574 559 1608 et
595 1567 855 1623 Segobiensi
887 1566 1249 1621 suffragantibuS,
1286 1566 1363 1620 qui
1395 1580 1492 1606 cum

0 1663 1 1670 ¹
36 1644 264 1686 Oratorem
301 1657 431 1683 suum
464 1641 653 1682 maxime
690 1641 745 1681 ab
777 1639 855 1680 hoc
886 1645 1043 1680 conatu
1074 1638 1325 1678 dissuadere
1348 1653 1491 1678 curas-

0 1726 1 1733 *
34 1724 141 1766 sent,
163 1732 216 1758 ne
239 1715 402 1757 occasio
432 1713 675 1755 schismatis
706 1712 994 1768 praeberetur,
1017 1725 1227 1766 magnum
1263 1710 1494 1765 probitatis

35 1805 82 1833 ac
103 1789 346 1846 Religionis
367 1789 675 1829 documentum
697 1785 866 1827 caeteris
888 1784 1147 1825 ediderunt)

92 1863 225 1905 Nunc
247 1877 348 1918 quae
365 1861 418 1902 de
437 1860 648 1902 abusibus
665 1858 883 1900 Ordinum
900 1858 1066 1898 interea
1085 1871 1110 1896 a
1127 1855 1290 1896 Pribus
1308 1861 1495 1896 tractata

36 1937 214 1978 fuerunt
230 1942 478 1992 opportune
494 1933 565 1974 hic
579 1932 843 1989 adjiciemus,
858 1946 947 1972 rem
963 1945 987 1970 a
1002 1929 1216 1986 principio
1232 1935 1492 1984 repetentes,

36 2023 120 2066 quo
151 2009 323 2065 planior
352 2012 449 2064 ejus
477 2006 666 2063 cognitio
694 2005 899 2046 omnibus
928 2003 1076 2045 ordine
1097 2002 1305 2057 expositis
1325 2000 1494 2043 hauriri

36 2078 202 2138 possit.2

94 2153 208 2194 Cum
262 2151 432 2207 pridem
479 2151 642 2207 Legati
685 2150 958 2205 Episcopum
1002 2145 1344 2187 Premifliensem
1387 2145 1495 2186 Ora-

36 2231 172 2268 torem
208 2225 346 2281 Regis
386 2223 594 2272 Poloniae,
636 2220 933 2264 Patriarcham
966 2219 1273 2266 Venetiarum3
1317 2218 1496 2259 Archie-

89 2355 98 2374 ¹
123 2355 221 2387 There
251 2364 302 2385 are
326 2352 443 2384 several
471 2351 652 2390 interesting
680 2351 781 2392 pieces
806 2360 846 2380 011
869 2348 930 2378 this
959 2346 1151 2377 remarkable
1179 2355 1269 2376 scene
1294 2346 1326 2375 in
1351 2345 1501 2385 Dupuy's

40 2408 254 2446 Imtructions,
271 2408 340 2444 &c.‚
354 2406 405 2436 ed.
426 2405 518 2442 1654,
534 2415 586 2445 pp.
605 2403 765 2433 412-451.
812 2401 879 2431 The
893 2401 957 2430 first
973 2400 997 2429 is
1014 2399 1054 2438 by
1071 2398 1224 2434 Paleotto,
1241 2398 1272 2427 in
1294 2397 1345 2427 the
1366 2397 1499 2437 original

39 2461 156 2492 Italian
180 2460 244 2491 and
267 2469 286 2489 a
310 2457 429 2488 French
455 2456 646 2494 translation,
664 2455 755 2486 dated
781 2454 864 2484 June
882 2452 941 2482 ult.
962 2452 1052 2481 1563.
1099 2450 1165 2480 The
1181 2453 1255 2479 next
1270 2449 1306 2486 is,
1323 2460 1342 2479 a
1356 2448 1446 2479 letter
1467 2454 1499 2480 to

37 2513 180 2555 thePope
194 2514 237 2552 by
253 2512 304 2542 the
320 2511 416 2542 Card.
434 2510 468 2540 of
482 2509 646 2546 Lorraine;
663 2508 726 2538 and
740 2507 792 2537 the
807 2506 876 2543 last,
894 2516 913 2535 a
928 2503 1060 2534 relation
1084 2503 1119 2533 of
1141 2502 1192 2532 the
1215 2512 1425 2538 occurrences,
1447 2501 1499 2532 the

38 2576 120 2598 name
137 2567 199 2606 day
214 2565 276 2596 and
302 2564 352 2595 the
375 2567 471 2602 next;
494 2562 576 2592 these
601 2561 740 2591 likewise
767 2560 799 2589 in
825 2557 940 2588 Italian
955 2567 988 2587 as
1002 2555 1073 2586 well
1089 2565 1123 2585 as
1137 2566 1156 2585 a
1171 2553 1364 2584 translation.
1409 2552 1498 2592 They

39 2629 111 2659 may
123 2619 167 2650 all
180 2619 219 2650 be
235 2628 304 2650 seen
317 2617 349 2647 in
368 2617 411 2647 Le
426 2616 500 2647 Plat
515 2616 547 2645 in
562 2614 700 2650 French;
725 2613 776 2643 the
793 2609 974 2642 Cardinal's
996 2609 1086 2639 letter
1102 2608 1127 2638 is
1143 2608 1174 2637 in
1191 2607 1295 2644 Latin,
1312 2606 1391 2637 from
1411 2606 1498 2646 Ray-

41 2671 288 2760 naldzxcording
303 2723 334 2750 to
350 2718 474 2749 Astolfo
491 2716 654 2748 Servantio
680 2716 712 2745 in
739 2715 786 2745 his
810 2713 940 2751 Βὶατίο,
966 2711 1050 2741 these
1078 2708 1268 2740 discussions
1292 2707 1392 2738 lasted
1417 2708 1497 2738 from

41 2772 131 2814 April
149 2774 185 2803 13
201 2777 232 2804 to
250 2773 333 2803 June
353 2772 401 2810 16,
422 2772 514 2801 1563.
562 2771 614 2801 He
643 2769 697 2800 has
722 2765 961 2809 particularised
978 2764 1053 2795 each
1069 2764 1104 2794 os
1123 2762 1173 2792 the
1189 2761 1423 2801 congregatione
1437 2761 1500 2791 aud

41 2823 91 2855 the
110 2824 259 2866 speakers.
304 2825 402 2856 There
425 2835 486 2855 was
511 2823 594 2855 little
610 2821 816 2862 interruption
838 2819 954 2857 during
981 2817 1048 2848 that
1064 2815 1171 2857 period
1186 2815 1221 2846 os
1244 2825 1328 2846 more
1348 2814 1422 2844 than
1441 2818 1500 2844 two

43 2877 174 2910 months.
