1905 3254
700 302 807 333 sess.
835 303 927 333 vlu.
1459 291 1541 330 590

83 407 266 449 Caesaris
287 405 523 462 postulatio
546 407 639 446 visa
661 406 760 454 fuit,
786 413 838 448 ut
867 407 1041 447 interim
1075 421 1165 447 rem
1197 421 1321 448 suam
1354 421 1538 448 eommo-

80 480 179 522 dius
199 479 470 521 considerare
492 487 652 535 posset.
687 480 818 528 Nam,
835 479 981 535 quoad
997 480 1169 536 reliqua
1183 481 1538 522 reformationum

83 554 239 610 capita,
256 557 348 609 jam
374 552 524 594 Caesar
544 554 842 608 rescripserat,
860 554 1012 608 paucis
1025 560 1196 594 tantum
1215 554 1422 608 exceptiS,
1440 567 1541 608 quae

81 626 207 669 facile
229 625 550 667 accommodata
570 626 762 674 fuerunt,
778 625 951 681 reliqua
973 626 1058 666 sibi
1078 627 1184 666 satis
1204 626 1396 680 probari.

140 699 308 740 Verum
331 698 435 739 dum
457 705 718 754 expectatur
749 698 817 738 hic
848 713 877 739 x
909 698 1001 738 dies
1033 704 1076 738 et
1107 698 1238 738 sessio
1272 697 1542 745 adventaret,

84 773 218 814 variae
241 772 431 813 rationes
451 773 692 828 propositae
715 778 816 813 sunt
840 787 864 812 a
885 771 1070 827 Legatis
1101 772 1215 811 inter
1246 786 1290 812 se
1321 770 1542 825 privatim,

83 844 202 902 quod
222 844 488 886 commodius
509 845 682 886 interim
706 845 779 900 agi
802 851 961 900 posset.
1025 843 1224 884 Tandem
1248 843 1543 884 deliberatum

85 924 162 965 est,
185 917 479 958 consentiente
501 918 631 957 etiam
665 915 967 970 Lotharingio,
994 922 1044 955 ut
1073 929 1188 955 nunc
1220 915 1274 954 20
1306 914 1450 969 capita
1480 928 1545 954 re·

84 991 354 1033 formationis
374 997 547 1031 tantum
583 989 830 1037 ederentur,
860 987 1018 1029 eodum
1041 987 1190 1028 ordine
1224 1001 1312 1042 quo
1334 987 1546 1028 hactenus

85 1063 341 1118 conscripta,
364 1068 407 1103 et
430 1062 485 1102 ab
498 1062 744 1102 oratoribus
757 1062 945 1116 probata
957 1061 1134 1102 fuerant
1151 1076 1161 1109 3
1184 1060 1359 1114 reliqua
1375 1058 1544 1106 deinde,

86 1135 156 1178 his
170 1135 441 1182 examinatis,
460 1134 707 1183 ederentur,
725 1142 801 1175 aut
820 1135 863 1174 in
876 1134 1084 1190 praesenti
1101 1134 1300 1180 sessione,
1318 1133 1354 1173 si
1369 1140 1546 1187 tempus

85 1209 378 1264 permitteret,
400 1214 477 1248 aut
497 1208 540 1247 in
572 1208 770 1263 sequenti
792 1207 978 1248 sessione
1011 1207 1144 1247 simul
1175 1221 1273 1246 cum
1296 1205 1372 1245 illo
1394 1205 1548 1245 ultimo

87 1283 230 1338 capite
253 1281 307 1322 de
330 1281 641 1322 Saecularibus.
676 1281 836 1336 Itaque
857 1280 978 1321 edita
999 1280 1178 1320 fuerunt
1196 1278 1289 1319 haec
1310 1293 1369 1319 xx
1391 1278 1547 1333 capita,

87 1354 362 1411 praecedente
384 1354 593 1395 schedula
613 1368 712 1395 cum
735 1353 813 1394 hac
835 1353 1128 1399 annotatione,
1148 1359 1197 1393 ut
1218 1352 1373 1393 scirent
1396 1351 1550 1392 Patres

89 1430 218 1471 etiam
242 1429 329 1470 alia
359 1435 512 1484 postea
543 1427 825 1484 proponenda
857 1442 959 1468 esse.
1024 1426 1147 1467 Inter
1168 1425 1262 1466 haec
1293 1425 1438 1480 capita
1467 1424 1553 1464 fuit

87 1502 297 1543 insertum
321 1508 483 1556 praeter
505 1500 700 1542 ordinem
720 1515 814 1556 cap.
838 1500 907 1547 20,
931 1500 1010 1540 ubi
1037 1500 1186 1555 agitur
1216 1498 1270 1539 de
1301 1496 1552 1538 revocandis

93 1574 284 1617 Indultis
317 1573 466 1621 Card.,
500 1573 633 1629 idque
664 1573 708 1613 in
741 1573 927 1628 gratiam
967 1571 1179 1628 Episcopi
1219 1570 1469 1617 Brixiensis,
1507 1569 1551 1608 in

91 1651 229 1704 cujus¹
253 1648 450 1689 Ecclesia
481 1646 703 1688 indultum
725 1645 861 1686 habet
882 1644 1012 1685 Card.
1048 1643 1350 1685 Ferrariensis.
1414 1640 1552 1682 Addi-

93 1729 188 1763 tum
210 1722 342 1763 etiam
366 1721 453 1762 fuit
484 1735 578 1776 cap.
602 1721 651 1760 :21
679 1719 732 1760 de
757 1719 913 1759 Causis
944 1719 986 1758 in
1019 1727 1089 1773 pra
1123 1717 1352 1763 Instantia,
1376 1721 1553 1771 petente

93 1795 139 1837 id
159 1796 347 1837 maxime
370 1794 542 1835 Comite
566 1809 591 1834 a
612 1793 754 1836 Luna,
780 1792 868 1833 Ore
892 1791 1108 1846 Hispano.

154 1866 314 1922 Itaque
330 1865 401 1907 die
415 1866 601 1921 septimo
616 1865 760 1906 editur
775 1865 898 1918 copia
914 1862 1226 1918 praedictorum
1241 1860 1527 1901 Decretorum
1543 1875 1553 1908 3

95 1940 166 1982 die
187 1942 214 1982 5
234 1939 366 1981 datur
387 1940 510 1995 copia
532 1953 743 1980 canonum
767 1945 811 1978 et
833 1938 1051 1978 abusuum
1073 1935 1127 1975 de
1151 1934 1430 1975 sacramento
1458 1931 1554 1972 Ma-

97 2014 289 2055 trimonii
312 2020 507 2054 recenter
529 2012 871 2053 reformatorum.

154 2087 325 2128 Eadem
348 2086 417 2127 die
439 2088 465 2127 5
489 2086 762 2140 Septembris
782 2083 903 2131 1563,
923 2082 1185 2123 conveniunt
1201 2094 1349 2120 omnes
1365 2079 1558 2134 theologi

99 2159 301 2216 deputati
322 2174 421 2200 eum
444 2159 639 2214 Legatis,
669 2172 749 2213 pro
770 2155 948 2197 ferenda
969 2154 1181 2195 sententia
1202 2153 1246 2193 in
1268 2166 1396 2193 causa
1418 2150 1557 2191 Patri-

35 2246 46 2255 ·
99 2232 241 2273 archae
274 2232 628 2287 Aquilegiensis:
661 2230 925 2270 liberaturos
956 2226 1177 2282 putabant
1209 2228 1305 2279 eJus
1336 2223 1486 2263 literas
1516 2229 1559 2263 et

102 2305 372 2361 Apologiam
405 2304 461 2345 ab
478 2303 594 2344 omni
616 2302 774 2342 haeresi
798 2308 842 2342 et
873 2299 1131 2354 suspicione.
1196 2297 1248 2338 In
1271 2311 1321 2336 ea
1346 2296 1560 2336 sententia

101 2393 186 2420 non
209 2378 359 2434 agitur
378 2377 432 2418 de
453 2380 550 2432 eJus
570 2389 770 2431 persona,
792 2389 868 2415 nec
891 2373 943 2413 de
963 2379 1054 2413 toto
1076 2370 1268 2426 negotio,
1292 2368 1368 2409 sed
1387 2375 1559 2408 tantum

104 2450 158 2491 de
180 2450 266 2490 illis
285 2450 421 2491 literis
435 2463 483 2489 ac
507 2448 721 2503 apologia.
784 2445 908 2486 Nihil
929 2445 1012 2485 fuit
1033 2441 1188 2484 deinde
1207 2441 1469 2487 conclusum,
1486 2439 1562 2480 sed
1605 2470 1611 2476 .

103 2522 255 2564 datum
276 2523 503 2578 negotium
523 2521 663 2561 tribus
695 2519 913 2565 Praelatis,
936 2517 1013 2572 qui
1044 2515 1181 2555 verba
1211 2512 1435 2554 sententiae
1467 2526 1561 2552 con-

106 2596 311 2652 ciperent,
334 2609 431 2636 cum
453 2595 565 2634 inter
596 2607 668 2634 eos
688 2607 771 2632 non
793 2591 897 2631 satis
918 2588 1167 2629 conveniret
1189 2584 1338 2641 quoad
1368 2584 1561 2625 liberati-

107 2682 230 2709 onem
252 2683 277 2708 a
297 2667 530 2708 scandalo*

154 2771 160 2788 ¹
188 2771 276 2811 Ejus,
295 2771 365 2800 MS.

154 2829 167 2846 ²
191 2829 352 2859 Servantio
368 2829 423 2859 has
438 2828 488 2858 the
504 2827 679 2857 absolutio„
697 2827 732 2855 nt*
744 2826 793 2855 the
812 2823 974 2854 patriarch
993 2822 1093 2853 under
1107 2821 1157 2851 the
1173 2821 1243 2851 date
1257 2821 1292 2850 of
1303 2820 1482 2860 September
1501 2820 1550 2850 17.

1213 2879 1336 2922 ’292
