1905 3254
379 353 463 395 474
1001 371 1109 401 sssss.
1136 371 1212 401 vn.

379 483 531 522 sancta
575 477 746 532 Synodo
789 477 977 517 alienum
1020 478 1087 525 sit,
1133 477 1320 517 Caesaris
1363 476 1579 531 majestati
1622 481 1837 530 exponat;

381 550 607 605 pauloque
640 557 739 604 post
762 549 893 590 iidem
919 550 1192 605 Episcopum
1217 548 1589 589 Commendonum
1614 547 1667 588 ad
1691 547 1836 587 Caesa-

380 636 469 662 rem
502 622 645 676 ipsum
680 636 763 661 non
793 622 931 661 solnm
965 621 1090 661 officii
1125 636 1253 661 causa
1288 621 1483 668 mittunt,
1517 620 1592 660 sed
1625 620 1755 660 etiam
1790 626 1838 659 ut

380 708 459 748 per
482 709 598 741 eum,
631 708 718 748 quo
747 701 863 734 statu
884 709 951 734 res
973 694 1071 740 sint,
1095 694 1250 734 certior
1270 693 1358 741 fiat,
1383 692 1589 748 quodque
1613 692 1837 732 consilium

381 764 435 805 de
456 765 576 805 illius
598 766 832 820 postulatis
854 765 909 806 ad
947 765 1167 820 Synodum
1200 764 1447 812 referendis,
1485 763 1603 818 quod
1636 763 1691 804 ab
1722 763 1839 802 illius

388 837 650 878 Oratoribus
672 838 924 893 frequenter
946 837 1205 892 urgebatur,
1224 838 1316 892 jain
1339 836 1472 876 fuerit
1494 842 1761 890 susceptum.

441 909 618 950 Interea
639 910 955 956 Laneellottus,
981 909 1236 949 Advocatus
1265 924 1289 949 a
1319 909 1492 949 Comite
1525 909 1680 957 Lunae,
1703 907 1839 964 Regis

383 983 598 1024 Catholici
631 984 734 1032 Ore,
757 983 1018 1023 Tridentum
1052 997 1252 1023 reversus
1282 982 1439 1028 fuerat,
1462 981 1578 1021 illius
1601 981 1838 1021 adventum

384 1056 479 1097 ideo
499 1057 713 1097 laetiorem
737 1056 940 1102 referens,
965 1054 1084 1110 quod
1103 1053 1214 1094 nihil
1236 1053 1375 1095 adhuc
1398 1054 1502 1094 certi
1535 1053 1588 1093 de
1622 1055 1714 1108 ejus
1746 1053 1839 1094 loeo

382 1143 479 1168 eum
502 1128 598 1167 aliis
618 1127 865 1167 oratoribus
887 1133 999 1167 esset
1021 1125 1319 1166 constitutum.
1381 1124 1590 1166 Redierat
1624 1132 1667 1164 et
1699 1123 1839 1165 Vinti-

382 1199 609 1239 milliensis
626 1199 876 1253 Episcopus
890 1214 944 1239 ex
959 1199 1080 1246 urbe,
1103 1199 1326 1245 nuncians,
1346 1197 1672 1238 Sanctissimuin
1689 1196 1839 1236 Dnum

382 1273 526 1313 Nruin
568 1271 822 1312 forinandis¹
866 1271 997 1312 rebus
1040 1271 1190 1311 Curiae
1232 1271 1383 1311 sedulo
1419 1272 1696 1320 incumbere,
1739 1285 1838 1324 quae

383 1350 531 1385 autem
557 1343 612 1384 ad
635 1343 858 1398 Synoduin
883 1343 1105 1397 pertinent
1132 1343 1402 1397 Legatoruin
1435 1342 1680 1397 prudentiae
1711 1341 1838 1381 relin-

382 1430 528 1472 quere.
592 1416 849 1456 Advenerat
882 1422 926 1455 et
956 1415 1252 1470 Augustensis
1284 1414 1548 1469 Episcopus,
1583 1414 1636 1454 de
1662 1429 1748 1468 quo
1771 1429 1839 1453 su-

382 1489 531 1544 perius
563 1488 648 1528 fuit
682 1489 795 1528 facta
834 1487 1010 1535 mentio,
1054 1502 1222 1526 summo
1264 1486 1328 1526 vir
1363 1485 1528 1541 judicio
1571 1500 1618 1525 ac
1660 1485 1837 1531 virtute,

383 1561 521 1601 Ducis
553 1560 787 1600 Sabaudiae
818 1559 990 1607 Orator,
1029 1574 1117 1599 una
1153 1574 1250 1599 cuin
1288 1559 1567 1598 Gebennensi
1600 1558 1839 1612 Episcopo,

383 1634 490 1688 qui‚²
541 1648 637 1672 cuin
680 1632 861 1686 publica
899 1633 1032 1672 Pruin
1073 1630 1372 1686 Congregatio
1414 1631 1468 1671 de
1509 1646 1625 1670 more
1666 1630 1842 1670 decreta

382 1706 549 1752 fuisset,
573 1704 797 1758 Ducisque
821 1703 973 1743 literas
995 1718 1041 1743 ae
1063 1703 1270 1743 mandata
1297 1702 1571 1750 reddidisset,
1605 1702 1840 1742 orationem

384 1778 439 1818 ad
460 1794 543 1825 eos,
567 1792 667 1832 quae
691 1777 797 1818 alibi
819 1791 916 1816 cum
941 1776 1220 1831 responsione
1245 1775 1410 1830 Synodi
1431 1783 1566 1822 extat,
1591 1775 1764 1815 habuit.

715 1907 885 1953 Literae
914 1905 1075 1952 Ducis.

717 1988 1006 2034 Mandatum
1033 1988 1071 2051 ej
1081 1990 1261 2035 iisdem.

717 2069 884 2116 Oratio
911 2069 1128 2116 Oratoris
1156 2070 1317 2116 Ducis.

716 2150 976 2214 Responsio
1002 2151 1203 2214 Synodi.

443 2263 555 2303 Cum
580 2276 696 2310 verO,
720 2261 965 2302 Februario
985 2261 1201 2309 inchoato,
1225 2261 1334 2301 Dies
1357 2262 1567 2302 Sessionis
1584 2263 1841 2316 praefinitus,

383 2335 631 2376 immaturis
663 2333 804 2375 adhuc
831 2334 1032 2389 negotiis,
1065 2334 1262 2381 instaret,
1287 2333 1424 2388 coepit
1446 2348 1496 2373 ea
1518 2348 1584 2374 res
1606 2334 1840 2375 inultorum

385 2408 549 2448 animos
572 2406 850 2447 vehementer
872 2412 1089 2460 torquere,
1113 2404 1230 2459 quod
1251 2420 1348 2445 euin
1379 2405 1541 2460 saepius
1576 2412 1703 2445 antea
1734 2412 1840 2446 teni-

384 2495 470 2535 pus
491 2479 712 2534 prolatum
741 2478 905 2518 frustra
926 2478 1091 2525 fuisset,
1120 2481 1211 2531 jam
1238 2476 1438 2532 Synodus
1462 2478 1618 2532 populi
1641 2485 1840 2532 expecta-

383 2551 543 2590 tionem
569 2548 890 2604 quodaminodo
913 2548 1091 2589 eludere
1113 2547 1363 2587 videbatur.
1428 2549 1726 2603 Quapropter,
1748 2563 1841 2588 con-

386 2628 536 2662 vocato
577 2626 804 2667 conventu,
847 2635 944 2660 cuin
988 2620 1150 2675 Legati
1192 2618 1473 2659 vehementer
1517 2626 1582 2659 tot
1633 2620 1841 2674 repetitas

385 2693 715 2748 prorogationes
736 2691 1015 2739 detestantes,
1047 2692 1228 2732 Pati-uin
1248 2691 1292 2731 id
1314 2692 1652 2745 supervacaneis
1674 2691 1839 2746 discep-

387 2766 625 2806 tationibus
664 2771 794 2818 atque
828 2764 1070 2818 prolixitati
1106 2764 1213 2803 vitio
1253 2771 1423 2803 vertere
1457 2764 1538 2803 visi
1579 2770 1734 2811 essent,
1771 2778 1842 2804 eos

386 2838 672 2883 obsecrantes,
708 2842 758 2876 ut
791 2835 969 2890 posthac
1002 2836 1177 2876 veritati
1209 2842 1379 2876 tantum
1409 2849 1506 2890 quae
1530 2850 1644 2889 pura
1665 2841 1728 2874 est
1751 2840 1838 2874 stu-

644 2940 649 2956 ¹
678 2939 920 2970 Refer-mandis?
1384 2938 1396 2955 ²
1421 2938 1492 2975 Cui,
1511 2939 1580 2967 MS.

1900 884 1905 1486 —-—————‚.—..s-.......-.<.
1900 788 1905 875 ..-..-.-
1899 530 1905 782 ‹mma-„0m-2
1900 490 1905 514 .-
1899 454 1904 482 ⁶.»
1898 350 1904 442 omae—a„
1898 331 1903 344 ι-
1897 151 1905 323 v—-n-ma-a-
