1905 3254
684 286 796 316 snss.
822 286 898 316 vn.
1435 273 1515 312 411

66 392 267 435 arridere.
330 393 447 434 Nam
471 407 570 434 eum
605 393 673 434 vir
705 393 971 434 clarissimus
994 393 1049 434 D.
1073 394 1308 443 Lansacus,
1329 393 1445 435 idem
1476 408 1520 435 se

67 467 197 509 etiam
218 466 397 507 laudare
426 466 600 514 dixerit,
634 465 866 521 probabile
897 480 988 507 esse
1027 467 1144 522 quod
1167 467 1330 508 Orator
1350 467 1520 523 Regius

64 537 393 587 commendavit,
417 553 543 594 aeque
565 538 681 594 Regi
701 538 821 578 illius
843 554 891 579 ac
913 539 1100 580 Prelatis
1122 541 1216 596 ejus
1237 541 1364 596 regni
1386 541 1518 595 placi-

63 619 224 656 turum.
287 612 464 668 Cupere
485 627 530 653 se
560 626 661 652 vero
696 611 988 660 vehementer,
1024 618 1074 653 ut
1094 613 1270 654 illorum
1293 614 1517 655 consilium

62 686 145 742 ipsi
166 700 341 741 quoque
364 686 519 726 Patres
538 685 681 741 reipsa
701 685 903 740 probent,
927 684 1135 740 depositis
1156 686 1320 727 scilicet
1342 687 1518 727 alterea-

63 759 269 809 tionibus,
309 766 443 815 atque
480 759 647 800 omissis
684 758 835 799 alienis
867 759 1200 814 quaestionibus,
1226 774 1327 815 quae.
1364 760 1520 801 turbas

55 839 236 890 ‘tantum
260 840 304 874 et
326 833 621 874 contentiones
643 839 819 888 possent
840 833 1042 873 excitare.

117 904 204 946 His
226 906 369 946 verbis
390 905 614 946 Lansacus
641 905 837 945 nonnihil
860 912 1086 961 permotus
1109 905 1242 946 fuisse
1271 905 1413 946 dictus
1439 912 1516 954 est,

63 977 178 1035 quod
198 993 434 1019 sermonem
458 993 557 1019 eum
581 994 678 1019 cum
703 978 897 1034 Legatis,
923 978 1210 1026 familiariter,
1229 993 1312 1018 non
1335 985 1386 1019 ut
1408 979 1516 1019 Ora-

60 1058 127 1093 tor
138 1050 323 1108 Regius,
338 1051 561 1093 habuisset
579 1069 588 1101 ;
609 1052 773 1093 nullam
793 1060 937 1093 tamen
956 1052 1205 1108 perturbati
1220 1052 1352 1093 animi
1369 1052 1515 1108 palam

62 1125 417 1181 significationem
458 1124 590 1167 dedit.
673 1126 791 1166 Tum
835 1126 1104 1167 Secretarius
1145 1125 1368 1166 decretum
1413 1126 1516 1166 reei-

66 1198 189 1240 tavit.

117 1271 244 1320 Cum,
270 1278 359 1313 tam
391 1271 539 1313 divino
573 1287 704 1328 quam
738 1271 926 1313 humano
960 1272 1087 1322 Jure,
1109 1286 1255 1312 omnes
1289 1271 1516 1327 praepositi

61 1345 189 1387 alicui
210 1345 377 1386 muneri
393 1345 649 1401 obligentur
670 1345 851 1387 reddere
873 1346 1084 1387 rationem
1114 1345 1391 1386 villicationis
1412 1360 1515 1393 suae,

0 1421 1 1458 ἶ
60 1426 103 1462 et
122 1419 185 1460 illi
207 1419 347 1460 multo
368 1420 508 1475 magis
529 1426 759 1461 teneantur
782 1420 960 1468 astricti,
985 1419 1150 1475 quibus
1179 1426 1243 1461 est
1273 1420 1514 1461 animarum

60 1507 163 1534 cura
196 1492 430 1540 commissa,
465 1492 543 1547 qui
577 1492 698 1532 nulla
733 1492 1022 1533 aestimatione
1054 1499 1236 1547 possunt
1272 1492 1431 1533 damna
1462 1507 1514 1533 ex

60 1566 173 1607 mala
195 1566 570 1607 administratione
589 1567 744 1606 oborta
769 1566 989 1615 resarcire,
1012 1567 1165 1607 multis
1188 1566 1516 1607 constitutioni-

0 1641 2 1645 ’
59 1639 157 1687 bus,
180 1646 268 1680 tam
304 1639 532 1679 Sacrorum
558 1639 852 1679 Com-iliorum
876 1653 1008 1693 quam
1038 1639 1315 1678 Summorum
1340 1638 1516 1678 Pontifi-

0 1757 2 1761 ,
59 1727 170 1760 cum,
193 1711 376 1752 diversae
412 1726 557 1767 poena}
594 1712 635 1751 in
659 1726 729 1752 eos
751 1717 930 1751 statutae
964 1718 1077 1759 sunt,
1114 1711 1191 1766 qui
1227 1711 1294 1751 sui
1329 1710 1517 1750 muneris

59 1786 185 1827 obliti
203 1793 329 1826 extra
351 1801 452 1826 suas
474 1785 692 1833 DioceseS,
711 1800 758 1825 ac
775 1800 891 1840 saepe
907 1784 1028 1840 apud
1043 1784 1267 1839 Principes
1287 1783 1517 1824 saeculares

60 1864 190 1914 atque
218 1858 545 1898 Ecclesiasticos
568 1864 799 1913 vagantur,
833 1864 876 1898 et
898 1872 1045 1898 omnes
1067 1863 1247 1912 captant
1276 1856 1516 1897 occasiones

60 1947 160 1974 oves
172 1932 278 1988 ipsis
301 1932 544 1973 commissas
560 1931 809 1979 descrendi3
842 1931 1140 1986 quamobrem,
1163 1946 1261 1972 cum
1285 1930 1389 1970 olim
1407 1936 1514 1971 tem-

58 2018 160 2060 pore
181 2003 252 2045 fel.
276 2019 356 2045 rec.
391 2003 523 2044 Pauli
556 2003 645 2044 III.
669 2018 815 2045 omnes
837 2004 1036 2046 Canones
1069 2004 1276 2045 adversus
1306 2018 1390 2044 non
1411 2003 1514 2044 resi-

59 2075 221 2125 dentes,
239 2076 371 2118 etiam
393 2076 438 2125 ii,
457 2076 533 2131 qui
558 2083 803 2131 temporum
826 2078 986 2132 injuria
1006 2078 1049 2117 in
1071 2075 1401 2117 desuetudinem
1425 2075 1514 2116 abi-

59 2156 198 2199 erunt,
220 2149 398 2191 fuerunt
419 2149 633 2197 renovati,
658 2156 702 2190 et
724 2149 801 2190 hoc
825 2150 1014 2205 amplius
1036 2150 1169 2190 fuerit
1195 2148 1416 2190 decretum
1440 2148 1514 2189 ad-

59 2237 208 2265 versus
224 2238 308 2271 eos,
325 2223 399 2279 qui
417 2237 492 2264 sex
508 2223 731 2263 mensibus
747 2223 973 2272 continuis,
991 2238 1015 2263 a
1029 2220 1328 2267 Patriarchali,
1347 2221 1513 2262 Prima-

62 2295 168 2343 tiali‚
191 2296 550 2352 Metropolitana,
574 2311 652 2337 seu
679 2296 937 2337 Cathedrali
958 2295 1154 2336 Ecclesia
1186 2294 1269 2334 sibi
1290 2292 1516 2334 commissa

60 2369 293 2419 abfuerint,
315 2370 515 2426 legitimo
545 2369 872 2426 impedimento,
896 2384 973 2410 seu
997 2368 1143 2424 justis,
1163 2374 1206 2409 et
1228 2366 1515 2408 rationalibus

60 2444 196 2485 causis
217 2444 502 2495 cessantibus,
524 2443 642 2500 quod
665 2444 797 2486 etiam
820 2459 845 2485 a
867 2445 947 2485 Sm⁰
971 2443 1028 2484 D.
1053 2443 1112 2484 N.
1135 2443 1216 2484 Pio
1232 2442 1309 2483 IV.
1332 2442 1514 2498 disposi-

58 2523 152 2560 tum
174 2525 238 2560 est
260 2519 302 2559 in
322 2518 462 2560 literis
491 2519 582 2559 suis
614 2518 728 2560 datis
765 2518 906 2574 pridie
938 2518 1052 2558 Non.
1085 2516 1368 2572 Septembris,
1405 2531 1516 2558 anno

59 2591 213 2647 primo,
237 2592 396 2633 Sancta
427 2590 643 2647 SynoduS,
676 2590 912 2633 eorundem
950 2589 1148 2645 vestigiis
1180 2587 1407 2637 inhaerens,
1441 2588 1514 2630 de-

58 2663 203 2713 clarat,
236 2663 408 2705 easdem
444 2663 790 2706 Constitutiones
820 2663 983 2704 habere
1016 2662 1156 2702 locum
1191 2661 1322 2702 etiam
1358 2661 1403 2702 in
1426 2676 1510 2709 eos,

57 2737 147 2792 qui,
165 2752 261 2779 cum
283 2738 398 2779 intra
419 2736 557 2779 dictos
578 2738 756 2794 quidem
790 2752 864 2779 sex
896 2750 1063 2777 menses
1092 2734 1147 2775 ad
1176 2733 1395 2775 Ecclesias
1416 2749 1517 2776 suas

60 2811 268 2860 venerint,
300 2826 384 2852 non
416 2818 576 2861 tamen,
605 2818 655 2854 ut
677 2812 956 2857 tenebantur,
991 2809 1036 2850 in
1069 2805 1232 2849 eisdem
1266 2821 1515 2862 persevera-
