1905 3254
366 285 419 328 36
1013 302 1121 333 sEss.
1147 305 1172 333 1.

371 412 534 452 abusus
556 409 847 466 corrigendos.
883 409 1092 450 Ecclesiae
1116 425 1261 450 veram
1289 426 1336 452 ac
1359 410 1651 451 Christianam
1674 424 1825 465 pacem

372 484 677 525 conciliandam
701 491 814 540 apta,
830 490 872 525 et
887 483 1042 523 idonea
1062 484 1145 539 ipsi
1161 484 1330 524 Sanctae
1347 483 1521 540 Synodo
1534 483 1829 524 videbuntur?

431 557 540 599 Inde
584 559 737 599 Patres
777 557 924 598 ordine
966 572 1051 612 quo
1102 572 1235 613 supra
1287 557 1607 613 responderunt
1658 571 1828 598 omnes:

372 631 534 679 Placet,
577 631 781 686 exceptis,
824 631 899 686 qui
939 637 1195 686 sequuntur.
1268 630 1376 671 Rev.
1419 630 1633 671 Dominus
1673 631 1832 670 Petrus

374 704 595 745 Guerrero
617 703 986 759 Archiepiscopus
1009 703 1296 744 Granatensis
1328 702 1448 744 dedit
1479 702 1678 744 cedulam
1697 701 1831 758 hujus

371 776 541 825 tenoris,
565 776 791 817 videlicet:
825 778 957 817 verba
973 777 1049 817 illa
1070 777 1244 826 decreti,
1273 776 1617 833 proponentibus
1648 775 1830 830 Legatis

373 864 420 890 ac
455 848 806 905 praesidentibus,
843 849 949 889 mihi
984 864 1068 889 non
1109 850 1295 905 placent,
1332 857 1543 904 tanquam
1585 864 1709 896 nova,
1751 863 1830 889 nec

371 922 582 963 hactenus
617 922 661 962 in
685 922 890 963 Conciliis
923 923 1079 977 posita,
1103 930 1145 963 et
1180 937 1265 963 non
1301 922 1552 969 necessaria,
1586 937 1662 962 nec
1699 936 1830 977 expe-

372 996 533 1036 dientia
558 995 624 1036 his
646 996 834 1036 maxime
857 995 1153 1050 temporibus3
1186 995 1282 1036 ideo
1303 1003 1407 1052 peto
1430 996 1484 1036 ab
1504 995 1637 1050 hujus
1660 996 1830 1036 Sanctae

375 1068 537 1124 Synodi
565 1069 745 1117 notario,
782 1068 860 1109 hoe
891 1084 1036 1108 meum
1081 1068 1339 1123 suffragium
1383 1069 1545 1109 inserat
1586 1068 1702 1108 inter
1735 1075 1832 1109 acta

373 1141 500 1181 dictae
533 1142 703 1182 Sanctae
733 1141 897 1197 Synodi
928 1157 1015 1182 una
1044 1157 1141 1182 cum
1173 1141 1383 1197 praedicto
1414 1140 1616 1189 Decreto,
1636 1140 1830 1196 mihique

373 1214 672 1256 authenticum
689 1215 808 1256 illius
822 1215 1156 1256 instrumentum
1179 1215 1412 1264 exhibeat3
1455 1215 1503 1256 P.
1530 1215 1828 1255 Granatensis.

372 1286 426 1327 R.
446 1286 662 1327 Dominus
682 1288 711 1328 J
716 1302 874 1328 oannes
890 1287 1115 1327 Fraciscus
1132 1287 1306 1334 Blanco,
1326 1287 1574 1343 Episcopus
1588 1286 1829 1333 Auriensis,

372 1360 492 1401 dedit
513 1360 712 1401 cedulam
737 1361 896 1402 tenoris
918 1360 1248 1415 subsequentis;
1280 1375 1365 1400 non
1386 1360 1561 1415 placent
1582 1359 1659 1399 illa
1680 1359 1829 1407 verba,

371 1433 720 1488 proponentibus
758 1433 870 1474 Illmis
903 1439 947 1473 et
979 1433 1073 1474 RmiS
1106 1432 1209 1473 DD.
1242 1434 1439 1489 Legatis,
1477 1439 1570 1473 tum
1607 1431 1712 1487 quia
1745 1445 1830 1471 non

372 1505 512 1546 solent
534 1507 635 1560 poni
655 1507 698 1546 in
728 1506 980 1562 hujusmodi
1002 1506 1204 1553 decretis,¹
1222 1512 1315 1546 tum
1338 1505 1471 1546 etiam
1502 1504 1605 1559 quia
1626 1503 1830 1544 videntur

370 1592 520 1618 sonare
543 1578 762 1633 quandam
798 1579 1114 1626 limitationem,
1139 1593 1327 1635 quaeque
1350 1577 1527 1618 videtur
1557 1591 1649 1617 esse
1682 1582 1832 1617 contra

371 1652 583 1692 rationem
607 1652 791 1692 Concilii
823 1653 1050 1708 generalis,
1075 1660 1118 1693 et
1151 1659 1387 1708 propterea
1409 1650 1515 1705 quia
1543 1665 1630 1690 non
1663 1657 1764 1691 sunt
1786 1650 1830 1691 in

371 1723 503 1764 Bulla
533 1725 766 1765 vocationis
799 1723 932 1780 hujus
967 1724 1158 1772 Concilii,
1198 1724 1266 1764 cui
1297 1722 1558 1778 respondere
1593 1723 1726 1765 debet
1757 1724 1829 1765 de-

371 1804 535 1838 cretum
585 1798 820 1853 apertionis
865 1798 1075 1853 ejusdem.
1142 1798 1427 1853 Quapropter
1465 1796 1547 1837 nisi
1585 1796 1829 1846 deleantur,

371 1878 473 1926 peto
497 1886 521 1911 a
542 1871 630 1911 ΒΜ)
654 1872 907 1920 Secretario,
932 1879 982 1912 ut
1009 1871 1120 1912 hanc
1139 1886 1279 1912 meam
1303 1870 1562 1911 sententiam
1583 1871 1831 1913 subscribat

371 1943 510 1984 eidem
532 1943 731 1993 decret03
764 1952 921 1985 caetera
942 1944 1116 2000 placent
1136 1959 1144 1983 :
1177 1943 1228 1984 F.
1251 1943 1501 1998 Episcopus
1524 1943 1766 1984 Auriensis.

428 2016 483 2056 RS
503 2016 560 2057 D.
595 2017 794 2057 Andreas
828 2016 881 2058 de
918 2015 1083 2057 Cuesta
1114 2016 1363 2071 Episcopus
1396 2015 1683 2071 Legionensis
1717 2016 1831 2057 dixit

371 2089 461 2129 haee
483 2090 631 2138 verba,
655 2089 857 2131 videlicet
876 2090 1088 2146 :—placet
1122 2088 1357 2129 dummodo
1390 2088 1553 2145 Legati
1583 2097 1829 2145 proponant

372 2177 468 2218 quae
491 2163 583 2203 visa
604 2162 766 2203 fuerint
787 2162 965 2203 concilio
986 2161 1120 2218 digna
1140 2161 1340 2218 proponi.

427 2236 484 2277 R.
506 2235 564 2276 D.
587 2237 806 2277 Antonius
824 2235 1117 2283 Gurriniero,¹
1141 2235 1392 2290 Episcopus
1410 2235 1710 2285 Almeriensis,
1730 2252 1828 2292 pro-

371 2308 475 2349 tulit
507 2308 778 2349 eandemmet
809 2308 956 2355 verba,
994 2322 1094 2363 quae
1134 2306 1381 2362 protulerat
1413 2306 1523 2348 Rev.
1567 2307 1671 2348 D¹²¹¹⁵⁷
1695 2308 1828 2365 Epis-

372 2396 507 2437 copus
527 2382 824 2438 Legionensis.

430 2456 586 2497 Postea
607 2456 768 2497 lectum
791 2455 878 2496 fuit
900 2454 1149 2496 Secundum
1177 2454 1411 2496 Decretum
1433 2455 1477 2495 in
1498 2454 1590 2496 haec
1613 2456 1770 2497 verba:

428 2530 635 2571 Placetne
658 2530 780 2570 vobis
815 2529 1057 2584 proximam
1075 2527 1269 2568 futuram
1303 2528 1546 2569 Sessionem
1566 2528 1828 2578 habendam,

372 2610 414 2644 et
449 2602 752 2644 celebrandam
786 2617 877 2643 esse
899 2601 1007 2642 feria
1033 2602 1189 2656 quinta
1223 2608 1322 2657 post
1357 2602 1603 2643 Secundam
1628 2603 1828 2645 Domini-

373 2690 463 2716 cam
483 2675 858 2730 Quadragesimae,
881 2689 980 2729 quae
1003 2674 1085 2714 erit
1106 2673 1175 2714 die
1197 2673 1251 2713 26
1272 2675 1429 2716 mensis
1449 2674 1713 2717 Februarii?

430 2749 585 2790 Patres
599 2763 747 2789 omnes
761 2747 1078 2804 responderunt
1096 2763 1103 2787 ε
1138 2747 1302 2788 Placet.

980 2835 988 2853 ¹
1016 2835 1196 2866 Corrionero
1208 2835 1222 2864 ?
