1905 3254
677 315 785 345 sssss.
812 317 870 347 iv.
1428 305 1505 344 129

406 655 546 693 ACTA
575 656 813 699 QUARTAE
844 658 1126 696 SESSIONIS.

44 786 146 827 Con
200 786 290 827 dics
347 788 548 842 praesenti
604 789 860 844 praescripta
906 804 1117 845 perquam
1174 791 1318 831 brevis
1373 800 1497 839 essct,

41 860 253 916 incipiunt
283 860 459 916 Legati,
482 876 614 917 quain
636 862 828 903 maxima
849 862 1084 910 celeritate,
1118 879 1290 921 urgere,
1315 872 1364 906 ut
1398 882 1499 922 quae

43 933 213 974 interim
247 933 419 991 agenda
453 941 555 976 sunt
585 934 885 976 absolvantur.
951 936 1095 986 Quare
1118 945 1214 979 octo
1236 938 1302 979 illi
1330 939 1499 987 Patres,

41 1007 144 1048 olim
165 1006 317 1049 adsciti
338 1008 521 1049 decretis
543 1008 901 1050 reformationum
924 1009 1170 1057 condendis,
1196 1025 1248 1051 ea
1273 1013 1365 1067 jam
1388 1028 1499 1054 com-

41 1082 183 1137 posita
220 1082 273 1122 ad
306 1082 401 1122 illos
436 1082 651 1123 deferunt.
717 1083 767 1122 In
800 1082 1033 1139 hiS,caput
1055 1084 1187 1124 ctiam
1221 1085 1411 1140 primum
1446 1086 1499 1127 de

41 1153 274 1195 residentia
309 1156 639 1197 continebatur:
680 1170 794 1204 nani,
823 1157 1025 1211 quamvis
1041 1157 1208 1198 dudum
1232 1174 1282 1199 eo
1305 1174 1502 1215 superse-

43 1226 236 1268 dendum
259 1242 350 1269 esse
374 1228 574 1285 Synodus
608 1227 913 1284 respondisset,
944 1236 1097 1285 postca
1129 1237 1273 1272 tamen
1297 1247 1322 1272 a
1343 1231 1502 1288 legatis

39 1300 211 1342 fuerant
246 1301 468 1348 admoniti,
505 1308 553 1343 ut
577 1303 710 1357 juxta
728 1301 1030 1357 praescriptam
1054 1303 1110 1344 ab
1133 1304 1194 1344 cis
1216 1304 1258 1344 in
1283 1304 1502 1346 Schcdula

41 1375 313 1425 sententiam,
355 1376 400 1416 id
447 1390 626 1432 quoque
673 1391 770 1416 cum
818 1375 909 1416 aliis
943 1378 1273 1432 conjungerent,
1319 1378 1500 1419 fortasse

41 1450 346 1500 existimantes,
364 1450 409 1491 id
432 1464 606 1506 quoque
625 1450 703 1491 toti
728 1449 902 1505 Synodo
921 1450 1157 1506 probatum
1179 1451 1245 1492 iri.
1283 1451 1502 1494 Schedula

41 1530 132 1565 erat
153 1523 414 1580 hujusmodi.

99 1597 226 1647 Quod
248 1597 527 1638 conficiantur
558 1597 731 1639 decreta
764 1613 898 1654 super
932 1599 1084 1654 primo,
1122 1606 1166 1640 ct
1197 1600 1376 1655 reliquis
1403 1600 1501 1641 arti-

41 1669 147 1711 culis
176 1670 424 1726 propositis,
447 1677 490 1711 et
513 1670 736 1726 vulgetur,
761 1672 906 1712 confici
929 1671 1120 1712 Decreta
1141 1687 1277 1728 super
1298 1673 1503 1714 omnibus

42 1743 261 1793 articulis3
293 1743 492 1798 nullique
527 1749 673 1784 tamen
706 1743 961 1784 ostendatur
994 1744 1111 1799 quod
1142 1746 1397 1800 concipitur,
1422 1746 1502 1787 nisi

42 1816 145 1857 DD.
169 1817 362 1873 Legatis.

100 1889 152 1930 In
172 1891 311 1947 primo
338 1898 528 1947 ponatur
561 1898 659 1932 ante
689 1892 833 1932 omnia
868 1891 1144 1933 residentiam
1177 1893 1501 1950 Episcoporum

40 1963 85 2003 in
107 1963 196 2003 suis
218 1963 425 2004 Ecclesiis
462 1979 552 2005 esse
585 1964 638 2005 de
665 1969 765 2019 jure
788 1964 994 2013 humano,
1016 1971 1059 2006 et
1080 1964 1239 2013 divino,
1274 1973 1318 2007 et
1351 1967 1501 2009 Eccle-

40 2035 221 2082 siastico,
245 2042 289 2076 et
312 2036 609 2091 concipiantur
631 2037 766 2077 verba
798 2036 1065 2093 hujusmodi,
1097 2044 1145 2078 ut
1175 2053 1258 2079 non
1282 2039 1496 2089 videatur,

44 2123 236 2164 unquam
258 2108 509 2150 dubitatum
532 2110 585 2151 de
608 2109 687 2151 hac
710 2111 813 2151 rein
835 2110 1047 2152 Ecclesia.

98 2181 199 2223 Fiat
230 2183 393 2222 mentio
418 2181 608 2223 Canonis
637 2182 885 2224 Tridentini
910 2182 1092 2223 Concilii
1124 2184 1206 2224 sub
1228 2183 1370 2225 Paulo
1395 2185 1501 2233 ΙΙΙ.,

44 2253 86 2294 in
107 2269 194 2310 quo
217 2261 434 2310 ponantur
457 2255 661 2310 quaedam
684 2256 739 2297 ad
761 2256 1041 2297 residentiam
1066 2257 1383 2312 Episcoporum
1406 2274 1502 2314 per-

41 2327 245 2378 tinentia3
279 2335 322 2370 et
356 2334 518 2384 przeter
552 2328 864 2371 authoritatem
889 2329 1030 2370 Sacrae
1057 2329 1309 2385 Scripturae‚
1335 2347 1436 2387 quae
1458 2332 1502 2372 in

46 2399 218 2442 Canone
248 2401 322 2442 illo
356 2402 610 2451 continetur,
635 2402 852 2444 addantur
877 2403 975 2444 aliae
997 2418 1144 2444 omncs
1167 2403 1455 2446 authoritates
1478 2420 1503 2446 a

44 2473 251 2516 Patribus
272 2476 569 2531 pronunciatae
593 2476 635 2516 in
658 2477 749 2517 suis
772 2476 1008 2517 sententiis.

100 2547 244 2589 Detur
264 2549 498 2606 Episcopis
521 2550 690 2591 vacatio
722 2550 910 2591 duorum
943 2551 1154 2591 mensium
1189 2566 1214 2591 a
1241 2551 1330 2592 suis
1352 2551 1505 2594 Eccle-

44 2619 124 2668 siis,
148 2636 322 2664 suorum
346 2623 617 2679 privatorum
642 2623 917 2679 negotiorum
942 2625 1081 2672 causa,
1097 2623 1166 2664 vel
1182 2623 1381 2665 mutandi
1404 2625 1506 2666 coeli

47 2692 102 2733 ob
142 2695 330 2750 corporis
371 2695 729 2743 imbecillitatem,
768 2711 864 2736 cum
904 2695 1091 2736 residere
1134 2697 1188 2737 sit
1231 2704 1504 2752 praeceptum

48 2767 369 2820 affirmativum,
395 2771 514 2828 quod
537 2787 620 2813 non
645 2772 817 2828 obligat
851 2771 905 2812 ad
928 2787 1113 2828 semper,
1144 2773 1220 2814 scd
1247 2789 1327 2830 pro
1349 2775 1441 2816 loco
1462 2783 1505 2817 ct

49 2846 256 2898 tempore.

1248 2936 1274 2962 Κ
