1905 3254
672 287 779 317 sEss.
806 287 899 318 ΠΗ.
1430 275 1514 315 623

55 393 268 436 mandatis
289 393 342 434 de
364 392 631 449 providendo
648 394 691 433 in
709 394 847 434 forma
868 399 1146 449 pauperum,¹
1164 409 1215 435 ea
1231 394 1515 436 vehementer

54 467 332 523 improbavit,
355 467 591 523 potiusque
614 467 820 514 vocanda,
844 467 967 516 dixit,
992 468 1035 508 in
1067 468 1212 523 figura
1237 482 1513 523 pauperum3

55 555 132 581 nec
173 541 429 596 paupertati
470 540 755 581 tribuendum
787 540 880 588 hoc,
915 547 964 581 ut
997 541 1207 581 beneficia
1238 541 1515 581 conferantur

53 614 349 670 pauperibus3
380 629 481 656 nam
512 614 722 655 beneficia
744 613 1064 661 Ecclesiastica,
1088 629 1186 654 eum
1209 614 1409 654 instituta
1429 615 1514 654 sint

55 687 109 729 ad
141 688 308 729 cultum
340 687 441 735 Dei,
467 686 522 728 ad
551 687 844 728 ministerium
872 686 1244 732 Ecclesiasticum‚
1271 686 1325 727 ad
1347 687 1512 742 Religi-

53 777 176 803 onem
217 761 569 807 conservandam,
610 762 653 802 in
693 761 762 802 his
797 759 1113 802 distribuendis
1145 775 1231 800 non
1266 759 1512 800 habendam

54 850 145 877 esse
170 836 395 883 rationem,
419 849 497 875 nec
527 849 790 890 pauperum,
813 849 890 875 nec
918 833 1120 881 divitum,
1145 832 1219 874 sed
1253 847 1401 873 eorum
1436 833 1514 889 qui

56 909 186 950 utiles
221 910 386 965 possint
418 924 509 949 esse
542 907 843 964 gubernandae
878 906 1109 948 Ecclesiae:
1153 906 1426 962 pauperibus
1459 906 1513 946 de

54 983 178 1024 bonis
201 983 343 1029 Eeccis,
368 989 411 1023 et
445 982 737 1037 eleemosynis,
762 995 846 1021 non
878 987 1025 1021 autem
1055 995 1108 1021 ex
1130 979 1363 1021 collatione
1392 979 1513 1020 tituli

54 1056 275 1105 Beneficii,
293 1056 619 1097 consulendum.
684 1054 823 1100 Dixit,
841 1069 885 1094 se
907 1053 986 1095 hoc
1004 1054 1093 1094 fere
1115 1061 1376 1109 argumento
1399 1069 1512 1109 saepe

55 1144 152 1171 cum
177 1130 267 1170 Sm⁰
285 1130 495 1176 locutum,
520 1128 848 1183 hortatumque,
866 1133 915 1167 ut
936 1127 1013 1167 uni
1034 1126 1135 1167 huic
1154 1127 1511 1182 reiprospiceret,

53 1217 108 1244 ex
142 1217 231 1258 qua
264 1202 433 1244 caeteris
461 1201 565 1242 satis
595 1200 837 1241 consultum
880 1199 965 1239 dici
1006 1206 1166 1254 posset,
1210 1198 1422 1247 videlicet,
1466 1206 1514 1239 ut

52 1282 253 1317 servetur
266 1275 377 1316 ratio
392 1274 687 1315 distributiva*
706 1272 734 1313 J
742 1272 908 1313 ustitiae
930 1272 973 1311 in
990 1271 1259 1312 conferendis
1277 1272 1513 1319 Beneficiis,

53 1354 98 1389 et
118 1347 406 1404 provideatur
428 1346 653 1394 Ecclesiis,
682 1359 763 1385 non
788 1344 995 1399 personis,
1034 1342 1375 1398 attendaturque
1407 1357 1513 1383 sem-

0 1440 1 1444 *
53 1436 145 1478 per,
169 1421 287 1478 quod
315 1421 527 1462 Ecclesia:
558 1420 678 1460 illius
700 1418 870 1459 utilitas
892 1423 1051 1472 poscat,
1075 1432 1157 1458 non
1179 1432 1375 1473 personae
1410 1431 1513 1472 qua-

0 1483 1 1536 ]
52 1495 164 1543 litas,
188 1510 266 1537 nec
287 1496 497 1550 acceptio,
516 1493 630 1535 unde
653 1493 819 1534 abusus
842 1506 989 1532 omnes
1010 1491 1223 1532 oriuntur.

473 1627 564 1674 Die
587 1630 615 1672 4
647 1625 935 1672 Novembris
969 1626 1106 1670 1563.

111 1753 228 1794 Vota
250 1767 383 1808 super
405 1752 459 1791 20
484 1765 575 1806 cap.
602 1748 916 1791 reformationis
938 1747 1174 1802 propositis
1201 1743 1398 1785 secundo.

113 1826 199 1868 Dic
243 1828 268 1868 5
303 1840 506 1867 reversus
542 1830 606 1865 est
643 1838 696 1864 ex
737 1822 861 1863 Urbe
899 1819 1147 1861 Cardinalis
1186 1816 1514 1872 Lotharingius,

56 1900 163 1941 mire
205 1899 450 1955 praedicans
486 1897 540 1938 de
581 1895 826 1942 sanctitate,
867 1893 1095 1948 religione,
1132 1906 1178 1931 ac
1222 1890 1384 1945 pietate
1426 1903 1515 1928 suae

55 1973 273 2020 Beatitnis,
297 1979 340 2014 et
360 1973 403 2013 in
426 1972 580 2027 primis
605 1969 658 2010 de
687 1982 846 2022 magno
869 1966 988 2006 illius
1017 1964 1167 2005 ardore
1189 1977 1293 2018 erga
1315 1962 1428 2002 ΕοσἽΕ
1450 1975 1515 2001 re-

54 2046 372 2093 formationem,
396 2043 697 2097 tollendosque
719 2040 900 2088 abusus,
921 2038 984 2079 ita
1006 2045 1056 2078 ut
1081 2042 1255 2101 asserat,
1281 2049 1332 2075 ea
1353 2049 1451 2088 quae
1474 2033 1516 2072 in

57 2119 231 2176 Synodo
253 2118 579 2159 constituuntur
601 2114 666 2154 illi
687 2113 861 2154 mitiora
882 2118 926 2152 et
954 2110 1177 2152 levissima
1201 2107 1343 2149 adhuc
1368 2106 1517 2149 videri,

57 2208 191 2249 quam
215 2191 428 2248 temporis
448 2189 581 2245 hujus
602 2188 713 2228 ratio
735 2186 861 2226 ferat.

112 2266 200 2307 Die
223 2265 249 2308 7
283 2264 549 2306 Novembris
581 2261 702 2302 1563.
767 2257 1014 2300 Cardinalis
1045 2255 1361 2311 Lotharingius
1396 2260 1518 2294 ante-

54 2355 187 2396 quam
208 2340 252 2380 in
274 2337 626 2393 Congregatione
649 2333 910 2375 sententiam
934 2345 1057 2371 suam
1081 2328 1135 2369 de
1159 2327 1352 2368 articulis
1386 2325 1516 2366 refer«

39 2413 255 2464 ‚mationis
294 2411 521 2469 proferret,
571 2409 628 2449 sic
672 2407 884 2463 praefatus
927 2402 1164 2444 est—Fuit
1205 2399 1310 2441 mihi
1348 2412 1521 2453 semper

53 2500 280 2530 commune
301 2499 398 2526 cum
419 2483 568 2539 probis
588 2481 805 2527 omnibus,
820 2484 920 2534 post
939 2481 1129 2516 coactam
1146 2473 1256 2514 hanc
1279 2471 1516 2528 Synodum,

55 2567 107 2602 ut
127 2566 325 2616 optarem
347 2556 535 2598 maxime
556 2567 767 2595 summam
790 2552 834 2591 in
856 2551 1015 2590 Beatmo
1038 2547 1095 2587 D.
1120 2547 1227 2593 Nro,
1252 2552 1296 2585 et
1320 2544 1518 2584 volunta-

55 2639 157 2680 tem,
180 2638 225 2672 et
255 2629 543 2675 sanctitatem,
567 2633 610 2667 et
630 2626 673 2666 in
695 2623 877 2679 Legatis
899 2620 1224 2664 authoritatem,
1248 2623 1292 2657 et
1314 2616 1356 2656 in
1379 2614 1518 2655 Patri-

58 2705 157 2754 bu8‚
179 2719 277 2747 cum
299 2702 506 2749 doctrina,
529 2699 738 2756 pietatem
761 2703 805 2738 et
825 2693 1104 2736 concordiam.
1178 2691 1270 2736 At)
1289 2688 1415 2728 sicuti
1429 2686 1521 2742 qui³

147 2824 154 2842 ¹
181 2824 237 2854 See
255 2823 347 2853 Decr.
364 2822 443 2852 Sess.
459 2832 487 2850 c.
510 2820 558 2850 19.
798 2815 809 2832 ²
835 2817 892 2848 Ac,
911 2813 979 2844 MS.
1222 2810 1234 2825 ³
1259 2807 1348 2843 Quae,
1367 2807 1436 2836 MS.
