1905 3254
670 292 778 322 sEss.
802 292 878 321 vn.
1420 274 1503 315 359

44 402 175 450 atque
197 409 222 434 a
241 393 473 451 Catholicis
505 395 771 443 damnatam,
803 401 854 435 ut
886 409 939 435 ex
974 394 1128 434 Sancto
1160 392 1415 448 Augustino
1447 392 1501 433 de

44 468 195 509 haeres.
212 481 301 521 cap.
362 474 407 508 et
418 467 642 522 Epiphan.
667 483 759 523 cap.
821 473 987 507 constat
1001 483 1012 517 3
1044 480 1145 521 quae
1168 464 1323 506 deinde
1345 464 1502 506 aMar-

46 541 141 581 silio
157 540 372 581 Patavino
388 539 590 582 ducentis
610 542 780 582 circiter
802 539 957 581 abhinc
980 539 1104 579 annis
1118 545 1344 585 renovata,
1360 538 1504 578 novis-

46 614 238 668 simeque
256 627 282 653 a
299 612 510 661 Luthero,
536 614 719 669 ejusque
736 612 1027 654 sectatoribus
1048 611 1134 652 fuit
1152 612 1366 666 repetita3
1398 624 1504 665 quo-

47 701 144 727 rum
176 687 308 727 etiam
344 694 607 743 argumenta
642 686 856 728 nonnulla
891 686 1043 727 audita
1076 685 1263 732 fuerant,
1302 684 1420 739 quod
1456 698 1507 724 eo

47 758 186 814 magis
216 759 371 800 Patres
400 760 617 807 movebat,
642 766 691 801 ut
722 761 766 800 in
799 775 845 800 re
878 765 1004 800 tanta
1035 758 1180 799 omnia
1209 757 1507 811 circumspice-

47 838 212 873 rentur.
275 831 346 872 De
368 831 635 874 authoritate
660 834 713 873 Sti
746 832 1009 888 Hieronymi
1030 832 1073 871 in
1097 847 1130 872 c.
1154 830 1256 872 olim
1280 837 1323 871 et
1344 846 1377 871 e.
1399 830 1508 885 legi-

47 919 161 953 mUS,
184 906 305 946 varie
338 906 493 946 Patres
525 921 622 947 cum
657 906 836 962 loquuti
867 911 1022 953 essent,
1043 919 1128 945 non
1160 904 1411 949 defuerunt,
1434 903 1511 958 qui

50 983 143 1038 ejus
176 982 435 1022 sententiam
470 996 555 1022 non
589 988 811 1036 receptam
835 996 927 1022 esse
958 979 1302 1035 responderent:
1336 977 1390 1018 de
1425 991 1511 1031 qua

52 1053 207 1094 Alber.
243 1053 432 1109 Pighius
466 1053 543 1094 lib.
581 1055 622 1096 2.
655 1068 747 1108 cap.
790 1053 864 1103 lO;
908 1052 1123 1107 Alphons.
1158 1051 1211 1091 de
1246 1050 1404 1090 Castro
1435 1049 1510 1088 lib.

50 1126 104 1167 de
121 1126 272 1168 haeres.
292 1127 335 1167 in
351 1143 391 1168 v.
409 1127 678 1182 Episcopus3
712 1126 969 1167 Dominicus
990 1126 1091 1166 Soto
1113 1124 1166 1165 de
1189 1123 1307 1164 Just.
1326 1130 1370 1163 et
1388 1122 1511 1169 Jure,

50 1198 130 1241 lib.
158 1198 222 1240 lO.

110 1270 180 1311 De
224 1271 286 1311 S²0
323 1270 495 1311 Thema
536 1271 668 1311 variae
707 1270 890 1311 fuerunt
931 1269 1170 1317 sententiae,
1210 1267 1329 1323 quod
1360 1268 1403 1307 in
1436 1265 1516 1306 hac

54 1344 296 1399 quaestionc
317 1342 371 1383 de
389 1343 691 1398 jurisdictione
714 1343 917 1393 senserit3
951 1350 995 1383 et
1018 1349 1206 1397 utraque
1228 1356 1328 1396 pars
1350 1354 1451 1381 eum
1475 1341 1516 1379 in

51 1429 141 1457 rem
163 1429 288 1455 suam
311 1414 466 1455 afferre
489 1415 707 1456 interdum
729 1416 980 1456 conabatur.

112 1486 183 1528 De
214 1487 563 1536 Turrecremata,
597 1490 719 1544 eujus
755 1488 996 1529 authoritas
1028 1486 1188 1542 saepius
1220 1485 1391 1541 prolata
1423 1483 1518 1527 fuit,

55 1559 233 1600 memini
251 1559 484 1615 quendam,
508 1564 633 1615 cujus
650 1561 814 1601 nomini
833 1567 877 1602 et
899 1560 1116 1601 memoriae
1139 1573 1283 1614 parco,
1301 1573 1397 1598 eum
1422 1562 1519 1611 eJus

53 1633 301 1687 opinionem
334 1648 358 1672 a
392 1632 631 1688 Theologis
666 1633 889 1688 explosam
925 1648 1017 1674 esse
1053 1633 1230 1679 diceret,
1254 1646 1354 1672 eum
1390 1629 1519 1670 simul

55 1704 499 1746 Turremcrematam¹
524 1705 736 1746 invidiose
758 1705 1016 1760 appellasse.

117 1777 234 1818 Cum
256 1778 397 1834 igitur
416 1777 508 1818 haee
529 1784 572 1818 et
595 1777 682 1818 alia
702 1777 843 1818 multa
863 1777 1035 1832 magnis
1055 1776 1270 1831 implicita
1291 1773 1519 1815 difficulta-

58 1851 178 1892 tibus
200 1865 225 1891 a
246 1851 457 1891 Patribus
480 1851 665 1891 fuissent
687 1849 851 1897 audita,
875 1849 1071 1890 solicitus
1094 1863 1144 1889 eo
1166 1848 1307 1902 magis
1328 1846 1520 1901 Legato-

57 1938 156 1964 rum
193 1923 364 1964 animus
394 1923 670 1969 reddebatur,
707 1922 825 1977 quod
865 1922 973 1962 nihil
1010 1928 1099 1962 tam
1140 1919 1284 1974 longis
1325 1918 1520 1972 disputa-

62 1996 255 2037 tionibus
283 1995 443 2036 nedum
476 1996 736 2050 perfectum,
774 1994 850 2036 sed
884 1993 1126 2049 majoribus
1157 1991 1303 2032 omnia
1333 1989 1522 2030 dissidiis

64 2074 194 2110 aucta
207 2070 544 2125 conspiciebant.
581 2070 795 2110 Statuunt
812 2068 950 2123 igitur
963 2081 1059 2107 eum
1075 2063 1359 2119 Lotharingio
1376 2077 1521 2117 agere,

62 2147 112 2182 ut
133 2141 336 2182 tollendis
357 2147 422 2182 tot
443 2133 743 2183 controversiis
777 2154 953 2196 operam
976 2153 1098 2179 suam
1122 2137 1380 2191 interponat,
1405 2134 1523 2189 quod

68 2214 243 2271 quidem
279 2229 431 2256 eorum
469 2215 712 2261 eonsilium,
737 2229 867 2269 quem
899 2212 1075 2253 tandem
1108 2210 1273 2250 exitum
1305 2222 1401 2248 cum
1432 2213 1524 2247 tota

63 2287 144 2329 hac
191 2287 488 2345 disputatione
530 2287 664 2329 fuerit
712 2286 937 2342 adeptum,
979 2282 1223 2325 existimavi
1277 2280 1524 2322 continuata

65 2360 261 2402 lectionis
292 2361 403 2401 serie
445 2360 773 2408 recensendum,
816 2366 866 2399 ut
907 2365 995 2399 tam
1037 2355 1186 2396 ardum
1223 2353 1287 2393 rei
1321 2351 1524 2392 tractatio

64 2435 303 2476 multorum
324 2434 478 2476 dehine
513 2435 725 2476 mensium
759 2433 898 2489 spatio
931 2445 1070 2485 usque
1103 2429 1148 2469 in
1179 2427 1293 2468 diem
1316 2426 1526 2467 Sessionis

63 2508 234 2549 assiduo
264 2509 433 2563 agitata
464 2508 640 2563 planius
672 2506 872 2548 omnibus
902 2505 1164 2550 innotescat3
1207 2513 1306 2539 mox
1339 2497 1394 2538 ad
1425 2497 1524 2544 alia,

67 2596 166 2637 quae
186 2581 265 2623 hoc
287 2588 485 2636 tempore
511 2580 838 2636 [subsequuta]²
858 2579 1036 2618 fuorunt
1056 2586 1322 2616 reversurus.

124 2654 435 2709 Lotharingius
457 2654 609 2710 itaque
642 2654 913 2709 Legatorum
946 2648 991 2688 id
1012 2647 1068 2688 ab
1089 2661 1140 2686 eo
1173 2642 1524 2685 contendentium

70 2725 214 2768 studio
245 2726 411 2774 cedens,
446 2742 542 2767 cum
576 2726 733 2767 harum
766 2720 1131 2777 disceptationum
1166 2718 1330 2756 fontem
1363 2714 1418 2754 ab
1454 2713 1528 2753 illo

245 2813 253 2830 ¹
277 2813 318 2844 So
335 2814 367 2844 in
385 2813 545 2851 Raynuld.
950 2804 962 2820 ’ὅ
986 2804 1140 2846 Supplied
1155 2804 1234 2835 from
1253 2803 1356 2841 Rayn.
