1905 3254
375 246 430 287 68
1011 262 1121 293 sisss.
1146 263 1190 292 11.

375 369 675 409 Pentecostem
709 375 822 409 recte
865 368 1050 409 describi
1093 383 1217 423 posse
1258 367 1374 408 dicit.
1440 365 1513 407 Ad
1547 365 1637 406 haec
1680 365 1832 406 Patres

373 442 570 482 nonnulli
591 443 653 482 ita
675 441 1007 498 responderunt.

432 515 719 556 Granatensis
750 515 937 571 probare
972 530 1016 555 sc
1050 513 1160 555 dixit
1194 513 1321 561 diem,
1347 512 1449 553 dum
1476 520 1620 554 tamen
1657 512 1828 553 interim

373 587 543 643 aliquid
565 587 747 643 dignum
771 594 1078 643 pertractetur.

429 661 842 717 Justinopolitanus,
879 660 987 708 volo,
1020 660 1174 715 inquit,
1213 659 1349 700 libere
1383 659 1519 714 loqui,
1545 666 1587 700 et
1621 660 1828 700 sustinete

371 748 453 780 me,
488 749 647 789 quaeso,
678 735 843 775 Patres.
909 733 1242 774 Cunctationem
1276 731 1385 772 hanc
1422 746 1507 772 non
1544 732 1648 772 satis
1686 739 1827 773 tutam

371 820 463 846 esse
498 821 659 847 censeo.
725 806 839 847 Cum
879 805 954 846 diu
987 805 1180 846 haeretici
1216 805 1435 860 expectati
1477 805 1645 845 nullam
1688 804 1829 845 adhuc

371 880 584 921 adventus
617 881 685 920 sui
714 881 816 921 dent
849 880 1219 936 significationem,
1253 894 1329 919 nos
1365 894 1539 934 quoque
1572 879 1742 919 interim
1773 880 1828 920 ab

371 953 467 994 aliis
491 961 799 1008 expectamur,
835 954 1064 995 dilationes
1088 952 1165 993 has
1187 953 1332 1007 potius
1350 951 1662 1007 praecidendaS,
1678 958 1720 992 et
1743 967 1827 992 ine-

369 1026 486 1067 diam
511 1026 641 1067 aliam
667 1028 782 1067 viam
808 1027 1054 1068 ineundam.

429 1097 917 1140 Conimbricensis-—nil
934 1100 1075 1155 magis
1090 1098 1298 1146 Concilio,
1315 1112 1446 1153 quam
1460 1111 1624 1137 moram
1640 1112 1807 1138 nocere.

429 1173 599 1212 Sanctae
615 1173 654 1212 A
661 1173 1171 1229 gathae—haereticorum
1189 1172 1389 1212 morbum
1406 1186 1491 1211 non
1509 1172 1717 1227 temporis
1731 1186 1827 1226 spa-

370 1246 445 1293 tio,
469 1244 544 1285 sed
566 1248 772 1300 praesenti
796 1246 986 1287 remedio
1003 1245 1243 1287 curandum
1262 1262 1269 1284 ε
1303 1261 1375 1286 cos
1394 1261 1418 1286 a
1444 1246 1569 1286 nobis
1592 1247 1827 1302 expectari,

370 1319 447 1375 qui
484 1318 595 1358 forte
628 1335 713 1361 non
749 1321 949 1369 venient3
989 1319 1108 1375 quod
1137 1320 1185 1372 *si
1220 1319 1409 1367 venient,
1439 1326 1541 1361 tunc
1574 1320 1723 1361 hostili
1757 1335 1829 1361 eos

370 1397 513 1437 animo
551 1410 805 1444 accessuros,
840 1395 986 1450 potius
1020 1395 1139 1449 leges
1175 1394 1298 1434 nobis
1332 1393 1525 1442 daturos,
1562 1409 1693 1449 quam
1728 1394 1825 1435 hinc

369 1478 635 1526 accepturos.

425 1542 887 1598 Brugnatensis——non
923 1541 1050 1582 licere
1087 1542 1173 1582 sibi
1208 1542 1441 1597 quicquam
1480 1541 1709 1588 affirmare,
1746 1540 1828 1580 nisi

365 1615 584 1656 tarditatis
623 1615 758 1670 hujus
803 1621 935 1669 atque
978 1614 1054 1654 otii
1093 1629 1265 1655 causam
1298 1614 1561 1670 intelligant.
1624 1612 1698 1653 Ad
1733 1612 1826 1653 haec

368 1687 639 1744 Seripandus
661 1694 704 1728 et
729 1687 1114 1727 Simonetta———non
1138 1687 1314 1727 interim
1338 1693 1483 1727 tamen
1500 1686 1652 1728 Patres
1668 1686 1711 1726 in
1736 1686 1826 1727 otio

365 1762 549 1808 futuros,
574 1760 649 1801 sed
672 1759 935 1800 necessarias
958 1760 1164 1800 materias
1188 1759 1447 1801 tractandas.

426 1833 1045 1876 Comaculensis—concilium
1068 1832 1147 1873 hoc
1165 1840 1371 1888 tanquam
1395 1834 1591 1875 tribunal
1612 1849 1717 1881 esse,
1732 1834 1824 1881 ubi,

366 1925 464 1950 cum
487 1909 550 1950 rei
571 1924 655 1949 non
680 1907 832 1954 adsint,
857 1907 1009 1948 decere
1032 1923 1103 1948 eos
1127 1922 1254 1962 aequo
1277 1915 1474 1962 tempore
1496 1908 1753 1963 praestolari.

424 1981 797 2023 Leiriensis——hoc
830 1981 1054 2022 concilium
1083 1981 1213 2022 tertio
1231 1985 1323 2036 Jam
1347 1980 1557 2021 indictum
1580 1988 1623 2022 et
1647 1996 1824 2037 suspen-

367 2072 462 2098 sum
482 2057 613 2097 fuisse
635 2072 642 2095 :
675 2070 800 2101 nunc,
820 2062 1052 2110 postquam
1069 2054 1175 2095 adeo
1189 2053 1397 2109 frequens
1411 2061 1607 2095 coactum
1624 2062 1700 2103 est,
1718 2054 1826 2096 nihil

366 2145 458 2171 esse
499 2129 707 2184 temporis
750 2127 1073 2174 conterendum,
1116 2142 1212 2168 Cum
1256 2127 1424 2182 possint
1466 2127 1588 2169 varia
1630 2129 1824 2184 quotidie

366 2203 468 2243 oriri
489 2201 827 2257 impedimenta3
861 2215 945 2241 non
969 2215 1094 2256 posse
1116 2199 1216 2240 huic
1245 2215 1288 2240 se
1312 2200 1514 2241 dilationi
1535 2201 1822 2256 acquiescere,

367 2291 463 2317 cum
507 2290 680 2315 causam
723 2274 892 2314 nullam
929 2273 1053 2314 illius
1089 2273 1262 2314 sentiat.
1326 2273 1451 2314 Tunc
1493 2273 1823 2315 Mantuanus—-

365 2363 494 2389 causa
516 2353 592 2396 est,
618 2354 832 2402 quantum
854 2345 922 2386 hic
943 2361 1026 2386 non
1062 2345 1220 2386 adsunt
1253 2345 1562 2388 Protestantes.
1626 2347 1700 2388 Ad
1731 2346 1824 2388 haec
1883 2379 1888 2412 ζ

364 2423 583 2463 ille—non
605 2435 719 2461 nova
733 2436 783 2461 ea
800 2426 865 2461 est
887 2434 1017 2460 causa
1034 2436 1042 2459 :
1076 2419 1200 2460 facile
1215 2426 1358 2461 tamen
1375 2419 1572 2468 concedo,
1587 2419 1824 2463 dummodo
1883 2415 1888 2426 ⁸

363 2496 535 2537 interim
559 2494 679 2550 quod
702 2493 880 2549 expedit
900 2499 1121 2534 tractetur.

424 2568 912 2624 Quinqueecclesiensis,
938 2568 1054 2623 Ego,
1078 2569 1237 2624 inquit,
1262 2584 1347 2610 non
1383 2576 1433 2610 ut
1467 2569 1639 2617 Orator,
1664 2569 1740 2611 sed
1771 2576 1822 2610 ut
1882 2589 1886 2601 w

363 2644 611 2699 Episcopus
630 2641 1118 2696 Quinqueecclesiensis,
1132 2643 1263 2683 miror
1285 2643 1388 2683 satis
1412 2643 1582 2699 aliquos
1595 2643 1748 2684 Patres
1765 2643 1820 2684 ab
1880 2664 1886 2694 ς

363 2716 441 2756 hac
465 2715 679 2756 sententia
694 2714 913 2755 dissidere.
976 2714 1201 2769 Equidem
1225 2715 1261 2755 si
1283 2715 1347 2754 illi
1368 2715 1411 2754 in
1438 2715 1674 2757 Germania
1691 2717 1819 2772 Epis-

365 2795 547 2842 copatus
570 2787 794 2835 haberent,
819 2787 1080 2842 scirentque,
1108 2795 1212 2842 quot
1232 2787 1313 2827 silai
1331 2787 1528 2842 pericula
1546 2789 1630 2828 sint
1651 2795 1817 2844 parata,
