1905 3254
358 265 412 304 32
1011 277 1122 308 sess.
1149 277 1174 306 1.

357 385 437 426 hoc
458 386 502 425 in
524 384 746 425 mentibus
767 383 857 424 suis
889 382 1120 430 defixuros,
1144 387 1275 437 atque
1298 381 1360 421 ita
1382 394 1406 420 a
1427 379 1552 419 nobis
1572 378 1652 419 hoc
1673 377 1810 418 solum

359 458 593 498 verborum
615 456 817 497 terriculo
840 457 1015 511 fugatos
1042 455 1107 496 iri.
1171 455 1258 495 His
1280 453 1538 494 Thelesinus
1567 453 1813 507 legatorum

358 530 533 570 nomine
554 529 797 584 replicavit,
821 529 956 569 verba
986 528 1059 568 illa
1099 528 1239 568 obiter
1260 527 1324 566 ibi
1346 532 1440 566 acta
1462 525 1594 565 fuisse
1617 531 1661 564 et
1682 537 1814 564 enun-

362 602 486 649 ciata,
503 616 589 642 non
611 608 661 642 ut
683 615 901 656 quemque
924 616 973 641 eo
991 604 1090 655 jure
1113 599 1301 655 spolient
1320 598 1365 637 in
1386 596 1567 637 dicenda
1588 595 1814 642 sententia,

364 674 482 730 quod
514 674 599 715 sibi
625 678 699 729 jus
733 675 934 728 ratioque
957 673 1187 728 permittit.
1250 670 1436 718 Deinde,
1458 670 1606 724 inique
1628 684 1699 710 eos
1721 683 1815 709 con-

364 749 502 804 queri,
536 763 634 788 cum
676 754 776 788 ante
815 762 945 801 quam
987 745 1209 786 decretum
1251 744 1396 784 fuerat
1433 757 1574 783 coram
1612 742 1817 782 Patribus

362 823 620 879 perlectum,
635 821 848 876 privatim
865 820 1131 860 Granatensi
1153 819 1249 874 ipsi,
1265 825 1307 858 et
1328 817 1550 857 nonnullis
1571 816 1666 857 aliis
1688 816 1819 856 fuerit

363 901 602 935 ostensum.
655 893 787 933 Nunc
808 898 1045 946 postquam
1067 891 1259 931 omnium
1281 905 1491 931 consensu
1514 896 1556 929 et
1577 889 1821 943 ipsorumet

367 966 674 1021 Hispanorum
706 964 792 1005 fuit
819 964 1051 1011 firmatum,
1081 963 1300 1018 integrum
1334 963 1522 1017 amplius
1548 962 1706 1016 legatis
1736 974 1821 1000 non

367 1054 457 1080 esse
488 1038 723 1094 quicquam
755 1037 819 1076 illi
851 1036 1010 1076 addere
1047 1042 1124 1075 aut
1156 1035 1415 1076 diminuere.
1477 1035 1716 1082 Postremo,
1738 1049 1823 1074 non

367 1112 527 1152 debere
545 1126 618 1151 eos
639 1110 854 1158 dubitare,
879 1109 985 1165 quin
1016 1108 1153 1163 legati
1181 1109 1335 1149 libenti
1367 1109 1508 1148 animo
1530 1108 1616 1148 sint
1636 1107 1822 1162 passuri,

367 1190 410 1225 et
446 1199 518 1224 eos
550 1189 594 1224 et
626 1196 923 1237 quoscumque
957 1180 1062 1220 alios
1100 1181 1237 1221 libere
1273 1196 1323 1221 ea
1361 1181 1604 1236 significare
1637 1194 1735 1234 quae
1771 1178 1826 1219 ad

371 1255 609 1296 Catholicae
650 1254 751 1295 fidei
798 1254 1110 1293 incrementum
1162 1253 1461 1307 pertinebunt.
1525 1251 1823 1298 Granatensis,

368 1328 506 1369 nihilo
528 1327 694 1382 aequior
716 1326 926 1373 redditus,
949 1325 995 1366 id
1014 1325 1204 1366 maxime
1237 1325 1427 1373 dolebat,
1451 1325 1535 1365 sibi
1557 1323 1719 1365 nudius
1743 1330 1826 1364 ter-

369 1401 457 1441 tius
479 1399 730 1454 exemplum
752 1399 886 1454 hujus
907 1398 1069 1439 decreti
1089 1398 1266 1438 missum
1288 1399 1431 1445 fuisse,
1450 1398 1568 1453 quod
1590 1397 1826 1438 clausulam

369 1472 479 1513 hanc
498 1487 583 1512 11011
606 1472 865 1512 continebat.
929 1471 1174 1512 Fatebatur
1196 1470 1386 1526 quidem,
1410 1473 1457 1512 ea
1477 1471 1571 1526 ipsa
1591 1470 1708 1517 hora,
1731 1484 1827 1510 cum

370 1544 415 1584 in
432 1543 832 1599 Congregationem
849 1542 1158 1583 descenderent
1171 1543 1215 1582 in
1226 1542 1396 1582 aedibus
1410 1541 1657 1589 Mantuani,
1670 1556 1829 1582 novam

371 1617 479 1658 hanc
501 1618 731 1658 formulam
753 1618 837 1657 sibi
860 1624 903 1658 et
920 1616 1134 1657 Ilerdensi
1151 1616 1281 1655 fuisse
1300 1615 1539 1661 recitatam,
1558 1614 1830 1668 eandemque

374 1688 429 1728 ab
451 1689 546 1742 ipso
567 1688 803 1728 Thelesino
836 1688 880 1727 in
903 1688 1257 1743 Congregatione
1293 1687 1468 1742 publice
1503 1686 1712 1735 relatam3
1755 1684 1831 1726 sed

374 1768 477 1802 tunc
498 1761 625 1802 scita
646 1775 700 1801 ex
733 1761 971 1816 improviso
1004 1761 1180 1816 singula
1211 1775 1296 1800 11011
1330 1760 1523 1815 potuisse
1558 1759 1830 1801 animadver-

373 1844 490 1878 tere:
522 1852 647 1883 nunc,
661 1851 707 1877 re
725 1835 904 1883 detecta,
930 1835 1066 1876 satius
1088 1850 1178 1875 esse
1214 1849 1404 1875 errorem
1438 1834 1667 1890 corrigere,
1699 1848 1832 1890 quam

375 1923 487 1949 novo
508 1908 639 1962 lapsu
661 1913 853 1948 veterem
876 1921 1052 1961 augere.

424 1980 490 2021 Re
509 1981 676 2027 infecta,
694 1995 789 2020 cum
807 1979 1067 2020 Thelesinus
1085 1978 1360 2026 discessisset,
1382 1985 1666 2033 rogassetque
1682 1993 1767 2027 605,
1785 1986 1834 2019 ut

375 2053 593 2093 maturius
615 2067 760 2092 secum
782 2052 1088 2099 deliberarent,
1112 2050 1287 2091 advenit
1307 2049 1399 2090 dies
1431 2050 1483 2090 18
1505 2051 1535 2092 J
1540 2051 1724 2099 anuarii,
1746 2052 1834 2106 pri-

377 2140 459 2165 mae
483 2125 670 2165 Sessioni
702 2125 930 2179 praefinita,
953 2125 1075 2180 cujus
1096 2123 1290 2164 ordinem
1323 2124 1545 2179 ritumque
1576 2123 1834 2180 diligentius

377 2196 655 2238 referendum
678 2196 939 2245 existimavi,
963 2195 1136 2251 quando
1161 2195 1258 2236 111116
1280 2195 1446 2236 caeteris
1478 2196 1610 2236 etiam
1634 2203 1727 2237 tum
1749 2212 1834 2237 ses-

379 2269 574 2309 sionibus
610 2269 817 2322 (actiones
852 2268 953 2309 olim
983 2268 1269 2320 vocabantur)
1306 2274 1400 2308 tum
1436 2269 1835 2324 supplicationibus

378 2342 576 2396 publicis,
614 2356 712 2396 quae
745 2347 897 2396 postea
925 2347 1084 2381 secutae
1121 2347 1236 2388 sunt,
1260 2341 1455 2381 satisfiet.
1528 2341 1837 2382 Com-onerant

379 2430 544 2455 summo
565 2429 690 2455 mane
713 2413 969 2454 Cardinales
1005 2420 1048 2453 et
1082 2413 1261 2453 Praelati
1294 2414 1337 2452 in
1368 2413 1532 2468 templo
1569 2413 1679 2454 Divi
1700 2414 1835 2461 Petri,

379 2488 530 2542 ibique
552 2487 739 2542 sumptis
761 2486 1032 2541 pluvialibus
1055 2492 1098 2526 et
1120 2487 1249 2526 mitra
1271 2493 1465 2541 coeptum
1483 2486 1566 2526 fuit
1587 2486 1760 2542 procedi
1782 2486 1839 2527 ad

381 2559 674 2600 cathedralem
696 2559 938 2599 Ecclesiam
966 2559 1114 2599 Sancti
1140 2558 1308 2614 vigilii.
1371 2560 1598 2600 Praeibant
1631 2559 1839 2600 Canonici

381 2632 601 2680 Ecclesiae,
644 2631 745 2672 inde
793 2632 1007 2679 AbbateS,
1048 2631 1273 2686 Episcopi,
1313 2631 1655 2688 Archiepiscopi,
1698 2633 1839 2673 Patri-

384 2705 537 2753 archae,
571 2704 780 2745 Oratores
810 2703 1119 2752 Ecclesiastici,
1143 2703 1315 2758 quando
1344 2703 1411 2744 his
1442 2705 1708 2746 solemnibus
1740 2705 1838 2746 ade-

384 2785 494 2819 rant.
558 2778 662 2818 Post
695 2777 772 2819 hos
806 2777 913 2817 Dux
946 2777 1144 2817 Mantuae
1178 2776 1417 2826 incedebat,
1450 2779 1527 2832 qui
1567 2778 1703 2820 biduo
1740 2785 1839 2820 ante

1899 1936 1905 2238 <am-m1-hn-—2m-2--un
1899 1749 1905 1931 -.ΛΛ--υ-,-
1900 1710 1905 1742 -,.
1900 1680 1905 1702 -
1898 973 1905 1670 -ῌΜω.”.““
1898 790 1905 967 ..ι-,μψυ--Λ-η.
1898 726 1905 779 s—-e-
1897 525 1905 719 ..41-,μ-..-.--».μ.
1898 488 1905 506 ,ν-
1897 448 1903 480 —-
1897 417 1903 435 .-
1896 349 1904 411 .ιτ-αι.
1897 329 1903 342 0·
1895 198 1905 319 u-n-——aae

1898 2610 1905 2864 μψρ-μω-...α--α
1901 2580 1905 2593 ,-
1899 2536 1905 2560 ς»1
1899 2370 1905 2529 ---‹>.-—..-.-
