1905 3254
372 266 450 307 130
984 282 1095 312 sEsS.
1122 282 1181 311 lv,

433 389 601 431 Ultimo
614 389 722 437 1000,
739 388 793 429 ad
809 387 1077 429 retinendam
1093 386 1401 428 authoritatem
1417 387 1540 428 Sedis
1554 388 1830 443 Apostolicac,

374 467 622 502 reservetur
664 461 901 502 Sanctissmo
924 460 980 500 D.
1005 461 1062 501 N.
1089 460 1226 515 Papae
1268 459 1519 509 declaratio,
1576 461 1737 516 quibus
1780 477 1833 502 ex

376 535 517 575 causis
537 534 749 590 Episcopi
770 534 937 589 possint
955 548 979 574 a
1001 533 1090 573 suis
1113 533 1264 574 abesse
1286 533 1495 574 Ecclesiis
1515 533 1680 575 diutius
1703 549 1833 590 quam

377 614 441 649 cst
463 613 638 663 tempus
656 607 890 648 vacationis
912 606 1101 647 duorum
1122 606 1350 647 mensium.

435 681 499 721 Et
516 681 648 721 etiam
677 679 878 728 addatur,
901 679 1170 735 Episcopum
1192 693 1276 719 non
1293 692 1418 733 posse
1439 677 1658 719 discedere
1678 679 1760 719 nisi
1782 678 1835 720 de

375 754 551 796 licentia
589 754 855 795 Sanctissimi
895 752 951 793 D.
976 753 1034 793 N.
1052 752 1155 801 ΡΡ.,
1189 767 1288 808 quae
1326 758 1490 793 constet
1526 767 1580 793 ex
1615 752 1837 808 rescriptis

380 827 633 869 Sanctitatis
667 842 771 874 suae,
816 832 859 868 et
891 826 944 867 de
976 825 1229 882 hujusmodi
1260 826 1436 867 licentia
1462 831 1664 867 teneatur
1695 826 1836 867 facere

378 901 505 942 fidem
529 900 736 956 capitulo,
760 900 888 948 clero,
913 905 956 940 ct
977 899 1143 955 populo
1164 914 1244 955 per
1266 899 1413 941 decem
1435 900 1526 941 dies
1548 906 1784 955 antequam
1812 915 1837 941 a

377 974 556 1014 civitate
579 971 785 1021 discedat,
819 987 872 1013 ne
894 972 1000 1028 ipsis
1023 971 1283 1012 offendiculo
1306 972 1373 1020 sit,
1406 972 1441 1013 si
1462 972 1589 1013 illum
1614 973 1836 1014 absentem

379 1047 583 1096 viderint,
602 1053 644 1087 et
663 1060 836 1087 causam
860 1045 1083 1093 discessus,
1108 1051 1152 1086 et
1171 1045 1392 1086 licentiam
1414 1046 1692 1101 impetratam
1715 1047 1836 1102 igno-

376 1122 582 1163 raverint.
648 1120 695 1161 Si
718 1119 942 1160 videretur
969 1133 1177 1175 magnum
1199 1118 1529 1165 incommodum,
1554 1126 1603 1160 ut
1628 1112 1839 1175 Episcopi

377 1195 453 1251 qui
484 1194 647 1236 habent
682 1193 904 1235 Ecclesias
945 1193 1109 1249 positas
1143 1192 1188 1233 in
1225 1193 1413 1234 externis
1459 1193 1606 1249 regnis
1637 1200 1839 1249 peterent

374 1269 595 1310 licentiam
617 1284 642 1310 a
663 1269 739 1309 S¹¹¹0
771 1268 829 1310 D.
844 1268 903 1309 N.
929 1267 1016 1308 ΡΡ.
1039 1265 1285 1307 discedendi
1302 1282 1326 1307 a
1344 1267 1434 1308 suis
1450 1267 1672 1314 Ecclesiis,
1691 1273 1838 1322 posset

375 1343 479 1398 poni
501 1343 545 1382 in
567 1342 770 1388 Deci-eto,
802 1347 853 1382 ut
874 1340 942 1381 illi
963 1347 1163 1396 peterent
1183 1340 1403 1382 licentiam
1421 1357 1446 1382 a
1467 1341 1556 1382 suis
1580 1340 1837 1396 Metropoli-

377 1415 500 1464 tanis,
539 1421 749 1471 tanquam
785 1414 840 1455 ab
873 1413 1032 1469 legatis
1070 1413 1193 1454 Sedis
1215 1414 1505 1469 Apostolicae:
1553 1414 1699 1455 caeteri
1736 1429 1838 1455 vero

378 1489 601 1544 Episcopi,
636 1489 714 1544 qui
737 1488 944 1544 proprius
966 1487 1168 1528 abessent
1190 1487 1245 1527 ab
1268 1487 1379 1528 urbe
1401 1487 1554 1535 Roma,
1588 1494 1634 1528 ct
1655 1501 1837 1542 praeser-

377 1562 455 1603 tim
480 1562 559 1617 qui
594 1562 707 1610 sunt}
727 1561 772 1601 in
806 1560 951 1607 Italia,
984 1565 1190 1600 tenentur
1212 1566 1361 1615 petere
1384 1560 1603 1601 licentiam
1625 1576 1650 1602 a
1673 1561 1838 1602 Sancti-

379 1641 468 1676 tate
492 1650 583 1675 sua.
646 1635 802 1675 Posset
836 1634 967 1674 etiam
1004 1634 1203 1674 renovari
1226 1633 1378 1675 Canon
1401 1634 1454 1675 de
1478 1634 1705 1676 visitandis
1726 1635 1838 1675 limi-

377 1710 508 1751 nibus
547 1709 874 1765 Apostolorum,
919 1714 970 1749 ut
1011 1708 1226 1764 Episcopi
1269 1714 1504 1764 agnoscant
1537 1715 1674 1764 caput
1709 1723 1838 1749 suum

377 1784 625 1824 Romanum
657 1783 926 1831 Pontificem,
962 1789 1006 1823 et
1039 1796 1181 1823 coram
1206 1782 1444 1823 Sanctitate
1474 1797 1554 1823 sua
1584 1789 1760 1838 possent
1785 1781 1838 1823 de

377 1859 510 1900 rebus
527 1857 824 1898 Ecclesiarum
848 1871 1026 1897 suarum
1048 1862 1243 1897 tractare.

438 1932 645 1987 Acceptis
676 1932 813 1988 igitur
852 1930 1230 1971 Reformationum
1265 1929 1478 1979 Decretis,
1500 1930 1663 1986 Legati
1684 1929 1838 1971 Rossa-

377 2021 565 2055 nensem,
603 2006 859 2053 Vestanum,
897 2003 1175 2053 Auditorem,
1212 2004 1599 2060 Promotoremque
1631 2004 1676 2044 in
1706 2003 1837 2045 consi-

377 2081 486 2121 lium
509 2079 733 2128 adhibent,
767 2085 818 2120 ut
840 2084 1074 2134 antequam
1096 2093 1148 2118 ea
1179 2078 1225 2118 in
1259 2077 1430 2133 Synodo
1460 2084 1771 2134 proponentur,
1803 2077 1838 2118 si

380 2152 488 2209 quid
519 2153 629 2194 forte
662 2151 981 2194 emendandum
1016 2156 1226 2199 occurrat,
1265 2151 1320 2191 ab
1361 2151 1449 2192 illis
1480 2166 1677 2192 seorsum
1707 2150 1835 2192 adno-

380 2232 514 2267 tetur.
588 2225 719 2276 Quod
751 2224 927 2281 quidem
963 2224 1018 2264 ab
1054 2223 1122 2265 his
1159 2224 1264 2265 dum
1311 2224 1462 2266 sedulo
1502 2225 1563 2273 fit,
1604 2225 1746 2266 literae
1782 2238 1836 2265 ex

379 2299 504 2340 Urbe
542 2299 686 2355 plenae
718 2297 1021 2354 trepidationis
1062 2297 1328 2339 afferuntur:
1370 2305 1548 2339 narrant
1588 2298 1836 2339 universam

380 2373 544 2414 curiam
578 2372 658 2413 hac
693 2371 746 2412 de
780 2370 1017 2412 residentia
1052 2370 1345 2427 disputatione
1383 2372 1663 2413 vehementer
1702 2370 1836 2411 fuisse

380 2452 660 2495 commotam,
701 2460 797 2485 eum
838 2460 923 2485 non
964 2445 1103 2485 solum
1147 2446 1299 2487 aulicis
1339 2447 1443 2487 viris
1483 2446 1652 2502 insigne
1693 2459 1747 2486 ex
1787 2458 1836 2485 ea.

379 2520 589 2561 damnum
612 2520 796 2561 allatum
817 2519 883 2565 iri,
907 2518 983 2559 sed
1003 2520 1144 2574 ipsam
1167 2535 1345 2575 quoque
1362 2520 1660 2561 Pontificalem
1683 2518 1834 2560 autho-

378 2594 554 2634 ritatem
576 2607 849 2649 summopere
872 2591 974 2633 elidi
995 2607 1134 2648 posse,
1157 2608 1303 2634 omnes
1325 2593 1625 2649 suspicentur:
1653 2604 1836 2648 magnas
1895 2607 1905 2617 ¹

378 2673 592 2722 praeterea
631 2666 718 2707 illic
768 2665 1054 2707 dissensiones
1094 2667 1227 2707 fuisse
1269 2666 1548 2722 significatas,
1600 2681 1698 2721 quae
1738 2664 1834 2705 hinc

379 2745 538 2779 exortae
559 2739 670 2779 inter
692 2738 917 2787 Praelatos,
941 2745 1074 2793 atque
1097 2738 1213 2793 ipsos
1234 2738 1439 2794 Legatos,
1475 2738 1675 2779 acerbius
1696 2735 1833 2792 quoti·
1880 2735 1903 2778 ξ’

379 2808 448 2850 die
481 2817 746 2853 exercentur.
808 2811 879 2852 Ea
911 2810 965 2852 de
1001 2825 1131 2851 causa
1169 2811 1279 2852 S¹¹¹¹¹¹¹¹
1316 2811 1375 2851 N.
1413 2825 1489 2851 seu
1526 2809 1833 2851 Cardinalibus
1878 2809 1903 2855 j.
