1905 3254
690 277 805 306 snss.
833 277 878 306 11.
1462 259 1518 301 67

57 396 200 430 causa,
225 381 333 422 adeo
366 382 546 423 feliciter
581 383 623 422 in
662 398 711 423 eo
734 382 1030 439 componendo
1052 382 1351 437 suscepissent.
1415 380 1516 421 Non

57 454 294 496 defuerunt
315 463 459 496 tamen
481 456 617 511 aliqui
640 455 782 497 adhuc
800 471 883 497 non
901 471 1079 511 prorsus
1096 455 1161 495 illi
1183 455 1514 511 acquiescentes,

118 528 402 569 Granatensis
424 529 536 569 enim
562 529 770 576 acerbius,
795 537 845 570 ut
867 529 1116 576 videbatur,
1146 528 1287 568 ferens
1310 543 1409 583 quae
1433 528 1513 568 sibi

58 616 83 642 a
105 601 362 642 Rossanensi
390 609 432 642 et
469 602 565 642 aliis
587 603 630 642 in
659 601 923 657 praecedenti
953 601 1307 657 Congregatione
1342 602 1516 643 fuerant

57 689 273 730 responsa,
297 675 341 716 id
363 676 469 716 alias
487 691 511 716 a
533 691 577 716 se
594 675 760 717 dictum
780 691 864 716 non
887 682 1057 716 tantum
1080 676 1271 730 repetiit,
1295 675 1515 716 sedetiam

57 749 211 789 acriter
231 749 475 798 roboravit3
511 750 609 795 viz„
634 748 881 789 addendum
905 748 1098 794 titulum,
1124 748 1416 789 universalem
1432 749 1515 789 Ec-

56 820 229 862 clesiam
265 828 584 877 representans,
619 821 752 877 idque
788 821 1054 862 authoritate
1090 821 1237 862 Sancti
1269 821 1516 877 Augustini

57 899 204 934 contra
235 893 503 942 Donatistas‚
541 901 585 935 et
618 902 785 935 octava}
821 894 981 950 Synodi
1020 894 1515 950 Constantinopolitanae

58 966 133 1006 ubi
151 965 322 1014 dicitur,
349 966 579 1022 “loquere,
603 967 717 1015 Dne,
737 968 840 1023 quia
854 974 973 1009 totus
990 966 1182 1007 mundus
1198 967 1267 1008 hic
1284 974 1350 1008 est
1370 969 1406 1008 :'’
1430 983 1515 1009 non

57 1040 196 1095 igitur
218 1040 415 1080 inflatum
437 1040 552 1081 hunc
574 1041 768 1088 titulum,
793 1048 842 1082 ut
865 1040 1043 1096 quidam
1069 1041 1206 1086 aiunt,
1229 1056 1320 1082 esse
1348 1055 1514 1082 nuncu-

58 1111 266 1167 pandum.

116 1186 501 1227 Bracarensis-—ut
523 1185 653 1227 detur
675 1186 781 1227 fides
804 1187 983 1242 publica
1005 1189 1133 1228 etiam
1153 1190 1195 1229 in
1219 1189 1419 1236 sessione,
1443 1203 1513 1229 ex—

57 1260 194 1314 ceptis
216 1260 269 1300 iis
286 1266 433 1300 contra
455 1275 563 1315 quos
588 1260 659 1315 agi
679 1267 875 1315 coeptum
900 1267 975 1301 cst.

116 1332 462 1374 Sulmonensis-
473 1340 522 1374 ut
558 1334 602 1374 in
640 1334 721 1374 fine
759 1333 946 1374 addatur
988 1334 1186 1381 verbum,
1234 1342 1257 1357 “
1272 1350 1368 1375 cum
1406 1350 1517 1390 opus

57 1405 233 1446 fuerit.’'

115 1478 462 1520 Leiriensis——ut
475 1478 758 1536 adjungatur,
779 1487 804 1502 “
817 1480 906 1521 sine
925 1480 1179 1536 praejudicio
1196 1481 1514 1522 ordinariorum

58 1558 102 1593 et
125 1552 297 1594 Sanctae
321 1553 668 1608 Inquisitionis.”

109 1625 450 1667 ovetensis-ut
472 1626 641 1667 dicatur
675 1627 1002 1668 “universalem
1028 1628 1271 1669 Ecclesiam
1294 1644 1514 1684 represen-

59 1701 197 1740 tans.”

118 1772 684 1813 ostunensis—addendum
703 1787 807 1821 esse,
834 1780 859 1794 “
873 1772 1176 1814 dissidentium
1196 1774 1308 1815 inter
1331 1790 1375 1815 se
1399 1782 1441 1816 ct
1459 1775 1514 1816 ab

59 1846 300 1895 Ecclesia‚'’
324 1853 368 1887 et
391 1846 436 1887 id
459 1846 660 1895 verbum,
685 1853 710 1869 “
724 1847 1005 1887 obscuratum
1022 1862 1068 1888 ac
1082 1848 1357 1903 splendore,‘'
1378 1849 1517 1890 videri

58 1920 184 1960 nimis
204 1926 416 1969 ornatum,
440 1935 518 1961 nec
540 1921 597 1960 sic
620 1920 758 1961 solere
783 1921 998 1976 Spiritum
1024 1921 1227 1961 Sanctum
1253 1922 1386 1977 loqui.

117 1993 490 2035 Veronensis—ut
531 2009 647 2035 nune
687 1994 793 2035 fides
834 1994 1012 2051 publica
1046 1996 1342 2050 promittatur,
1379 1998 1517 2038 forma

60 2076 204 2110 autem
227 2073 323 2125 ejus
346 2069 389 2109 in
414 2068 843 2124 Congregationibus
865 2068 1127 2110 declaranda
1143 2078 1405 2112 reservetur.

118 2142 300 2183 Postero
322 2141 404 2190 die,
430 2157 525 2183 cum
550 2142 604 2182 de
626 2141 944 2198 praestituendo
967 2142 1170 2196 sequenti
1183 2143 1360 2184 sessioni
1375 2144 1516 2199 spatio

60 2214 170 2256 inter
197 2215 353 2257 Patres
387 2223 605 2272 ageretur,
643 2215 812 2255 monuit
846 2230 918 2256 eos
952 2215 1239 2266 Mantuanus,
1272 2232 1515 2273 congruum

62 2287 240 2344 aliquod
254 2289 539 2330 intervallum
554 2289 742 2344 interjici
756 2288 927 2336 debere,
943 2304 1025 2329 non
1042 2290 1182 2330 solum
1200 2297 1249 2331 ut
1264 2291 1514 2347 Principum

63 2360 282 2410 Oratores,
317 2377 502 2418 quorum
539 2363 769 2418 praesentia
799 2361 998 2418 Synodus
1032 2362 1221 2402 maxime
1249 2362 1361 2403 solet
1395 2377 1517 2403 exor-

61 2434 165 2480 nari,
189 2434 504 2490 frequentiores
536 2449 718 2475 numero
741 2433 809 2474 hie
832 2434 1050 2479 interesse,
1075 2431 1149 2472 sed
1183 2432 1246 2472 illi
1268 2432 1415 2479 etiam,
1441 2433 1517 2488 qui

62 2505 358 2548 Protestantes
381 2507 598 2554 dicuntur,
623 2507 706 2547 huc
727 2505 951 2547 commode
980 2506 1147 2560 possint
1170 2520 1213 2545 se
1237 2506 1443 2553 conferre,
1469 2513 1518 2546 ut

59 2574 118 2625 hi,
140 2577 174 2618 si
196 2578 306 2619 forte
332 2579 469 2634 (quod
492 2579 618 2627 absit,
638 2581 757 2635 justa
779 2579 839 2620 cis
862 2581 980 2620 mora
1003 2580 1214 2631 concessa)
1254 2578 1401 2619 venire
1433 2578 1518 2619 dis-

63 2649 254 2699 tulerint,
276 2658 379 2692 tunc
411 2652 528 2692 omni
560 2652 840 2693 excusatione
872 2651 1043 2707 indigni
1065 2650 1322 2691 habeantur.
1386 2650 1516 2691 Diem

34 2732 36 2734 ’
63 2721 196 2778 igitur
229 2725 292 2765 14¹
328 2725 450 2773 Maii,
482 2726 557 2781 qui
585 2726 667 2767 erit
700 2726 810 2766 inter
843 2725 957 2766 diem
984 2725 1140 2765 festum
1175 2723 1449 2764 Aser-usionis
1474 2731 1518 2765 et

703 2831 709 2848 ¹
742 2832 779 2860 12
803 2831 873 2861 MS.

1208 2902 1228 2926 ιν
1262 2889 1286 2926 2
