1905 3254
344 260 400 299 42
980 271 1092 302 sess.
1116 271 1159 300 11.

347 386 622 437 proponatur
642 379 786 436 operis
808 377 941 434 huJus
963 377 1225 433 perficiendi,
1248 377 1492 433 cogitabam
1515 391 1681 416 mecum
1711 382 1797 416 tra-

347 454 460 495 ditas
479 469 570 495 esse
592 469 617 494 a
637 452 879 509 maj0ribus
911 451 1019 492 duas
1042 451 1231 507 regulas,
1269 451 1431 506 quibus
1451 450 1512 500 id,
1544 449 1661 505 quod
1691 449 1797 490 diffi-

349 528 429 569 cile
464 534 529 568 est
563 526 829 567 commodius
865 526 976 566 effici
1009 532 1178 580 potest3
1225 525 1362 565 altera
1398 531 1476 572 est,
1512 531 1561 564 ut
1591 524 1801 564 tollantur

347 598 673 655 impedimenta,
713 613 813 654 quae
847 597 995 654 agenti
1030 597 1246 638 obsistunt
1259 612 1269 646 3
1317 596 1457 636 altera
1497 601 1574 643 est,
1605 601 1656 636 ut
1687 595 1800 635 vires

349 671 629 728 adaugentur
661 670 741 720 illi,
785 671 862 727 qui
894 670 1081 712 arduum
1116 668 1295 725 aliquod
1329 674 1534 719 conatur3
1568 674 1802 723 utramque

349 745 487 802 igitur
506 746 707 802 regulam
727 745 852 786 nobis
868 745 912 785 in
932 760 993 791 eo,
1017 743 1134 799 quod
1150 743 1401 799 quaerimus,
1425 741 1661 784 conducere
1676 756 1803 797 posse

349 826 471 874 puto,
493 834 594 860 nam
626 818 872 860 minuendis
893 816 1226 858 difficultatibus
1260 817 1304 856 in
1336 816 1487 871 primis
1518 815 1562 856 id
1594 815 1803 871 expedire

351 892 456 933 satis
492 892 743 939 arbitrarer,
780 897 832 932 ut
866 890 981 938 libri,
1012 890 1088 945 qui
1122 889 1303 945 plurimi
1339 889 1381 928 in
1413 888 1561 929 Indice
1596 903 1803 929 consensu

351 965 544 1005 omnium
586 963 780 1004 haeretiei
823 962 1058 1010 habentur,
1104 977 1127 1002 e
1164 960 1305 1002 medio
1344 961 1570 1007 tollantur,
1614 976 1691 1002 nec
1738 961 1804 1001 his

351 1035 649 1079 examinandis
680 1035 800 1076 ullus
830 1035 958 1076 labor
989 1033 1281 1090 impendatur,
1316 1039 1367 1074 ut
1401 1049 1509 1089 quos
1542 1034 1804 1090 improbatae

350 1110 544 1151 lectionis
566 1124 657 1150 esse
677 1108 825 1165 palam
847 1109 903 1149 sit
926 1114 1166 1156 testatum3
1199 1106 1354 1147 deinde
1377 1108 1538 1148 multos
1562 1122 1654 1148 esse
1674 1108 1807 1148 libros

352 1181 646 1230 secernendos,
687 1181 765 1236 qui
800 1180 1014 1221 hactenus
1051 1180 1107 1220 ab
1142 1180 1338 1221 Ecclesia
1374 1194 1458 1221 non
1494 1180 1698 1230 haeretici,
1733 1181 1809 1222 sed

354 1254 614 1311 Apocryphi
649 1261 752 1295 sunt
783 1253 986 1310 judicati,
1024 1261 1068 1295 et
1103 1268 1175 1294 eos
1205 1268 1290 1293 non
1327 1253 1619 1309 attingendos,
1655 1254 1730 1296 sed
1762 1255 1807 1296 in

353 1328 539 1383 pristina
561 1325 805 1368 conditione
828 1340 910 1366 sua
932 1340 1025 1367 esse
1045 1325 1365 1380 relinquendos.
1413 1325 1506 1366 Nec
1524 1326 1638 1366 enim
1655 1325 1808 1368 decere

354 1401 531 1442 videtur
551 1399 692 1441 veluti
712 1399 1009 1454 Evangelium
1032 1398 1276 1447 Nicodemi,
1310 1405 1522 1454 tanquam
1550 1398 1807 1441 haereticum

353 1475 577 1522 damnare,
599 1479 643 1514 et
664 1487 748 1513 usu
773 1472 1032 1513 Christianis
1055 1472 1182 1528 gravi
1202 1472 1367 1513 mulcta
1400 1472 1672 1522 interdicere,
1709 1489 1808 1514 cum

354 1547 551 1590 Ecclesia
576 1545 686 1587 illud
707 1552 758 1587 ut
779 1545 1097 1602 Apocryphum
1121 1552 1293 1586 tantum
1316 1561 1489 1602 semper
1511 1546 1698 1588 edixerit
1710 1563 1722 1597 ;
1745 1546 1809 1588 ita

355 1622 468 1664 enim
491 1621 651 1662 sentire
676 1620 793 1661 Ill¹s¹¹0S
811 1620 1009 1675 Legatos
1029 1619 1153 1667 ducO,
1178 1634 1277 1660 cum
1298 1619 1393 1660 illos
1414 1627 1588 1661 tantum
1607 1620 1811 1662 authores

354 1694 639 1735 excutiendos
661 1694 799 1740 aiunt,
822 1693 899 1748 qui
924 1699 1024 1748 post
1044 1699 1238 1733 recentes
1272 1692 1351 1734 has
1371 1693 1559 1734 haereses
1581 1709 1807 1736 emersere.

355 1768 425 1810 De
447 1768 585 1809 altera
605 1767 776 1823 regula,
814 1773 866 1807 ut
888 1766 1049 1807 scilicet
1074 1765 1315 1807 Consilium
1337 1766 1415 1808 hoc
1436 1767 1641 1823 praesidio
1663 1769 1810 1824 aliquo

355 1840 609 1898 adjuvetur,
625 1840 859 1896 probarem
873 1839 987 1879 viros
1000 1838 1188 1886 idoneos,
1205 1846 1300 1880 tum
1318 1854 1370 1881 ex
1388 1839 1609 1889 Patribus,
1625 1848 1722 1882 tum
1738 1857 1810 1883 ex-

356 1915 569 1956 trinsecus
589 1913 828 1969 eligendos,
842 1913 920 1968 qui
940 1912 1020 1953 hoc
1037 1912 1264 1968 negotium
1287 1913 1522 1968 suscipere,
1537 1920 1580 1954 et
1596 1914 1809 1955 rationem

356 1988 487 2030 etiam
520 1986 746 2041 compositi
771 1985 931 2026 Indicis
959 1984 1016 2025 ab
1032 1985 1194 2025 eisdem
1217 1991 1385 2040 petant,
1409 1985 1484 2040 qui
1506 1992 1609 2026 tunc
1629 1987 1693 2027 illi
1715 2002 1811 2028 con-

355 2059 535 2102 ficiendo
557 2059 733 2100 sedente
755 2059 894 2100 Paulo
918 2058 983 2100 IV
1006 2057 1195 2099 adhibiti
1216 2058 1409 2099 fuerunt.
1447 2059 1645 2101 Placeret
1662 2060 1811 2102 adhaec

357 2134 554 2190 perquiri
571 2133 712 2174 varias
732 2132 1021 2173 recentiorum
1037 2131 1341 2173 haereticorum
1359 2132 1569 2174 adversus
1589 2148 1667 2174 nos
1678 2135 1810 2190 scrip-

358 2207 511 2255 tiones,
534 2221 589 2247 ex
611 2206 777 2261 quibus
797 2205 939 2247 multa
959 2204 1252 2261 proculdubio
1283 2204 1564 2261 detegentur,
1587 2221 1686 2262 quae
1708 2209 1811 2249 satis

357 2278 560 2334 prodesse
577 2284 763 2334 possunt
780 2294 791 2328 3
812 2292 914 2318 nam
933 2277 1134 2318 videmus
1150 2276 1193 2317 in
1212 2276 1360 2318 Indice
1383 2276 1582 2318 Romano
1598 2278 1811 2320 librorum

357 2352 489 2394 titulo
513 2351 761 2393 Cardinalis
782 2351 984 2407 Fregosii
1005 2350 1277 2398 damnatum,
1312 2365 1444 2405 quem
1475 2358 1622 2392 tamen
1644 2359 1813 2394 certum

358 2432 423 2467 est
458 2441 483 2467 a
503 2426 662 2467 Luteri
683 2425 972 2467 sectatoribus
992 2424 1299 2478 conscriptum.
1364 2424 1563 2466 Tandem
1598 2427 1676 2468 SS.
1700 2428 1812 2468 viro-

357 2515 454 2541 rum
477 2499 681 2555 exempla
716 2497 930 2539 imitanda
950 2512 1253 2553 proponerem,
1277 2498 1352 2553 qui
1374 2498 1427 2539 de
1448 2498 1514 2539 his
1528 2500 1660 2540 rebus
1680 2500 1815 2542 locuti

358 2572 553 2620 fuerunt,
577 2571 719 2612 veluti
735 2570 872 2612 sancti
890 2570 1134 2625 Augustini
1155 2570 1198 2609 in
1215 2570 1389 2611 Psalmo
1414 2571 1494 2611 126
1515 2572 1619 2613 dum
1641 2574 1813 2628 quaerit,

359 2659 434 2686 cur
469 2643 664 2686 Ecclesia
697 2644 819 2699 legat
852 2642 985 2683 libros
1018 2641 1284 2691 Salamonis3
1318 2651 1361 2684 et
1395 2644 1542 2685 Sancti
1567 2644 1815 2686 Hieronimi

358 2719 402 2758 in
415 2719 620 2775 Epistola
637 2718 694 2759 ad
707 2717 1077 2773 Tranquillinum,
1101 2731 1175 2757 cur
1191 2717 1394 2772 Origenis
1409 2734 1542 2774 opera
1557 2720 1814 2775 permittan-

361 2798 434 2832 tur
444 2809 454 2841 3
478 2800 522 2833 et
538 2808 591 2834 ex
606 2792 673 2833 his
689 2807 790 2847 quae
807 2791 870 2833 rei
884 2798 1044 2832 nostrae
1063 2790 1322 2845 expedirent
1339 2791 1563 2832 sumenda.
1611 2793 1742 2842 Quod
1760 2794 1815 2834 ad
