1905 3254
665 302 773 334 SEss.
800 302 875 333 vn.
1420 289 1503 331 365

43 411 192 453 literas
223 411 443 460 nunciare,
471 426 604 467 quam
639 426 775 453 novas
807 411 936 453 hasce
959 410 1206 468 Tragedias
1232 418 1396 454 temere
1429 427 1502 454 ex-

42 485 190 527 citare.

101 557 268 599 Verum
308 571 406 597 cum
448 557 584 613 Papa,
625 571 704 613 per
747 557 920 599 easdem
960 557 1122 606 literas,
1158 557 1344 614 Legatis
1382 573 1502 600 man-

41 628 202 677 dasset,
226 631 296 670 ut¹
318 627 412 670 haec
430 643 527 669 cum
550 628 842 685 Lotharingio
864 629 1243 677 communicarent,
1266 630 1385 685 iique
1406 645 1503 671 cum

42 717 95 745 eo
115 701 307 744 studiose
336 703 543 758 egissent,
567 709 630 749 ut,
654 702 801 758 quoad
827 702 920 743 fieri
943 708 1130 758 poterat,
1154 702 1304 744 eadem
1327 718 1503 759 quoque

44 790 70 817 a
89 775 256 816 caeteris
277 776 438 817 Pribus
458 774 626 831 placide
657 775 792 831 recipi
825 782 1010 823 curaret,
1041 774 1156 816 idem
1187 775 1436 816 Cardinalis
1458 791 1503 817 se

42 848 229 889 libenter
250 863 350 889 cum
386 849 528 889 Gallis
563 848 651 889 suis
683 855 726 889 et
756 863 853 889 cum
886 848 1107 890 nonnullis
1129 848 1259 890 etiam
1288 848 1503 905 Hispanis

38 936 219 977 operam
241 936 411 962 omnem
435 921 736 962 adhibiturum
768 936 860 963 esse
891 921 1113 977 pollicitus
1135 921 1232 968 fuit,
1255 936 1303 962 ac
1325 936 1424 977 quae
1447 921 1502 963 ad

43 994 289 1036 Primatum
323 995 475 1051 Papae,
509 1010 849 1051 supremamque
882 997 974 1052 ejus
1011 993 1322 1036 authoritatem
1351 995 1502 1036 confir-

42 1068 244 1109 mandam
266 1074 476 1124 spectant,
508 1075 558 1109 ut
585 1068 641 1108 ab
672 1068 724 1108 iis
747 1068 1050 1116 admittantur,
1074 1073 1345 1115 curaturum,
1378 1067 1501 1108 dum-

41 1139 182 1188 modo,
211 1146 255 1182 et
283 1139 403 1196 quod
442 1140 509 1180 illi
541 1140 737 1196 cupiunt,
769 1140 823 1181 de
860 1140 1142 1181 Institutione
1181 1140 1502 1196 Episcoporum

43 1211 193 1267 aliqua
214 1212 258 1252 in
279 1219 403 1267 parte
425 1212 619 1253 satisfiat.
680 1213 857 1269 Legati,
879 1211 948 1253 his
964 1211 1136 1260 auditis,
1160 1211 1380 1260 adhibent,
1395 1212 1501 1254 utin

41 1284 283 1334 consilium,
317 1285 564 1340 complures
597 1285 824 1333 Praelatos,
868 1284 1219 1340 Hydruntinum,
1260 1285 1501 1327 Rossanen-

40 1371 145 1405 sem,
164 1357 484 1405 Surrentinum,
501 1358 805 1405 Tarentinum,
821 1357 1131 1413 Reginensem,
1145 1358 1502 1406 Laneianensem,

44 1429 352 1479 Mutinensem,
368 1431 792 1487 Albingaunensem,
806 1431 1064 1479 vestanum,
1078 1431 1371 1480 Parmensem,
1386 1433 1502 1474 Neo-

39 1510 313 1553 castrensem,
355 1504 712 1553 Urbinatensem,
755 1504 1039 1552 Brixicnsem,
1082 1504 1359 1553 Auditorem,
1397 1506 1501 1549 Pro-

43 1583 267 1624 motorem,
303 1583 437 1632 atque
459 1577 526 1618 his
548 1586 790 1618 extremam
817 1576 1026 1618 doctrinae
1053 1583 1222 1632 partem
1246 1577 1302 1618 ad
1329 1594 1501 1621 sensum

45 1663 178 1703 quem
202 1648 502 1691 adnotationes
524 1664 577 1691 ex
597 1650 723 1691 Urbe
744 1664 886 1704 nuper
913 1649 1053 1689 missae
1081 1650 1319 1705 exigebant
1341 1665 1502 1693 accom-

40 1721 277 1770 modatam,
294 1737 390 1763 cum
414 1722 577 1778 triplici
595 1722 779 1776 Septimi
804 1720 994 1761 Canonis
1010 1721 1209 1770 formula,
1230 1736 1276 1763 ac
1295 1738 1394 1763 cum
1421 1724 1502 1765 Oc-

41 1800 145 1836 tavo
163 1794 339 1836 Canone
362 1810 415 1835 ex
437 1796 609 1851 integro
633 1794 801 1850 adjecto
823 1793 1080 1834 ostendunt:
1115 1809 1215 1849 quae
1238 1803 1360 1837 erant
1382 1797 1500 1839 talia.

101 1867 281 1916 Verum,
323 1876 487 1924 praeter
530 1870 623 1924 jam
674 1874 1026 1909 commemoratos
1067 1868 1268 1910 ordinum
1321 1870 1502 1926 gradUS,

44 1939 169 1981 docet
206 1941 266 1981 Sta
306 1941 522 1997 Synodus,
560 1942 816 1997 Episcopos,
859 1941 961 1997 quia
996 1956 1098 1983 vero
1132 1942 1298 1984 Christi
1329 1944 1503 1987 Vicario

46 2011 253 2052 Pontifiee
283 2012 493 2061 Romano,
517 2014 560 2053 in
591 2014 845 2054 universum
879 2014 1026 2054 orbem
1049 2014 1289 2069 primatum
1313 2022 1501 2065 tenente,

47 2083 173 2125 Beati
214 2085 335 2126 Petri
371 2086 585 2141 Principis
623 2087 937 2142 Apostolorum
980 2101 1235 2134 successore,
1279 2090 1503 2145 totiusque

46 2154 255 2197 Ecclesiae
280 2157 454 2213 Capite,
479 2173 525 2199 ac
547 2159 741 2199 omnium
767 2158 1115 2199 Christianorum
1139 2159 1285 2208 Patre,
1309 2161 1503 2210 Pastore,

43 2235 90 2269 et
110 2229 313 2281 Doetore,
337 2231 379 2271 in
402 2239 571 2287 partem
595 2232 886 2273 solicitudinis
908 2239 1203 2280 assumuntur,
1233 2247 1285 2273 ex
1307 2234 1502 2289 ejusdem

49 2301 211 2344 Christi
242 2305 517 2345 institutione
552 2306 593 2344 in
630 2305 738 2345 Ecca
773 2304 1013 2352 Catholica‚
1049 2306 1324 2361 praecipuum
1360 2307 1503 2349 locum

45 2373 362 2429 dependentem
386 2377 441 2418 ab
463 2376 614 2417 eodem
640 2376 805 2418 Christi
826 2376 1010 2422 vicario,
1044 2379 1164 2417 cum²
1192 2377 1351 2418 Beatro
1374 2379 1505 2420 Petro

47 2448 264 2502 pascendi,
316 2450 510 2506 regendi,
564 2457 606 2492 et
648 2450 927 2506 gubernandi
978 2450 1266 2491 universalem
1316 2451 1438 2493 Ecc¹¹¹
1480 2470 1506 2495 a

49 2515 105 2558 D.
131 2519 187 2561 N.
225 2519 335 2561 Jesu
359 2520 538 2561 Christo
573 2523 707 2577 plena
741 2529 932 2578 potestas
967 2521 1127 2562 tradita
1164 2528 1240 2568 est,
1277 2523 1502 2567 obtinere:

48 2593 248 2647 quoniam
268 2608 369 2634 vero
387 2594 599 2650 Episcopi
620 2596 664 2635 in
688 2595 1003 2651 Apostolorum
1026 2595 1167 2635 locum
1191 2607 1503 2650 successerunt,

48 2669 92 2703 et
121 2678 288 2705 sacrum
313 2665 516 2707 Chrisma
548 2668 767 2715 conficere,
801 2674 1119 2708 sacramentum
1156 2667 1505 2713 Confirmationis

48 2735 249 2785 conferre,
286 2738 503 2779 ministros
536 2739 648 2781 Eccfle
674 2741 885 2789 ordinare,
920 2747 1052 2796 atque
1084 2755 1297 2797 peragere
1319 2743 1402 2785 alia
1422 2745 1506 2801 ipsi

411 2826 417 2844 ¹
445 2828 497 2863 Et,
517 2828 586 2858 MS.
963 2827 976 2845 ²
1000 2828 1074 2865 Cui,
1092 2829 1161 2858 MS.
