1905 3254
688 299 797 330 sEss.
826 301 847 329 v
857 302 882 331 1.
1423 289 1505 330 269

51 401 220 443 omnino
247 402 303 442 ab
335 402 535 444 Ecclesia
561 412 838 456 removeant;
872 405 1141 464 doceantque
1165 408 1380 464 populum
1408 409 1507 465 quis

50 474 115 522 sit,
148 481 192 515 et
223 489 248 515 a
269 490 356 530 quo
389 477 660 532 potissimum
684 479 914 533 proveniat
938 480 1010 520 Smi
1025 480 1159 537 hujus
1189 482 1385 523 sacrificii
1416 489 1504 523 tam

52 548 266 603 pretiosus
309 563 356 589 ac
397 550 584 591 coelestis
624 550 815 592 fructus:
862 560 1067 595 moneant
1099 555 1228 596 etiam
1270 557 1506 612 populum,

50 626 100 661 ut
129 620 381 676 frequenter
409 621 464 662 ad
491 637 592 663 suas
625 623 874 673 Parochias,
909 626 1064 667 saltem
1096 627 1251 668 diebus
1281 628 1506 669 dominicis

50 700 94 734 et
133 694 373 750 majoribus
414 695 549 743 festis,
592 695 812 737 accedant.
876 697 989 739 Haec
1029 699 1168 755 igitur
1207 702 1364 748 omnia,
1404 717 1505 757 quae

47 766 298 806 summatim
339 774 595 808 enumerata
635 776 738 809 sunt
779 770 982 811 omnibus
1028 771 1219 812 locorum
1264 772 1508 814 Ordinariis

47 836 108 878 ita
125 846 442 894 proponuntur,
474 846 525 881 ut
545 855 629 881 non
650 842 790 882 solum
813 857 863 883 ea
884 843 992 899 ipsa,
1026 843 1101 885 sed
1122 860 1398 901 quaecunque
1421 847 1507 888 alia

46 908 130 951 hue
150 912 368 967 pertinere
392 914 485 954 visa
518 914 694 965 fuerint,
731 916 815 972 ipsi
846 932 926 972 pro
958 917 1061 959 data
1086 919 1168 959 sibi
1193 935 1217 960 a
1239 928 1507 962 sacrosancta

48 983 222 1040 Synodo
257 993 490 1041 potestate,
527 1002 575 1028 ae
608 989 740 1029 etiam
776 997 827 1030 ut
859 989 1054 1047 delegati
1077 991 1201 1033 Sedis
1223 994 1504 1048 Apostolicae,

46 1057 320 1112 prohibeant,
343 1059 564 1109 mandent,
587 1062 817 1118 corrigant,
835 1069 1046 1111 statuant,
1066 1071 1200 1120 atque
1222 1065 1277 1106 ad
1298 1082 1349 1107 ea
1370 1067 1505 1108 invio-

41 1129 136 1171 -late
157 1131 372 1172 servanda
404 1134 593 1174 censuris
621 1134 952 1183 Ecclesiasticis,
980 1137 1056 1191 [et]
1094 1138 1188 1179 aliis
1220 1140 1378 1195 poenis,
1403 1156 1506 1196 quae

45 1201 219 1244 illorum
238 1203 419 1245 arbitrio
437 1207 771 1255 constituentur,
789 1208 960 1249 fidelem
980 1210 1197 1265 populum
1215 1213 1481 1267 compellant
1496 1230 1504 1253 ;

43 1288 126 1314 non
148 1276 426 1318 obstantibus
447 1279 704 1336 privilegiis,
727 1283 1094 1337 exemptionibus,
1129 1285 1507 1340 appellationibus

45 1363 92 1390 ae
113 1351 504 1393 consuetudinibus
526 1353 882 1410 quibuscunque.

99 1498 220 1539 Dum
242 1513 344 1540 vero
374 1498 428 1540 de
460 1515 510 1541 eo
545 1509 766 1556 ageretur,
801 1502 977 1543 memini
999 1503 1223 1552 nonnulla,
1257 1519 1357 1560 quae
1378 1505 1506 1547 modo

43 1571 288 1627 subjiciam,
322 1573 454 1613 fuisse
478 1588 503 1614 a
524 1574 791 1629 quibusdam
815 1576 947 1616 etiam
980 1584 1243 1628 memorata3
1276 1593 1375 1620 nam
1408 1595 1505 1621 cum

43 1650 173 1685 antea
191 1645 370 1700 plurimi
393 1661 464 1686 eas
486 1646 656 1694 Missas,
681 1662 789 1702 quas
810 1648 942 1689 siccas
966 1656 1132 1698 vocant,
1165 1651 1336 1691 omnino
1359 1653 1505 1707 prohi-

43 1717 207 1759 bendas
239 1732 331 1758 esse
365 1719 641 1765 censuissent,
678 1735 725 1760 ac
757 1727 903 1761 tamen
937 1721 1096 1762 deinde
1129 1722 1389 1779 diligentius
1423 1726 1502 1780 [re]

43 1805 249 1846 expensa,
278 1790 388 1831 nihil
419 1791 462 1830 in
496 1791 550 1831 iis
585 1798 737 1846 postca
765 1792 990 1832 immutari
1011 1793 1192 1847 placuit,
1220 1801 1315 1835 tum
1337 1797 1441 1851 quia
1460 1798 1505 1838 in

42 1864 182 1911 libris,
206 1864 283 1919 qui
305 1863 592 1905 sacerdotales
614 1871 834 1913 vocantur,
867 1880 1017 1906 earum
1041 1881 1145 1907 usus
1162 1874 1365 1923 receptus
1387 1869 1504 1911 vide-

43 1943 130 1985 tur,
164 1944 259 1978 tum
295 1937 402 1992 quia
434 1938 477 1977 in
514 1937 742 1977 maritimis
776 1938 1150 1994 navigationibus,
1188 1956 1285 1981 cum
1317 1949 1506 1997 nequeat

43 2025 195 2052 verum
233 2011 560 2051 Sacramentum
598 2010 766 2066 peragi,
802 2010 892 2052 haec
924 2012 1133 2052 memoria
1164 2014 1270 2054 satis
1301 2014 1504 2070 prodest3

44 2090 88 2124 et
109 2083 285 2124 tandem
308 2084 413 2138 quia
435 2084 479 2123 in
500 2083 649 2124 multis
669 2083 785 2131 locis,
810 2084 889 2124 ubi
911 2084 1183 2126 sacerdotum
1206 2087 1332 2143 copia
1353 2087 1505 2130 haberi

43 2171 127 2198 non
149 2163 306 2213 potest,
336 2163 413 2197 aut
446 2172 531 2197 non
565 2156 723 2197 adsunt
757 2157 995 2199 ministeria
1016 2159 1160 2199 omnia
1182 2158 1237 2199 ad
1258 2175 1504 2203 consecran-

44 2229 148 2271 dum
168 2231 419 2280 necessaria,
443 2231 622 2287 expedit
642 2231 709 2271 his
731 2231 872 2272 missis
894 2232 1015 2272 siccis
1044 2233 1121 2279 uti,
1154 2239 1204 2273 ut
1225 2231 1359 2289 hujus
1379 2236 1504 2277 sacri-

45 2303 128 2344 ficii
149 2305 356 2345 memoria
389 2303 508 2359 apud
530 2303 679 2345 fideles
710 2305 954 2346 retineatur
974 2321 982 2353 ;
1018 2304 1135 2361 quod
1159 2306 1503 2362 Quinqueecele-

44 2375 191 2417 siensis
225 2378 412 2419 maxime
445 2377 596 2419 suasit.
659 2377 729 2418 De
752 2378 1025 2419 mercedibus
1047 2379 1191 2427 etiam,
1215 2395 1312 2435 quae
1334 2381 1505 2423 solvun-

44 2456 118 2491 tur
148 2465 228 2506 pro
256 2451 404 2492 Missis
440 2451 722 2501 celebrandis,
757 2453 959 2507 quamvis
982 2453 1137 2494 Abbas
1172 2454 1506 2498 Panormitanus

44 2529 88 2564 et
110 2522 321 2565 Doctores
355 2525 496 2566 licitas
527 2540 618 2566 esse
650 2526 883 2574 fateantur,
920 2541 1003 2566 non
1028 2533 1236 2582 tanquam
1259 2544 1338 2585 pro
1360 2531 1505 2585 pretio

44 2593 206 2645 Missae,
243 2596 319 2637 sed
340 2611 420 2652 pro
441 2597 590 2638 labore
612 2604 656 2638 et
676 2612 821 2653 opera,
857 2599 926 2638 cui
950 2599 1172 2641 celebrans
1199 2600 1274 2642 ille
1308 2609 1402 2643 erat
1433 2603 1506 2644 ad-

44 2667 244 2718 strictus3
277 2675 421 2710 tamen
455 2670 560 2725 quia
593 2670 660 2710 his
692 2671 970 2726 temporibus
997 2672 1180 2712 nimium
1202 2672 1295 2714 haec
1316 2689 1384 2715 res
1406 2690 1505 2731 pro-

42 2737 168 2795 lapsa
189 2747 268 2789 est,
292 2741 511 2796 placebat,
541 2749 591 2783 ut
614 2743 771 2784 saltem
794 2757 873 2798 pro
897 2742 1044 2783 Missis
1066 2743 1238 2784 incertis
1260 2751 1305 2785 et
1326 2760 1427 2800 quae
1450 2762 1504 2788 ex

46 2817 240 2868 tempore
273 2813 516 2856 offeruntur
548 2815 654 2857 nihil
695 2816 787 2871 peti
823 2822 998 2871 posset:
1031 2816 1084 2857 de
1107 2816 1202 2858 aliis
1229 2817 1339 2859 nihil
1361 2820 1503 2875 expri-
