1905 3254
684 269 799 299 sess
826 269 887 298 lx.
1431 253 1515 292 6139

53 374 120 423 tis,
154 380 198 414 et
233 373 318 414 alia
356 373 424 413 his
460 373 620 414 similia
661 389 762 429 quae
796 381 1045 430 temporum
1087 374 1338 416 vicissitudo
1375 374 1511 415 affert.

53 446 258 503 Replicat
276 446 432 487 Comes
447 446 681 495 Lunensis,
698 447 848 487 inanes
865 462 955 488 esse
970 448 1046 488 hos
1062 453 1260 497 terrores,
1277 454 1322 489 et
1334 446 1515 488 frivolas

55 521 335 576 suspiciones,
373 534 398 560 a
435 519 606 575 quibus,
639 519 674 560 si
697 519 940 560 timendum
963 520 1033 567 sit,
1065 519 1197 560 etiam
1220 520 1305 560 alia
1324 520 1370 560 in
1390 519 1517 560 horas

57 593 252 635 dubitari
273 608 398 649 posse
419 593 548 633 nimis
570 593 743 633 incerta.
806 592 860 633 In
880 593 1088 648 praesenti
1110 593 1215 633 satis
1237 594 1321 634 sibi
1352 600 1516 634 certum

57 681 164 716 esse,
179 667 270 708 haec
292 666 502 722 Philippo
524 666 640 721 Regi
660 681 738 706 suo
759 666 936 706 minime
959 665 1178 721 expedire,
1197 672 1518 722 proptereaque

59 747 275 796 quantum
290 739 334 779 in
355 754 399 779 se
414 739 552 780 fuerit
574 745 862 794 repugnatur.

116 813 205 855 Hic
226 813 513 855 Prae-latorum
531 819 772 854 conventus
791 811 910 868 apud
928 811 1145 852 Comitem
1162 810 1278 852 hunc
1298 810 1353 851 ad
1368 810 1518 852 horam

58 887 225 928 circiter
247 888 318 928 211111
343 886 480 927 noctis
511 885 784 941 perduravit.
849 884 957 925 Inde
990 899 1092 925 vero
1124 884 1231 925 hora
1250 886 1295 925 4³
1315 885 1519 926 Nuncius

58 975 112 1001 ex
134 960 259 1001 Urbe
281 974 442 1015 magna
464 958 686 999 celeritate
709 958 764 999 ad
785 973 885 999 eum
907 958 1064 998 missus
1086 958 1140 997 ab
1168 957 1352 998 Oratore
1374 957 1518 1013 Regio

56 1034 100 1074 in
121 1033 245 1074 Urbe
277 1038 581 1079 commorante,
606 1032 683 1087 qui
705 1031 745 1072 ei
775 1031 988 1086 significat
1011 1032 1121 1071 Smum
1135 1029 1190 1071 D.
1217 1031 1362 1071 Nrum
1394 1029 1520 1086 gravi

59 1112 103 1147 et
133 1105 379 1161 periculoso
412 1105 564 1146 morbo
603 1104 819 1145 laborare.
883 1103 1054 1145 Eadem
1095 1110 1218 1144 nocte
1258 1102 1365 1143 hora
1404 1116 1520 1142 nona

59 1178 223 1233 Legati
245 1178 409 1218 similes
440 1177 589 1218 literas
615 1192 668 1217 ex
694 1176 819 1216 Urbe
843 1176 1075 1232 accipiunt,
1099 1176 1144 1216 in
1166 1189 1414 1230 magnoque
1437 1173 1520 1214 dis-

58 1251 235 1292 crimine
258 1251 414 1292 salutis
437 1251 547 1291 Smum
563 1250 706 1290 Nrum
728 1249 917 1304 positum
944 1264 1036 1289 esse
1064 1246 1441 1303 [significabatur]¹
1467 1261 1521 1287 ex

58 1326 286 1380 repentina
329 1324 536 1365 Catarrhi
576 1323 783 1370 fluxione,
826 1322 938 1362 febri
975 1322 1193 1378 adjuncta,
1227 1336 1326 1376 quae
1366 1320 1522 1361 vitales

58 1395 237 1451 spiritus
261 1395 388 1437 valde
405 1397 497 1451 jam
520 1393 785 1435 debilitavit.

413 1517 504 1564 Die
530 1517 687 1580 prima
714 1515 995 1562 Decembris
1028 1517 1166 1562 1563.

119 1632 217 1673 Hoc
239 1631 354 1672 tristi
377 1631 550 1671 Nuncio
573 1637 747 1686 accepto
771 1630 963 1687 graviter
985 1644 1131 1671 omnes
1160 1635 1260 1670 sunt
1282 1629 1520 1685 prostrat?

63 1707 269 1763 quodque
289 1705 538 1747 Cardinalis
560 1704 768 1746 Moronus
789 1720 900 1760 saepe
914 1704 1181 1760 praesagiens
1203 1703 1375 1743 dixerat
1395 1717 1522 1758 posse

61 1784 284 1840 inopinato
306 1782 531 1824 interitum
556 1781 625 1821 Smi
648 1782 707 1822 N.
731 1779 977 1827 succedere,
1006 1778 1213 1835 quodque
1245 1778 1402 1820 Comes
1431 1779 1523 1819 Lu-

63 1859 206 1900 nensis
229 1857 453 1913 aspernari
474 1870 793 1912 usquequaque
821 1855 1000 1902 solebat,
1024 1869 1139 1895 nunc
1169 1854 1344 1895 tandem
1375 1854 1524 1896 divino

57 1931 224 1988 judicio
256 1930 459 1972 accidisse
492 1944 640 1970 omnes
677 1928 804 1970 valde
838 1929 1122 1969 mirabantur.
1191 1928 1348 1983 Legati
1377 1927 1523 1969 statim

63 2012 300 2047 convocant
322 2008 510 2052 omncs;³
543 2003 605 2044 rei
627 2009 789 2043 statum
820 2008 1012 2050 narrant,
1037 2016 1084 2042 ac
1114 2016 1307 2056 praesens
1342 2000 1524 2042 remedi-

63 2093 137 2119 um
171 2077 369 2119 adhiberi
393 2076 632 2133 postulant.
698 2075 904 2116 Oratores
930 2074 1155 2115 consilium
1190 2073 1245 2114 ad
1279 2073 1524 2114 deliberan-

64 2151 169 2193 dum
192 2166 330 2207 usque
353 2150 396 2190 in
420 2162 649 2204 vesperam
683 2154 854 2203 petunt.
919 2148 1100 2188 Summa
1121 2145 1215 2187 haee
1238 2153 1333 2187 erat
1361 2146 1525 2187 delibe-

64 2225 260 2273 rationis,
296 2239 349 2265 an
387 2222 630 2264 Concilium
664 2222 828 2271 statim,
857 2236 941 2261 non
971 2220 1054 2261 alio
1085 2226 1315 2276 expectato
1348 2220 1524 2260 Nuncio

65 2298 119 2340 de
152 2298 274 2339 obitu
308 2296 530 2338 Pontificis
560 2295 770 2336 finiretur.
831 2293 1054 2335 Videbant
1088 2308 1246 2341 omnes,
1280 2293 1315 2334 si
1350 2300 1527 2349 tempus

65 2374 386 2428 interponatur,
409 2384 535 2426 posse
560 2368 858 2410 Christianam
889 2367 1226 2423 Rempublicam
1256 2381 1306 2406 eo
1328 2366 1525 2421 perduci,

65 2452 117 2486 ut
139 2444 282 2486 onmia
310 2442 646 2490 calamitatibus,
672 2441 810 2488 bellis,
835 2446 879 2480 ct
902 2446 1016 2479 certo
1048 2438 1139 2479 fere
1169 2437 1395 2478 schismate
1429 2453 1526 2494 per-

66 2518 316 2560 turbentur.
395 2516 512 2557 Nam
553 2516 600 2564 si,
644 2513 862 2570 pendente
903 2511 1112 2559 Concilio,
1147 2525 1263 2550 mors
1303 2511 1526 2551 Pontificis

65 2598 288 2648 sequatur,
308 2589 554 2647 periculum
577 2595 684 2635 erat,
706 2602 759 2628 ne
781 2590 877 2642 ejus
903 2586 1055 2626 electio
1077 2600 1103 2626 a
1133 2583 1299 2626 Pfibus
1330 2585 1375 2626 in
1409 2584 1523 2626 Con·

111 2691 120 2710 ¹
145 2692 237 2722 From
253 2689 423 2730 Raynald„
438 2689 508 2720 who
523 2689 617 2720 omits
635 2688 683 2719 the
699 2686 861 2725 following
878 2684 1073 2726 particulare.

112 2743 125 2762 ’ἶ
150 2744 326 2781 Protestati,
345 2743 448 2782 Rayn.

111 2797 125 2815 ⁸
152 2797 256 2835 Rayu.
273 2796 351 2827 adds
365 2795 521 2827 Oratores.
