1905 3254
318 297 403 337 632
959 311 1068 340 suss
1095 311 1155 341 lx.

325 427 441 462 runt.
507 419 663 473 Itaque
679 424 766 458 tres
787 418 941 458 classes
960 418 1203 459 constitutae
1218 423 1331 465 sunt,
1349 419 1404 457 et‘
1430 417 1474 458 in
1498 431 1779 472 unamquam-

327 509 415 550 que
432 492 660 534 distributi
679 492 873 548 quinque
891 491 1072 532 Praelati
1094 498 1137 531 et
1160 490 1341 531 totidem
1364 489 1591 546 Theologi,
1609 490 1685 545 qui
1704 489 1782 530 hos

328 568 492 607 abusus
512 572 729 616 notarent,
752 571 796 606 et
817 579 949 620 super
970 564 1037 605 his
1059 564 1234 605 decreta
1261 564 1530 605 conficerent.
1592 564 1784 604 Nomina

325 639 619 680 Praelatorum
652 645 694 679 et
727 637 1054 693 Theologorum
1097 636 1413 692 deputatorum
1446 651 1580 692 super
1612 636 1782 692 Purga-

324 710 447 759 torio,
472 717 514 751 et
538 709 845 765 IndulgentiiS,
869 715 913 750 et
938 709 1227 765 Imaginibus,
1251 707 1351 750 vide
1373 708 1445 749 fol.

721 821 813 867 Die
847 823 900 867 15
929 821 1219 868 Novembris
1251 825 1390 869 1563.

383 928 591 969 Habetur
623 928 920 984 Congregatio
946 929 1082 970 Pfum
1112 943 1246 984 super
1278 930 1329 970 14
1352 929 1544 970 articulis
1578 929 1781 970 reforma-

327 1002 493 1042 tionum
515 1013 563 1056 p⁰
584 1002 829 1057 propositis
857 1017 1040 1057 quorum
1064 1002 1187 1043 alias²
1215 1004 1339 1058 copia
1367 1003 1470 1044 data
1501 1003 1599 1051 fuit,
1620 1003 1664 1043 in
1697 1017 1785 1058 qua

328 1074 574 1115 Cardinalis
592 1074 802 1116 Moronus
819 1075 996 1131 incepit.
1060 1076 1300 1132 Postquam
1317 1082 1503 1117 tractata
1526 1091 1576 1116 ea
1592 1076 1781 1121 fuerunt,

325 1164 426 1203 quae
448 1149 588 1205 magis
608 1149 846 1190 necessaria
864 1149 1054 1195 fuerunt,
1072 1156 1116 1191 et
1134 1164 1235 1205 quae
1253 1149 1308 1191 ad
1330 1149 1536 1207 dogmata
1548 1149 1782 1205 pertinent,

324 1221 539 1264 Haeretici
573 1228 734 1270 autem,
770 1238 956 1279 quorum
996 1224 1221 1280 praecipue
1260 1226 1387 1265 causa
1426 1223 1505 1264 hoc
1539 1223 1783 1264 Concilium

324 1295 409 1336 fuit
430 1303 726 1343 convocatum,
759 1296 953 1352 quotidie
976 1297 1284 1338 obstinatiores
1311 1296 1436 1338 reddi
1467 1297 1682 1345 videntur,
1704 1312 1782 1338 nec

325 1383 447 1424 spem
466 1370 602 1410 ullam
625 1370 751 1410 nobis
774 1386 922 1411 eorum
943 1371 1147 1425 praebent
1169 1371 1495 1420 emendationis,
1510 1372 1563 1412 de
1579 1372 1783 1413 reforma-

327 1441 443 1482 tione
465 1442 599 1483 etiam
621 1448 710 1483 tam
734 1442 874 1483 multa
894 1442 1105 1483 hactenus
1126 1444 1362 1484 constituta
1383 1451 1498 1492 sunt,
1522 1459 1620 1500 quae
1654 1445 1729 1484 vix
1759 1459 1784 1484 a

326 1515 478 1555 multis
494 1515 809 1570 sperabantur,
844 1530 942 1570 quae
964 1530 1065 1555 sane
1088 1515 1123 1555 si
1145 1516 1244 1570 quis
1265 1516 1404 1557 adhuc
1418 1517 1675 1572 perfectiora
1691 1532 1783 1558 esse

327 1587 556 1634 desideret,
582 1586 939 1628 animadverterit
960 1588 1033 1629 ille
1056 1603 1127 1629 eos
1156 1604 1286 1645 saepe,
1312 1590 1388 1645 qui
1409 1590 1590 1630 meliora
1612 1590 1782 1639 volunt,

326 1661 524 1701 amittere
547 1661 676 1702 etiam
699 1662 824 1702 bona.
869 1662 1117 1717 Supersunt
1139 1677 1242 1704 vero
1260 1663 1400 1705 adhuc
1416 1671 1460 1705 et
1477 1664 1563 1705 alia
1580 1663 1783 1719 quaedam

325 1732 378 1774 de
400 1733 741 1783 Reform-atione,
766 1750 864 1790 quae
894 1735 1017 1776 vobis
1048 1750 1163 1776 nunc
1198 1742 1520 1792 proponuntur,
1542 1737 1654 1777 inter
1681 1751 1781 1792 quae

326 1813 447 1847 extat
481 1806 631 1863 Caput
666 1807 779 1848 illud
815 1808 1022 1849 ultimum
1059 1809 1112 1849 de
1149 1809 1431 1864 Principibus
1472 1809 1780 1858 Saecularibus,

325 1879 443 1935 quod
483 1879 708 1921 redactum
750 1881 836 1921 fuit
870 1881 915 1921 in
956 1881 1202 1922 breviorem
1244 1883 1450 1922 formam:
1493 1888 1536 1923 et
1567 1883 1782 1937 cupimus,

325 1954 480 1995 Patres
500 1954 619 2005 boni,
640 1955 786 1995 onmia
807 1955 1041 2003 consulere,
1064 1970 1163 1996 nam
1187 1961 1231 1996 et
1247 1954 1433 1996 conditio
1455 1962 1717 2010 temporum,
1740 1961 1784 1996 et

324 2041 468 2067 rerum
490 2034 632 2068 status
652 2027 717 2068 ita
737 2028 887 2083 exigit,
911 2035 963 2069 ut
993 2029 1133 2069 multa
1156 2028 1286 2069 etiam
1317 2028 1625 2084 relinquantur
1657 2029 1780 2070 Prin-

325 2100 473 2156 cipum
510 2100 680 2156 pietati,
715 2106 757 2141 et
788 2101 1005 2157 religioni,
1043 2116 1151 2157 quos
1184 2101 1427 2156 praesertim
1461 2101 1707 2143 defensores
1738 2110 1783 2145 et

326 2180 578 2215 executores
595 2175 799 2230 cupimus
822 2189 913 2215 esse
931 2175 1220 2216 Decretorum
1236 2181 1496 2218 nostrorum.
1539 2176 1571 2217 J
1575 2191 1643 2217 am
1666 2191 1782 2225 vero,

327 2262 424 2287 cum
464 2248 633 2287 fructus
669 2248 723 2287 Sti
749 2247 881 2303 hujus
911 2248 1092 2289 Concilii
1113 2249 1196 2289 sint
1228 2249 1403 2296 maturi,
1426 2256 1602 2305 tempus
1624 2257 1688 2292 est
1711 2266 1783 2291 eos

327 2317 571 2374 colligendi,
594 2333 647 2359 ne
667 2318 849 2359 nimium
872 2319 996 2360 dilati
1020 2326 1289 2375 putrescant.
1354 2320 1448 2360 Sm¹¹⁵
1472 2327 1631 2368 noster,
1654 2321 1783 2362 sicuti

326 2393 450 2434 initio
472 2394 674 2434 Sanctam
695 2393 806 2434 hanc
840 2392 1064 2448 Synodum
1092 2407 1171 2448 pro
1204 2393 1467 2435 Christianae
1503 2394 1782 2451 Reipublicae

328 2466 520 2507 utilitate
541 2466 807 2514 convocavit,
821 2466 884 2507 ita
904 2480 1031 2512 nunc,
1053 2481 1099 2507 re
1121 2466 1232 2507 bene
1254 2474 1445 2522 peracta,
1461 2475 1586 2523 optat
1607 2468 1781 2510 tandem

325 2540 454 2579 finem
498 2537 692 2578 Concilio
732 2538 913 2594 imponi,
952 2539 1083 2579 rebus
1132 2540 1195 2580 ita
1244 2539 1436 2595 publicis
1487 2540 1781 2596 exigentibus.

329 2611 453 2652 Idem
475 2610 609 2651 etiam
640 2616 800 2665 petunt
823 2610 1032 2652 Oratores
1061 2611 1252 2653 Caesarei
1284 2613 1421 2661 enixe,
1453 2620 1497 2654 ct
1536 2612 1785 2654 Cardinalis

328 2683 643 2738 Lotharingius
683 2684 854 2724 nomine
905 2684 1146 2725 Gallicanae
1202 2685 1440 2726 Provinciae
1492 2685 1706 2734 admonet,
1749 2687 1784 2727 si

328 2757 491 2797 salvam
515 2755 717 2796 volumus
737 2755 859 2797 illam
883 2756 1170 2806 Provinciam,
1195 2763 1238 2798 et
1268 2772 1351 2799 non
1385 2758 1563 2813 penitus
1590 2758 1781 2807 interire,

413 2846 420 2866 ¹
447 2846 491 2876 Ut
508 2846 552 2876 for
567 2850 595 2875 et
610 2845 642 2875 in
659 2845 708 2876 the
726 2846 807 2884 MS„
830 2846 933 2886 Rayn.
1150 2847 1162 2864 ⁸
1186 2849 1226 2879 So
1244 2848 1366 2887 Rayn.;
1392 2847 1442 2878 the
1461 2848 1534 2878 Ms.
1550 2848 1575 2879 is
1590 2848 1696 2879 altera.
