1905 3254
737 371 848 401 sEss.
875 371 947 401 vu.
1493 358 1577 396 469

116 476 251 516 mium
274 482 556 530 proponatur,
581 491 667 531 quo
684 481 757 531 Jus
779 478 979 517 divinum
1003 479 1207 533 explicite
1234 479 1417 533 proferri
1439 480 1566 519 multi

116 549 302 595 aiebant,
335 549 440 589 satis
473 564 544 590 cos
570 550 818 605 explorasse
849 554 940 605 jam
968 551 1151 591 Patrum
1174 552 1351 599 animos,
1374 566 1564 607 comper·

115 620 417 676 tissimumque
450 620 614 662 habere
649 621 704 662 ad
745 623 967 678 graviores
1009 623 1231 679 Synodum
1273 625 1565 665 contentiones

115 692 422 741 discensuram,
460 694 782 749 sessionemque
811 693 1071 743 diutissime,
1103 709 1150 735 ac
1171 697 1331 751 magna
1354 695 1563 736 Christia-

111 779 267 806 norum
288 766 483 806 omnium
505 766 739 807 offensione
768 767 1101 822 proferendam;
1138 774 1374 823 propterea
1407 783 1564 823 cupere

113 853 170 886 se,
193 845 243 879 ut
264 839 399 880 verba
413 839 624 880 nonnulla
647 841 691 880 in
713 839 864 881 eodem
887 841 1113 895 prooemio,
1130 841 1293 895 quibus
1310 841 1447 882 altera
1462 857 1563 897 pars

112 911 293 952 niinium
315 926 360 953 se
383 911 487 953 laedi
507 919 649 968 putat,
676 912 838 952 auditis
859 913 1067 967 utrinque
1094 913 1352 962 rationibus,
1388 915 1452 955 ita
1483 915 1561 954 im-

111 990 348 1030 mutentur,
372 990 423 1024 ut
445 999 497 1024 ex
519 984 756 1039 composito
777 999 844 1025 res
864 985 1146 1041 transigatur,
1168 999 1244 1026 nec
1264 1000 1390 1026 novae
1412 986 1562 1041 dispu-

112 1054 296 1096 tationes
326 1056 413 1097 sint
444 1056 712 1101 revocandae,
748 1071 844 1097 cum
878 1057 1011 1097 semel
1036 1057 1150 1097 enim
1173 1057 1286 1097 inter
1306 1057 1562 1098 constitutos

111 1126 277 1182 aliquot
311 1128 367 1168 ab
389 1128 452 1167 cis
474 1127 630 1169 Patres
659 1129 921 1177 convenerit,
955 1129 1060 1169 satis
1091 1130 1260 1184 operari
1294 1143 1431 1183 posse,
1465 1130 1563 1170 reli·

110 1214 218 1255 quos
239 1201 370 1241 etiam
392 1201 437 1241 in
459 1208 674 1241 conventu
699 1202 889 1257 amplius
915 1216 999 1242 non
1022 1201 1299 1242 dissensuros.
1366 1202 1450 1242 His
1472 1202 1561 1251 diu,

112 1272 228 1314 ultro
249 1273 444 1329 citroque
467 1275 759 1329 pertractatis,
784 1275 1066 1329 omniumque
1091 1274 1245 1314 animis
1274 1275 1457 1315 assiduis
1479 1274 1562 1314 dis-

109 1346 415 1402 putationibus
447 1347 716 1403 defatigatis,
750 1348 961 1402 novisque
997 1347 1182 1387 subinde
1215 1347 1411 1403 Legatis‚
1445 1348 1561 1403 quod

110 1419 217 1462 alias
250 1420 454 1468 diximus,
492 1420 697 1467 suffectis,
731 1419 906 1461 tandem
944 1420 1064 1475 apud
1102 1420 1379 1461 Cardinalem
1419 1420 1562 1461 Moro-

108 1508 226 1543 uum,
260 1493 534 1535 diversorum
570 1494 872 1542 Praelatorum,
907 1509 954 1534 ac
990 1493 1313 1549 Theologorum
1346 1495 1561 1535 minorum

108 1573 323 1608 conventu
343 1566 507 1614 habito,
530 1582 597 1608 res
619 1582 668 1608 eo
690 1568 845 1624 magis¹
870 1567 1016 1607 excuti
1038 1566 1361 1622 diligenterque
1385 1567 1561 1613 versari,

109 1640 397 1681 consentiente
418 1639 722 1696 Lotharingio,
747 1647 896 1696 coepta
918 1645 995 1686 cst,
1031 1654 1129 1679 cum
1158 1639 1301 1678 multa
1330 1638 1429 1678 hinc
1461 1637 1561 1679 inde

109 1711 369 1769 deprompta
401 1713 599 1761 fuissent,
633 1713 727 1754 haec
756 1713 844 1753 fere
879 1719 1002 1753 erant
1033 1712 1274 1766 praecipua,
1301 1726 1399 1766 quae
1421 1711 1476 1752 ab
1496 1711 1560 1759 iis,

109 1785 187 1840 qui
203 1789 279 1840 jus
300 1784 497 1825 divinum
528 1785 810 1840 respuebant,
844 1799 897 1825 ex
920 1783 1133 1840 prooemio
1155 1782 1433 1837 Lotharingii
1455 1782 1560 1830 tolli,

110 1864 186 1898 aut
217 1858 443 1899 immutari
476 1858 824 1899 contendebant:
858 1859 923 1899 ΡΟ.
955 1858 1059 1898 dum
1081 1856 1308 1897 dicebatur
1338 1863 1561 1910 praecepto

108 1929 256 1971 divino
288 1931 503 1986 petebant
539 1931 653 1979 addi,
687 1938 730 1972 et
765 1930 999 1978 Canonico,
1035 1931 1127 1970 sive
1162 1928 1479 1975 Ecclesiastico,
1513 1928 1559 1968 id

108 2003 304 2052 verbum,
338 2019 503 2060 regere,
537 2005 751 2060 petebant
781 2004 878 2045 tolli
913 2019 965 2045 ex
999 2018 1049 2044 eo
1084 2003 1187 2048 loco,
1224 2001 1558 2043 ibi=b0n0rum

107 2077 297 2117 omnium
321 2092 503 2133 operum
536 2078 752 2133 exemplo,
776 2092 964 2132 pascere,
994 2077 1087 2124 &c.,
1123 2076 1280 2122 aiebat,
1314 2074 1560 2120 dicendum,

109 2150 320 2205 exemplo,
355 2165 402 2191 ac
433 2151 545 2191 bono
576 2151 691 2191 omni
726 2165 860 2206 opere
896 2164 1048 2206 regere
1082 2155 1126 2190 et
1155 2163 1344 2204 pascere,
1370 2148 1461 2193 &c.,
1485 2148 1562 2187 ubi

107 2234 189 2261 non
220 2221 456 2277 invigilant
486 2237 628 2277 neque
659 2223 894 2270 adsistunt,
927 2220 1172 2265 dicendum,
1208 2235 1291 2260 non
1325 2219 1561 2274 invigilant

107 2307 247 2348 neque
269 2295 666 2351 superintendunt;
701 2296 778 2336 ubi
810 2294 1005 2335 declarat
1041 2294 1199 2333 Sancta
1234 2291 1447 2347 SynoduS,
1471 2291 1561 2337 Sco„

107 2364 351 2416 dicendum,
375 2367 564 2416 mandat,
598 2383 674 2408 seu
697 2367 901 2422 praecipit
935 2366 1094 2406 Sancta
1128 2365 1326 2419 Synodus
1357 2364 1417 2404 ibi
1441 2363 1563 2404 Resi-

107 2437 256 2480 dentia
291 2440 382 2486 ubi,
414 2440 503 2487 &c.‚
532 2439 763 2481 dicendum
799 2438 1096 2479 Residentiam
1132 2436 1258 2476 inodo
1290 2436 1564 2490 infrascripto

109 2510 197 2559 ubi,
240 2512 330 2559 &c.,
358 2512 421 2552 ibi
459 2512 654 2567 injuncto
695 2512 778 2552 sibi
814 2510 1040 2556 divinitus,
1076 2509 1166 2551 &c.‚
1201 2507 1437 2549 tollendum
1473 2512 1562 2563 jam

110 2583 307 2631 verbum,
347 2584 560 2626 divinitus
601 2585 663 2625 ibi
695 2585 776 2624 nisi
812 2598 865 2624 ex
907 2583 1047 2623 causis
1083 2587 1126 2622 et
1166 2580 1305 2621 modis
1346 2580 1566 2622 dicendis.²

112 2653 290 2697 Summa
329 2663 478 2697 autem
519 2656 675 2697 horum
708 2656 939 2696 verborum
982 2654 1072 2694 haec
1113 2660 1217 2699 erat,
1257 2653 1374 2708 quod
1405 2667 1459 2693 ex
1500 2652 1566 2694 his

152 2773 160 2791 ¹
189 2775 300 2806 Minus
315 2775 346 2805 in
363 2775 412 2805 the
428 2776 512 2812 MS.‚
525 2774 679 2815 probably
697 2775 775 2804 from
800 2773 850 2803 the
875 2774 958 2803 word
983 2772 1141 2802 minorum
1157 2771 1272 2810 having
1293 2772 1358 2811 just
1372 2773 1474 2803 before
1491 2773 1566 2804 been

110 2825 237 2857 written.

150 2877 163 2894 ²
184 2878 249 2909 The
265 2880 368 2910 reader
384 2885 466 2910 must
481 2879 573 2910 make
588 2880 638 2909 the
655 2880 717 2909 best
735 2879 772 2908 he
789 2889 846 2908 can
863 2882 915 2907 out
933 2879 966 2907 οῖ’
981 2876 1029 2906 the
1046 2876 1222 2917 preceding.
