1905 3254
658 306 766 337 SEss.
793 307 868 338 vn.
1413 299 1498 338 483

33 410 144 451 riam
179 415 524 464 consequuturos
554 409 836 465 praedicabat.
901 411 1200 453 Observatum
1230 413 1315 455 fuit
1342 415 1385 454 in
1408 415 1492 456 Lo-

36 480 258 537 tharingio
275 481 488 522 invictum
507 482 640 522 animi
658 482 805 531 robur,
824 498 1075 539 magnaque
1090 486 1135 525 in
1153 485 1344 527 adversis
1360 487 1494 528 rebus

38 553 249 594 fortitudo
276 568 324 594 ac
355 553 616 609 prudentia3
648 569 749 595 nam
770 555 947 597 sublato
969 556 1096 598 Duce
1118 559 1493 612 praestantissimo,

38 641 125 682 quo
163 626 322 667 Galliae
356 626 599 682 presidium
640 626 850 668 adversus
883 628 1113 670 haereticos
1153 632 1342 672 maxime
1386 632 1494 672 nite-

38 699 184 747 batur,
206 714 303 740 cum
334 701 441 755 ipse,
465 700 541 755 qui
572 706 617 740 et
648 700 785 741 frater
816 708 924 749 erat,
950 708 994 742 et
1015 703 1058 742 in
1082 717 1169 757 quo
1205 718 1366 759 magna
1398 719 1497 758 spes

38 769 313 825 privatarum
345 786 492 812 rerum
525 786 705 812 suarum
739 772 822 813 sita
855 779 961 821 erat,
985 773 1064 814 hoc
1086 774 1269 815 vulnere
1300 775 1497 830 graviter

38 857 267 899 percussus
298 843 634 893 existimaretur,
666 845 758 900 ipsc
787 852 934 886 tamen
965 846 1071 887 adeo
1104 847 1325 902 patienter
1353 847 1497 888 modev

38 922 222 971 rateque
254 915 370 957 hunc
401 932 549 957 casum
585 917 702 965 tulit,
725 925 775 959 ut
809 926 908 973 post
936 934 1073 960 unum
1095 926 1139 961 et
1165 920 1353 961 alterum
1381 920 1497 961 diem

38 988 111 1029 vix
151 988 393 1044 quidquam
434 990 633 1030 moeroris
680 991 725 1030 in
773 1005 823 1031 eo
867 992 1107 1048 vestigium
1152 992 1495 1048 dignosceretur.

40 1061 179 1103 Immo
210 1061 356 1102 triduo
392 1069 491 1117 post
527 1062 709 1103 Missam
749 1063 794 1104 in
828 1064 995 1119 templo
1033 1065 1179 1106 Sancti
1220 1066 1497 1115 Bernardini,

37 1134 167 1182 omni,
189 1141 240 1175 ut
276 1134 528 1184 videbatur,
552 1134 651 1176 odio
683 1142 818 1191 atque
852 1136 985 1176 animi
1017 1138 1256 1179 acerbitate
1284 1138 1497 1194 deposita,

37 1206 289 1248 celebravit.

96 1278 197 1319 Non
214 1278 322 1320 levis
336 1279 510 1319 interim
527 1279 746 1320 tumultus
768 1280 881 1320 inter
896 1281 1126 1321 nonnullos
1143 1296 1197 1321 ex
1212 1281 1499 1324 familiaribus

41 1348 358 1406 Hispanorum,
385 1350 613 1398 Italorum,
633 1350 966 1406 Gallorumque,
982 1359 1159 1393 exortus
1180 1359 1301 1401 erat3
1336 1368 1391 1394 ex
1415 1369 1500 1409 quo

43 1422 223 1479 quidam
256 1423 370 1471 caesi,
395 1423 470 1463 alii
494 1423 713 1464 vulnerati
735 1424 936 1465 fucrant:
969 1439 1156 1479 cumque
1178 1427 1363 1481 majores
1385 1428 1500 1467 rixas

39 1495 318 1543 suscitandas,
355 1502 580 1551 totamque
627 1496 851 1551 Synodum
896 1496 1198 1537 vehementius
1239 1500 1497 1553 perturban-

39 1567 137 1609 dam
159 1568 452 1616 dubitaretur,
476 1568 637 1623 Legati
670 1583 758 1608 una
790 1584 887 1609 cum
913 1569 1174 1610 Oratoribus
1206 1571 1305 1626 paci
1327 1587 1498 1627 compo—

37 1641 188 1682 nendae
227 1656 403 1696 operam
436 1640 666 1688 dederunt,
689 1657 802 1689 cum,
838 1642 962 1690 ecce,l
994 1658 1107 1683 nova
1139 1643 1312 1698 Synodo
1350 1645 1500 1701 plaga,

37 1729 177 1769 eaque
211 1714 489 1755 acerbissima
535 1715 723 1754 accessit.
783 1714 900 1754 Nam
935 1714 1173 1755 Cardinalis
1216 1716 1499 1771 Seripandus,

0 1778 1 1837 ᾖ
37 1787 363 1842 ingravescente
398 1786 549 1826 morbo
581 1801 721 1842 nuper
753 1794 983 1834 contracto,
1015 1786 1086 1827 dic
1125 1787 1177 1828 17
1209 1787 1360 1828 Martii
1395 1789 1501 1831 hora

39 1858 127 1900 fere
149 1859 204 1899 23
225 1860 328 1900 vitae
361 1874 451 1900 suae
484 1873 643 1899 munus
675 1859 772 1900 Deo
803 1859 1028 1914 persolvit.
1091 1859 1164 1899 Ex
1195 1861 1289 1914 ejus
1318 1862 1500 1903 interitu

40 1932 146 1973 mire
167 1947 313 1973 omnes
334 1939 435 1973 sunt
454 1932 672 1987 prostrati,
689 1947 774 1972 non
796 1932 936 1971 solum
960 1931 1078 1986 quod
1101 1932 1283 1972 amissus
1303 1933 1369 1973 vir
1386 1941 1500 1975 essct

41 2004 255 2061 singulari
289 2004 547 2051 eruditione,
570 2005 758 2051 consilio,
793 2011 837 2045 et
872 2005 1099 2059 religione,
1122 2011 1254 2060 atque
1292 2005 1357 2046 his
1389 2014 1496 2048 tem-

42 2075 222 2130 poribus
251 2075 439 2116 maxime
476 2076 757 2122 necessarius,
791 2075 868 2116 sed
903 2075 1035 2115 etiam
1072 2075 1189 2129 quod
1224 2076 1341 2116 intra
1373 2078 1499 2131 quin-

42 2144 178 2187 decim
212 2146 382 2187 dierum
417 2147 612 2201 spatium
644 2151 736 2201 jam
771 2146 858 2187 duo
891 2147 1051 2201 Legati
1089 2146 1433 2201 praestantissimi
1474 2163 1500 2189 a

42 2219 167 2260 nobis
189 2218 384 2274 adempti
406 2226 560 2260 essent.
623 2219 799 2260 Accersi
832 2235 857 2260 a
892 2220 1017 2260 nobis
1052 2218 1188 2259 divini
1219 2219 1376 2274 judicii
1408 2219 1501 2262 haec

43 2297 194 2346 aperta
210 2290 370 2331 indicia
386 2291 665 2340 videbantur,
685 2292 890 2347 maleque
913 2291 967 2332 de
989 2292 1121 2332 rebus
1142 2292 1298 2331 nostris
1321 2291 1502 2345 plurimi

42 2363 274 2419 praesagire
308 2364 590 2419 cogebantur.
655 2365 699 2404 Is
732 2364 968 2419 quatridue
997 2369 1232 2417 antequam
1256 2362 1499 2411 decederet,

41 2447 136 2475 cum
160 2450 322 2476 sacram
345 2435 673 2477 Eucharistiam
695 2444 808 2477 esset
829 2443 1101 2491 sumpturus,
1125 2435 1267 2475 multa
1288 2434 1341 2475 de
1363 2450 1499 2477 sacra-

0 2506 2 2512 '
41 2507 209 2555 mentis,
232 2508 285 2548 de
318 2507 402 2549 fide
437 2508 676 2556 catholica,
699 2508 752 2549 de
774 2514 976 2548 anteacta
998 2522 1078 2548 sua
1101 2507 1205 2553 vita,
1231 2522 1374 2547 coram
1395 2523 1498 2548 non-

0 2574 2 2635 ζ
41 2578 172 2620 nullis
202 2580 402 2621 Praelatis
435 2582 479 2622 ct
511 2581 609 2621 aliis
644 2581 932 2622 familiaribus
965 2580 1054 2620 suis
1087 2586 1175 2619 tam
1205 2580 1278 2634 pie
1310 2579 1499 2634 pruden-

0 2659 4 2695 ῐ
44 2655 196 2706 terque
224 2652 440 2699 disseruit,
463 2660 513 2694 ut
542 2668 670 2694 nemo
691 2668 775 2693 non
798 2653 841 2693 in
860 2651 1114 2706 lachrymaS,
1138 2666 1193 2692 ex
1214 2651 1281 2692 his
1302 2652 1379 2706 qui
1401 2651 1500 2692 ade-

0 2725 2 2792 ζ
46 2729 154 2772 rant,
188 2724 447 2768 solveretur.
511 2725 632 2766 Inter
667 2731 824 2766 caetcra
861 2723 1082 2779 professus
1118 2729 1182 2764 cst
1217 2722 1344 2764 fidem
1378 2739 1501 2765 suam

666 2814 674 2833 ¹
702 2815 785 2849 Esse,
803 2814 875 2844 MS.

1161 2870 1186 2909 2
1212 2884 1223 2908 1
1248 2871 1274 2908 2
