1905 3254
703 309 811 341 51155.
839 310 896 339 w.
1449 294 1534 336 265

137 413 251 454 Cum
288 413 560 455 sacerdotum
592 413 811 455 oblatione
844 412 1147 454 defunctorum
1181 413 1346 454 animas
1377 413 1422 453 in
1448 411 1534 453 fide

77 485 336 528 decedentes
358 502 383 527 a
402 487 544 542 poenis
575 487 696 534 solvi,
732 486 1038 541 maturiusque
1073 484 1170 525 Deo
1201 484 1418 525 conciliari
1447 499 1536 525 cer-

76 566 169 600 tum
192 561 258 606 sit,
283 567 429 601 sancta
452 559 665 616 Synodus,
689 567 740 600 ut
771 559 843 613 pia
864 558 955 599 haee
978 557 1186 612 suffragia
1216 572 1296 612 pro
1323 557 1411 597 illis
1434 557 1536 598 assi-

78 630 163 672 due
186 638 486 680 exerceantur,
519 632 630 672 sicut
653 639 697 672 et
719 646 798 687 pro
830 631 1161 671 necessitatibus
1186 630 1318 670 variis
1339 629 1535 685 quotidie

76 701 264 742 Domino
303 701 497 749 offertur,
542 701 747 743 hortatur
783 716 928 742 omnes
970 701 1209 742 ordinarios
1252 715 1299 741 ae
1340 701 1532 742 1000111111

77 773 348 829 Superiores,
392 781 442 815 ut
482 775 526 814 in
569 774 912 816 Cathedralibus
953 780 998 815 01
1042 774 1301 830 Collegiatis
1344 773 1533 814 ecclesiis

76 852 238 903 praeter
258 847 485 888 missarum
508 848 715 889 solemnia
741 849 952 904 cujusque
970 846 1057 888 diei
1079 849 1269 904 propria,
1295 848 1379 888 alia
1400 848 1532 889 etiam

75 934 154 975 pro
191 920 497 960 anniversariis
533 920 837 962 defunctorum
879 920 1064 977 singulis
1103 920 1259 962 diebus
1299 927 1533 962 conventu-

74 993 204 1034 aliter
226 992 434 1033 celebrari
458 1000 707 1048 procurent.

130 1064 392 1106 Veneranda
412 1064 631 1107 Dominici
656 1066 860 1122 Corporis
883 1072 924 1106 et
946 1066 1168 1122 sanguinis
1188 1069 1405 1121 mysteria,
1430 1067 1525 1122 qui-

74 1139 159 1179 bus
182 1139 377 1180 caelestes
392 1139 553 1195 Angeli
571 1140 788 1187 assistunt,
804 1140 995 1195 profanis
1017 1154 1101 1179 non
1118 1139 1241 1180 decet
1262 1140 1365 1181 loeis
1386 1141 1531 1180 minis-

73 1212 212 1262 trari3
260 1227 393 1267 quare
431 1212 685 1253 Sacerdotes
719 1219 809 1254 tam
841 1213 1085 1261 saeculares,
1121 1228 1252 1268 quam
1288 1214 1529 1269 regulares,

72 1288 372 1340 cujuscunque
395 1285 480 1325 sint
501 1285 707 1333 instituti,
739 1299 823 1326 non
844 1286 928 1325 nisi
948 1285 992 1325 in
1015 1286 1202 1326 ecclesiis
1224 1285 1413 1327 Domino
1434 1301 1530 1327 con-

71 1358 260 1405 secratis,
296 1364 420 1398 extra
451 1372 562 1413 quas
593 1373 679 1399 non
717 1365 783 1400 est
817 1359 937 1399 loeus
967 1359 1174 1414 proprius
1196 1358 1404 1407 sacrificii,
1438 1358 1532 1400 haec

71 1446 189 1472 sacra
210 1430 400 1472 audeant
419 1445 657 1486 peragere3
691 1431 797 1473 alias
815 1431 1039 1473 Ordinarii
1061 1431 1241 1473 arbitrio
1263 1431 1530 1487 suspendan-

69 1510 156 1552 tur,
179 1518 263 1545 non
291 1503 566 1544 obstantibus
598 1504 952 1560 exemptionibus
985 1503 1336 1559 quibuscunque.
1400 1503 1531 1554 Quod

69 1577 106 1617 si
126 1576 376 1632 Episcopus
397 1576 641 1631 permittat,
678 1577 746 1617 vel
768 1592 928 1632 inagna
948 1577 1178 1617 necessitas
1200 1576 1307 1617 alibi
1329 1591 1401 1617 eos
1423 1577 1529 1618 eele-

71 1648 198 1688 brare
223 1648 469 1702 compellat,
503 1654 607 1688 tunc
637 1650 927 1690 consentiente
951 1648 1195 1694 Ordinario,
1228 1649 1263 1688 si
1288 1653 1385 1704 ejus
1406 1649 1531 1704 copia

69 1719 296 1761 commode
317 1718 469 1759 haberi
490 1721 638 1775 possit,
665 1734 754 1775 quo
777 1720 1093 1760 venerabiliore
1115 1727 1297 1774 possunt
1317 1721 1420 1769 1000,
1450 1722 1527 1762 1111-

70 1791 224 1846 primis
246 1797 392 1831 tamen
412 1790 586 1839 mundo,
620 1798 663 1831 01
690 1806 817 1846 aquae
838 1791 1079 1832 benedictae
1101 1791 1349 1846 aspersione
1371 1799 1415 1833 01
1435 1808 1528 1834 ora-

69 1866 186 1907 tione
208 1864 450 1921 purificato,
472 1864 518 1904 id
540 1864 600 1905 eis
621 1880 706 1905 non
728 1866 783 1905 sit
802 1865 1094 1906 interdictum.

128 1939 230 1980 Non
264 1936 390 1978 1110110
425 1937 568 1978 10011111
605 1938 767 1993 ipsum,
806 1939 885 1979 ubi
920 1937 1205 1993 impollutum
1249 1937 1327 1978 hoc
1363 1937 1530 1980 Christi

69 2013 328 2054 sacrificium
352 2011 546 2059 offertur,
579 2012 697 2052 omni
717 2027 897 2067 prorsus
919 2011 1043 2052 sorde
1065 2025 1209 2052 carere
1231 2017 1421 2066 oportet,
1451 2012 1526 2053 sed

70 2087 201 2128 etiam
223 2101 324 2141 quae
342 2085 397 2126 ad
414 2089 510 2141 ejus
532 2100 659 2125 usum
684 2085 881 2126 adhiberi
903 2086 1051 2134 solent,
1085 2084 1224 2125 veluti
1245 2099 1361 2134 vasa,
1400 2087 1528 2127 vesti-

68 2167 228 2207 menta,
267 2159 485 2206 altarium,
519 2158 663 2214 pallae,
688 2158 800 2207 vela,
834 2157 1083 2214 corporalia,
1118 2163 1161 2198 et
1193 2157 1277 2198 alia
1297 2157 1342 2199 id
1373 2173 1525 2215 genus,

69 2234 255 2274 maxime
282 2232 460 2279 munda,
492 2231 642 2279 nitida,
679 2238 723 2272 et
744 2247 828 2272 non
850 2232 993 2273 lacera
1024 2232 1269 2272 conservari
1296 2232 1522 2287 jubentur,

62 2307 193 2363 juxta
227 2305 558 2347 consuetudines
582 2305 727 2346 Innoc.
752 2305 842 2346 III.
866 2305 909 2345 in
933 2304 1128 2346 Concilio
1150 2305 1348 2360 generali
1369 2305 1521 2355 editas,

70 2395 168 2436 quae
188 2379 353 2435 incipit,
376 2378 578 2435 relinqui.

130 2451 242 2492 Cum
276 2466 397 2492 sacra
428 2451 635 2506 mysteria
661 2452 827 2491 summ-22
850 2450 1127 2490 veneratione
1149 2449 1234 2489 sint
1256 2449 1523 2505 peragenda,

68 2524 223 2565 intimo
254 2524 430 2580 quidem
461 2523 619 2565 affectu
650 2524 693 2564 in
725 2523 865 2564 solum
894 2521 1053 2570 Deum,
1077 2528 1253 2563 externo
1277 2537 1379 2563 vero
1401 2522 1523 2564 cultu

71 2596 177 2638 adeo
199 2597 437 2653 composito
460 2604 504 2638 ct
525 2596 690 2645 decoro,
729 2604 777 2637 ut
800 2596 906 2636 alios
927 2595 1157 2637 devotione
1184 2595 1369 2651 repleat,
1404 2602 1448 2636 et
1470 2595 1525 2637 ad

69 2669 320 2726 religionem
353 2670 536 2719 cxcitet3
581 2677 814 2726 propterea
848 2668 1103 2716 sacerdotes,
1140 2667 1245 2709 dum
1288 2667 1524 2710 Missarum

70 2742 272 2783 solemnia
302 2750 452 2799 agunt,
493 2758 578 2783 non
602 2743 726 2784 velut
748 2744 877 2784 citato
911 2758 1054 2790 cursu,
1086 2742 1399 2797 inculcatisque
1431 2757 1524 2784 ver-

71 2814 138 2855 bis
157 2814 249 2857 haec
271 2823 518 2872 properent,
548 2816 624 2857 5011
658 2823 773 2872 apte,
808 2816 1021 2864 distincte,
1045 2815 1330 2871 graviterque
1351 2815 1525 2872 singula
