<?xml version="1.0" encoding="UTF-8"?>
<!DOCTYPE html PUBLIC "-//W3C//DTD XHTML 1.0 Transitional//EN"
    "http://www.w3.org/TR/xhtml1/DTD/xhtml1-transitional.dtd">
<html xmlns="http://www.w3.org/1999/xhtml" xml:lang="en" lang="en">
 <head>
  <title>
</title>
<meta http-equiv="Content-Type" content="text/html;charset=utf-8" />
  <meta name='ocr-system' content='tesseract 3.04.00' />
  <meta name='ocr-capabilities' content='ocr_page ocr_carea ocr_par ocr_line ocrx_word'/>
</head>
<body>
  <div class='ocr_page' id='page_1' title='image "actaconciliitrid00paleuoft_0648.png"; bbox 0 0 1905 3254; ppageno 0'>
   <div class='ocr_carea' id='block_1_1' title="bbox 382 323 1218 380">
    <p class='ocr_par' dir='ltr' id='par_1_1' title="bbox 382 323 1218 380">
     <span class='ocr_line' id='line_1_1' title="bbox 382 323 1218 380; baseline 0.007 -8"><span class='ocrx_word' id='word_1_1' title='bbox 382 323 467 364; x_wconf 73' lang='lat' dir='ltr'>45ss</span> <span class='ocrx_word' id='word_1_2' title='bbox 1006 350 1117 379; x_wconf 56' lang='lat' dir='ltr'>sess⁴</span> <span class='ocrx_word' id='word_1_3' title='bbox 1142 351 1218 380; x_wconf 71' lang='lat' dir='ltr'>vn.</span> 
     </span>
    </p>
   </div>
   <div class='ocr_carea' id='block_1_2' title="bbox 1844 0 1905 3254">
    <p class='ocr_par' dir='ltr' id='par_1_2' title="bbox 1844 0 1905 3254">
     <span class='ocr_line' id='line_1_2' title="bbox 1844 0 1905 3254; baseline 0 -2760"><span class='ocrx_word' id='word_1_4' title='bbox 1844 0 1905 3254; x_wconf 95' lang='lat' dir='ltr'>   </span> 
     </span>
    </p>
   </div>
   <div class='ocr_carea' id='block_1_3' title="bbox 373 451 1905 2921">
    <p class='ocr_par' dir='ltr' id='par_1_3' title="bbox 384 451 1883 931">
     <span class='ocr_line' id='line_1_3' title="bbox 388 451 1883 518; baseline 0.009 -28"><span class='ocrx_word' id='word_1_5' title='bbox 388 466 438 491; x_wconf 81' lang='lat' dir='ltr'>ea</span> <span class='ocrx_word' id='word_1_6' title='bbox 466 465 566 506; x_wconf 81' lang='lat' dir='ltr'>quae</span> <span class='ocrx_word' id='word_1_7' title='bbox 588 451 858 508; x_wconf 77' lang='lat' dir='ltr'>frequentius</span> <span class='ocrx_word' id='word_1_8' title='bbox 892 455 936 494; x_wconf 89' lang='lat' dir='ltr'>in</span> <span class='ocrx_word' id='word_1_9' title='bbox 964 454 1320 513; x_wconf 80' lang='lat' dir='ltr'>Congregatione</span> <span class='ocrx_word' id='word_1_10' title='bbox 1356 460 1551 515; x_wconf 78' lang='lat' dir='ltr'>generali</span> <span class='ocrx_word' id='word_1_11' title='bbox 1584 461 1721 502; x_wconf 90' lang='lat' dir='ltr'>Prum</span> <span class='ocrx_word' id='word_1_12' title='bbox 1742 477 1840 518; x_wconf 78' lang='lat' dir='ltr'>pro-</span> <span class='ocrx_word' id='word_1_13' title='bbox 1882 487 1883 491; x_wconf 64' lang='lat'><em>=</em></span> 
     </span>
     <span class='ocr_line' id='line_1_4' title="bbox 387 525 1881 587; baseline 0.009 -24"><span class='ocrx_word' id='word_1_14' title='bbox 387 525 493 564; x_wconf 83' lang='lat' dir='ltr'>bata</span> <span class='ocrx_word' id='word_1_15' title='bbox 520 532 656 574; x_wconf 76' lang='lat' dir='ltr'>erant,</span> <span class='ocrx_word' id='word_1_16' title='bbox 680 525 1008 582; x_wconf 74' lang='lat' dir='ltr'>redigerentur3</span> <span class='ocrx_word' id='word_1_17' title='bbox 1037 529 1378 587; x_wconf 72' lang='lat' dir='ltr'>Lotharingium</span> <span class='ocrx_word' id='word_1_18' title='bbox 1409 548 1512 574; x_wconf 69' lang='lat' dir='ltr'>vero</span> <span class='ocrx_word' id='word_1_19' title='bbox 1545 549 1617 575; x_wconf 90' lang='lat' dir='ltr'>eos</span> <span class='ocrx_word' id='word_1_20' title='bbox 1644 536 1730 576; x_wconf 91' lang='lat' dir='ltr'>sibi</span> <span class='ocrx_word' id='word_1_21' title='bbox 1758 536 1841 576; x_wconf 89' lang='lat' dir='ltr'>col·</span> <span class='ocrx_word' id='word_1_22' title='bbox 1867 545 1881 580; x_wconf 62' lang='lat' dir='ltr'><strong>ff</strong></span> 
     </span>
     <span class='ocr_line' id='line_1_5' title="bbox 385 597 1881 670; baseline 0.009 -33"><span class='ocrx_word' id='word_1_23' title='bbox 385 597 510 652; x_wconf 84' lang='lat' dir='ltr'>legas</span> <span class='ocrx_word' id='word_1_24' title='bbox 529 599 831 640; x_wconf 87' lang='lat' dir='ltr'>constituendo</span> <span class='ocrx_word' id='word_1_25' title='bbox 859 600 1048 642; x_wconf 85' lang='lat' dir='ltr'>Decreto</span> <span class='ocrx_word' id='word_1_26' title='bbox 1064 604 1275 657; x_wconf 73' lang='lat' dir='ltr'>junxisse,</span> <span class='ocrx_word' id='word_1_27' title='bbox 1298 606 1372 660; x_wconf 85' lang='lat' dir='ltr'>qui</span> <span class='ocrx_word' id='word_1_28' title='bbox 1394 606 1425 646; x_wconf 84' lang='lat' dir='ltr'><strong>J</strong></span> <span class='ocrx_word' id='word_1_29' title='bbox 1427 622 1479 646; x_wconf 87' lang='lat' dir='ltr'>us</span> <span class='ocrx_word' id='word_1_30' title='bbox 1498 606 1841 670; x_wconf 61' lang='lat' dir='ltr'>divinumpunc-</span> <span class='ocrx_word' id='word_1_31' title='bbox 1880 628 1881 637; x_wconf 63' lang='lat'>2</span> 
     </span>
     <span class='ocr_line' id='line_1_6' title="bbox 385 669 1843 736; baseline 0.009 -27"><span class='ocrx_word' id='word_1_32' title='bbox 385 669 439 710; x_wconf 86' lang='lat' dir='ltr'>tis</span> <span class='ocrx_word' id='word_1_33' title='bbox 468 670 513 710; x_wconf 89' lang='lat' dir='ltr'>in</span> <span class='ocrx_word' id='word_1_34' title='bbox 544 672 677 712; x_wconf 85' lang='lat' dir='ltr'>rebus</span> <span class='ocrx_word' id='word_1_35' title='bbox 709 673 909 714; x_wconf 90' lang='lat' dir='ltr'>ambiunt</span> <span class='ocrx_word' id='word_1_36' title='bbox 939 675 1154 724; x_wconf 73' lang='lat' dir='ltr'>inserere3</span> <span class='ocrx_word' id='word_1_37' title='bbox 1190 677 1251 717; x_wconf 89' lang='lat' dir='ltr'>nil</span> <span class='ocrx_word' id='word_1_38' title='bbox 1283 679 1443 719; x_wconf 88' lang='lat' dir='ltr'>mirum</span> <span class='ocrx_word' id='word_1_39' title='bbox 1476 680 1513 719; x_wconf 87' lang='lat' dir='ltr'>si</span> <span class='ocrx_word' id='word_1_40' title='bbox 1550 684 1646 735; x_wconf 89' lang='lat' dir='ltr'>ejus</span> <span class='ocrx_word' id='word_1_41' title='bbox 1667 696 1843 736; x_wconf 88' lang='lat' dir='ltr'>quoque</span> 
     </span>
     <span class='ocr_line' id='line_1_7' title="bbox 384 745 1842 809; baseline 0.01 -27"><span class='ocrx_word' id='word_1_42' title='bbox 384 756 497 783; x_wconf 89' lang='lat' dir='ltr'>nunc</span> <span class='ocrx_word' id='word_1_43' title='bbox 518 745 726 798; x_wconf 82' lang='lat' dir='ltr'>prooemio</span> <span class='ocrx_word' id='word_1_44' title='bbox 748 745 1013 794; x_wconf 69' lang='lat' dir='ltr'>adhaereant,</span> <span class='ocrx_word' id='word_1_45' title='bbox 1038 748 1155 803; x_wconf 90' lang='lat' dir='ltr'>quod</span> <span class='ocrx_word' id='word_1_46' title='bbox 1177 750 1398 804; x_wconf 78' lang='lat' dir='ltr'>aptissime</span> <span class='ocrx_word' id='word_1_47' title='bbox 1415 752 1444 793; x_wconf 86' lang='lat' dir='ltr'>J</span> <span class='ocrx_word' id='word_1_48' title='bbox 1449 767 1500 792; x_wconf 86' lang='lat' dir='ltr'>us</span> <span class='ocrx_word' id='word_1_49' title='bbox 1520 752 1720 794; x_wconf 68' lang='lat' dir='ltr'>divinum</span> <span class='ocrx_word' id='word_1_50' title='bbox 1742 769 1842 809; x_wconf 88' lang='lat' dir='ltr'>pro-</span> 
     </span>
     <span class='ocr_line' id='line_1_8' title="bbox 386 816 1841 880; baseline 0.009 -26"><span class='ocrx_word' id='word_1_51' title='bbox 386 816 532 870; x_wconf 86' lang='lat' dir='ltr'>ponit:</span> <span class='ocrx_word' id='word_1_52' title='bbox 565 817 827 872; x_wconf 78' lang='lat' dir='ltr'>oportuisset</span> <span class='ocrx_word' id='word_1_53' title='bbox 849 819 952 859; x_wconf 80' lang='lat' dir='ltr'>alios</span> <span class='ocrx_word' id='word_1_54' title='bbox 972 819 1128 861; x_wconf 87' lang='lat' dir='ltr'>Patres</span> <span class='ocrx_word' id='word_1_55' title='bbox 1141 820 1337 877; x_wconf 84' lang='lat' dir='ltr'>delegari</span> <span class='ocrx_word' id='word_1_56' title='bbox 1351 824 1428 878; x_wconf 92' lang='lat' dir='ltr'>qui</span> <span class='ocrx_word' id='word_1_57' title='bbox 1447 831 1650 865; x_wconf 77' lang='lat' dir='ltr'><strong>neutram</strong></span> <span class='ocrx_word' id='word_1_58' title='bbox 1670 832 1841 880; x_wconf 85' lang='lat' dir='ltr'>partem</span> 
     </span>
     <span class='ocr_line' id='line_1_9' title="bbox 384 888 667 931; baseline 0.011 -3"><span class='ocrx_word' id='word_1_59' title='bbox 384 888 667 931; x_wconf 86' lang='lat' dir='ltr'>affectassent.</span> 
     </span>
    </p>

    <p class='ocr_par' dir='ltr' id='par_1_4' title="bbox 376 961 1841 2186">
     <span class='ocr_line' id='line_1_10' title="bbox 441 961 1841 1027; baseline 0.009 -26"><span class='ocrx_word' id='word_1_60' title='bbox 441 961 614 1017; x_wconf 84' lang='lat' dir='ltr'>Legati,</span> <span class='ocrx_word' id='word_1_61' title='bbox 634 962 702 1003; x_wconf 86' lang='lat' dir='ltr'>his</span> <span class='ocrx_word' id='word_1_62' title='bbox 729 966 925 1019; x_wconf 70' lang='lat' dir='ltr'>cognitis,</span> <span class='ocrx_word' id='word_1_63' title='bbox 947 966 1062 1006; x_wconf 88' lang='lat' dir='ltr'>nulli</span> <span class='ocrx_word' id='word_1_64' title='bbox 1081 967 1223 1008; x_wconf 89' lang='lat' dir='ltr'>labori</span> <span class='ocrx_word' id='word_1_65' title='bbox 1245 983 1291 1009; x_wconf 93' lang='grc'>30</span> <span class='ocrx_word' id='word_1_66' title='bbox 1312 968 1554 1025; x_wconf 75' lang='lat' dir='ltr'>diligentiae</span> <span class='ocrx_word' id='word_1_67' title='bbox 1575 972 1841 1027; x_wconf 81' lang='lat' dir='ltr'>parcendum</span> 
     </span>
     <span class='ocr_line' id='line_1_11' title="bbox 386 1035 1841 1100; baseline 0.009 -27"><span class='ocrx_word' id='word_1_68' title='bbox 386 1042 558 1088; x_wconf 74' lang='lat' dir='ltr'>putant,</span> <span class='ocrx_word' id='word_1_69' title='bbox 582 1044 632 1076; x_wconf 90' lang='lat' dir='ltr'>ut</span> <span class='ocrx_word' id='word_1_70' title='bbox 644 1035 924 1079; x_wconf 85' lang='lat' dir='ltr'>difficultates</span> <span class='ocrx_word' id='word_1_71' title='bbox 939 1038 1007 1080; x_wconf 74' lang='lat' dir='ltr'>hae</span> <span class='ocrx_word' id='word_1_72' title='bbox 1030 1054 1119 1095; x_wconf 88' lang='lat' dir='ltr'>qua</span> <span class='ocrx_word' id='word_1_73' title='bbox 1132 1049 1315 1096; x_wconf 80' lang='lat' dir='ltr'><strong>possunt</strong></span> <span class='ocrx_word' id='word_1_74' title='bbox 1331 1042 1545 1084; x_wconf 89' lang='lat' dir='ltr'>industria</span> <span class='ocrx_word' id='word_1_75' title='bbox 1558 1059 1606 1085; x_wconf 90' lang='grc'>30</span> <span class='ocrx_word' id='word_1_76' title='bbox 1622 1045 1841 1100; x_wconf 86' lang='lat' dir='ltr'>patientia</span> 
     </span>
     <span class='ocr_line' id='line_1_12' title="bbox 384 1111 1839 1167; baseline 0.009 -21"><span class='ocrx_word' id='word_1_77' title='bbox 384 1116 648 1163; x_wconf 79' lang='lat' dir='ltr'>superentur</span> <span class='ocrx_word' id='word_1_78' title='bbox 663 1126 674 1159; x_wconf 75' lang='lat'>3</span> <span class='ocrx_word' id='word_1_79' title='bbox 726 1111 965 1167; x_wconf 89' lang='lat' dir='ltr'>multisque</span> <span class='ocrx_word' id='word_1_80' title='bbox 1006 1112 1214 1154; x_wconf 76' lang='lat' dir='ltr'><strong>exhibitis</strong></span> <span class='ocrx_word' id='word_1_81' title='bbox 1253 1115 1297 1154; x_wconf 91' lang='lat' dir='ltr'>in</span> <span class='ocrx_word' id='word_1_82' title='bbox 1347 1116 1570 1157; x_wconf 87' lang='lat' dir='ltr'>consilium</span> <span class='ocrx_word' id='word_1_83' title='bbox 1616 1118 1839 1165; x_wconf 84' lang='lat' dir='ltr'>Patribus,</span> 
     </span>
     <span class='ocr_line' id='line_1_13' title="bbox 384 1179 1841 1243; baseline 0.008 -25"><span class='ocrx_word' id='word_1_84' title='bbox 384 1179 526 1220; x_wconf 87' lang='lat' dir='ltr'>omnia</span> <span class='ocrx_word' id='word_1_85' title='bbox 546 1188 719 1222; x_wconf 88' lang='lat' dir='ltr'>tentant</span> <span class='ocrx_word' id='word_1_86' title='bbox 740 1197 836 1223; x_wconf 85' lang='lat' dir='ltr'>cum</span> <span class='ocrx_word' id='word_1_87' title='bbox 859 1183 1158 1241; x_wconf 72' lang='lat' dir='ltr'>LotharingiQ</span> <span class='ocrx_word' id='word_1_88' title='bbox 1191 1201 1288 1226; x_wconf 89' lang='grc'><strong>011111</strong></span> <span class='ocrx_word' id='word_1_89' title='bbox 1320 1186 1549 1243; x_wconf 83' lang='lat' dir='ltr'>Hispanis,</span> <span class='ocrx_word' id='word_1_90' title='bbox 1580 1204 1678 1230; x_wconf 90' lang='lat' dir='ltr'>cum</span> <span class='ocrx_word' id='word_1_91' title='bbox 1701 1189 1841 1237; x_wconf 82' lang='lat' dir='ltr'>Italis,</span> 
     </span>
     <span class='ocr_line' id='line_1_14' title="bbox 382 1240 1841 1319; baseline 0.008 -27"><span class='ocrx_word' id='word_1_92' title='bbox 382 1260 434 1293; x_wconf 89' lang='lat' dir='ltr'>ut</span> <span class='ocrx_word' id='word_1_93' title='bbox 455 1254 591 1294; x_wconf 72' lang='lat' dir='ltr'>verba</span> <span class='ocrx_word' id='word_1_94' title='bbox 614 1240 783 1309; x_wconf 72' lang='lat' dir='ltr'>aliquot</span> <span class='ocrx_word' id='word_1_95' title='bbox 818 1260 913 1311; x_wconf 84' lang='lat' dir='ltr'>ejus</span> <span class='ocrx_word' id='word_1_96' title='bbox 945 1259 1149 1312; x_wconf 81' lang='lat' dir='ltr'>prooemii</span> <span class='ocrx_word' id='word_1_97' title='bbox 1182 1259 1244 1300; x_wconf 85' lang='lat' dir='ltr'>ita</span> <span class='ocrx_word' id='word_1_98' title='bbox 1278 1266 1591 1316; x_wconf 78' lang='lat' dir='ltr'>temperentur,</span> <span class='ocrx_word' id='word_1_99' title='bbox 1623 1277 1677 1303; x_wconf 88' lang='grc'>110</span> <span class='ocrx_word' id='word_1_100' title='bbox 1708 1278 1841 1319; x_wconf 88' lang='lat' dir='ltr'>nego-</span> 
     </span>
     <span class='ocr_line' id='line_1_15' title="bbox 383 1327 1839 1388; baseline 0.009 -22"><span class='ocrx_word' id='word_1_101' title='bbox 383 1327 495 1366; x_wconf 86' lang='lat' dir='ltr'>tium</span> <span class='ocrx_word' id='word_1_102' title='bbox 531 1328 720 1382; x_wconf 83' lang='lat' dir='ltr'>amplius</span> <span class='ocrx_word' id='word_1_103' title='bbox 746 1328 995 1370; x_wconf 72' lang='lat' dir='ltr'>exhibeant.</span> <span class='ocrx_word' id='word_1_104' title='bbox 1061 1331 1182 1380; x_wconf 80' lang='lat' dir='ltr'>Quae.</span> <span class='ocrx_word' id='word_1_105' title='bbox 1218 1331 1322 1373; x_wconf 89' lang='lat' dir='ltr'>dum</span> <span class='ocrx_word' id='word_1_106' title='bbox 1352 1334 1549 1388; x_wconf 84' lang='lat' dir='ltr'>quotidie</span> <span class='ocrx_word' id='word_1_107' title='bbox 1581 1343 1839 1385; x_wconf 80' lang='lat' dir='ltr'>tractantur,</span> 
     </span>
     <span class='ocr_line' id='line_1_16' title="bbox 381 1399 1840 1464; baseline 0.007 -25"><span class='ocrx_word' id='word_1_108' title='bbox 381 1399 677 1455; x_wconf 82' lang='lat' dir='ltr'>nonnullaque</span> <span class='ocrx_word' id='word_1_109' title='bbox 703 1405 795 1456; x_wconf 88' lang='lat' dir='ltr'>jam</span> <span class='ocrx_word' id='word_1_110' title='bbox 825 1403 1021 1457; x_wconf 88' lang='lat' dir='ltr'>componi</span> <span class='ocrx_word' id='word_1_111' title='bbox 1041 1404 1271 1459; x_wconf 84' lang='lat' dir='ltr'>incipiunt,</span> <span class='ocrx_word' id='word_1_112' title='bbox 1304 1405 1555 1447; x_wconf 88' lang='lat' dir='ltr'>Patriarcha</span> <span class='ocrx_word' id='word_1_113' title='bbox 1584 1406 1840 1464; x_wconf 78' lang='lat' dir='ltr'>Hierosoly·</span> 
     </span>
     <span class='ocr_line' id='line_1_17' title="bbox 381 1473 1841 1537; baseline 0.008 -26"><span class='ocrx_word' id='word_1_114' title='bbox 381 1479 524 1520; x_wconf 86' lang='lat' dir='ltr'>tanus,</span> <span class='ocrx_word' id='word_1_115' title='bbox 547 1473 625 1528; x_wconf 91' lang='lat' dir='ltr'>qui</span> <span class='ocrx_word' id='word_1_116' title='bbox 644 1473 806 1528; x_wconf 87' lang='lat' dir='ltr'>primas</span> <span class='ocrx_word' id='word_1_117' title='bbox 824 1482 925 1530; x_wconf 88' lang='lat' dir='ltr'>post</span> <span class='ocrx_word' id='word_1_118' title='bbox 956 1475 1211 1517; x_wconf 88' lang='lat' dir='ltr'>Cardinales</span> <span class='ocrx_word' id='word_1_119' title='bbox 1239 1478 1352 1518; x_wconf 89' lang='lat' dir='ltr'>inter</span> <span class='ocrx_word' id='word_1_120' title='bbox 1384 1479 1551 1529; x_wconf 87' lang='lat' dir='ltr'>Patres,</span> <span class='ocrx_word' id='word_1_121' title='bbox 1574 1495 1654 1536; x_wconf 91' lang='lat' dir='ltr'>pro</span> <span class='ocrx_word' id='word_1_122' title='bbox 1674 1481 1841 1537; x_wconf 86' lang='lat' dir='ltr'>gradus</span> 
     </span>
     <span class='ocr_line' id='line_1_18' title="bbox 381 1545 1838 1610; baseline 0.008 -25"><span class='ocrx_word' id='word_1_123' title='bbox 381 1545 450 1585; x_wconf 89' lang='lat' dir='ltr'>sui</span> <span class='ocrx_word' id='word_1_124' title='bbox 480 1545 748 1588; x_wconf 86' lang='lat' dir='ltr'>authoritate</span> <span class='ocrx_word' id='word_1_125' title='bbox 781 1548 963 1597; x_wconf 80' lang='lat' dir='ltr'>ferebat,</span> <span class='ocrx_word' id='word_1_126' title='bbox 996 1550 1217 1590; x_wconf 76' lang='lat' dir='ltr'>nonnullis</span> <span class='ocrx_word' id='word_1_127' title='bbox 1248 1565 1349 1591; x_wconf 91' lang='lat' dir='ltr'>eum</span> <span class='ocrx_word' id='word_1_128' title='bbox 1379 1552 1581 1594; x_wconf 83' lang='lat' dir='ltr'>Praelatis</span> <span class='ocrx_word' id='word_1_129' title='bbox 1609 1555 1838 1610; x_wconf 88' lang='lat' dir='ltr'>impellen-</span> 
     </span>
     <span class='ocr_line' id='line_1_19' title="bbox 380 1618 1836 1683; baseline 0.008 -25"><span class='ocrx_word' id='word_1_130' title='bbox 380 1618 517 1667; x_wconf 68' lang='lat' dir='ltr'>tibus.</span> <span class='ocrx_word' id='word_1_131' title='bbox 539 1619 844 1676; x_wconf 83' lang='lat' dir='ltr'>Lotharingio,</span> <span class='ocrx_word' id='word_1_132' title='bbox 879 1621 1221 1678; x_wconf 80' lang='lat' dir='ltr'>Madruccioque</span> <span class='ocrx_word' id='word_1_133' title='bbox 1249 1624 1496 1674; x_wconf 86' lang='lat' dir='ltr'>denunciat,</span> <span class='ocrx_word' id='word_1_134' title='bbox 1517 1627 1662 1683; x_wconf 89' lang='lat' dir='ltr'>optari</span> <span class='ocrx_word' id='word_1_135' title='bbox 1682 1643 1708 1669; x_wconf 90' lang='lat' dir='ltr'>a</span> <span class='ocrx_word' id='word_1_136' title='bbox 1727 1630 1836 1670; x_wconf 87' lang='lat' dir='ltr'>mul-</span> 
     </span>
     <span class='ocr_line' id='line_1_20' title="bbox 378 1692 1840 1750; baseline 0.008 -18"><span class='ocrx_word' id='word_1_137' title='bbox 378 1692 447 1740; x_wconf 75' lang='lat' dir='ltr'>tis,</span> <span class='ocrx_word' id='word_1_138' title='bbox 488 1700 539 1734; x_wconf 86' lang='lat' dir='ltr'>ut</span> <span class='ocrx_word' id='word_1_139' title='bbox 578 1693 838 1749; x_wconf 83' lang='lat' dir='ltr'>priusquam</span> <span class='ocrx_word' id='word_1_140' title='bbox 878 1693 932 1735; x_wconf 89' lang='lat' dir='ltr'>de</span> <span class='ocrx_word' id='word_1_141' title='bbox 974 1698 1188 1750; x_wconf 87' lang='lat' dir='ltr'>prooemio</span> <span class='ocrx_word' id='word_1_142' title='bbox 1228 1698 1304 1738; x_wconf 88' lang='lat' dir='ltr'>illo</span> <span class='ocrx_word' id='word_1_143' title='bbox 1344 1705 1579 1749; x_wconf 84' lang='lat' dir='ltr'>statuatur,</span> <span class='ocrx_word' id='word_1_144' title='bbox 1621 1703 1840 1744; x_wconf 83' lang='lat' dir='ltr'>nonnullis</span> 
     </span>
     <span class='ocr_line' id='line_1_21' title="bbox 380 1765 1838 1831; baseline 0.008 -25"><span class='ocrx_word' id='word_1_145' title='bbox 380 1765 622 1823; x_wconf 82' lang='lat' dir='ltr'>Theologis</span> <span class='ocrx_word' id='word_1_146' title='bbox 642 1767 883 1808; x_wconf 89' lang='lat' dir='ltr'>minoribus</span> <span class='ocrx_word' id='word_1_147' title='bbox 913 1769 1034 1824; x_wconf 90' lang='lat' dir='ltr'>apud</span> <span class='ocrx_word' id='word_1_148' title='bbox 1059 1785 1132 1810; x_wconf 88' lang='lat' dir='ltr'>eos</span> <span class='ocrx_word' id='word_1_149' title='bbox 1161 1770 1372 1813; x_wconf 76' lang='lat' dir='ltr'>adversus</span> <span class='ocrx_word' id='word_1_150' title='bbox 1394 1788 1682 1831; x_wconf 89' lang='lat' dir='ltr'>quoscunque</span> <span class='ocrx_word' id='word_1_151' title='bbox 1704 1775 1838 1818; x_wconf 88' lang='lat' dir='ltr'>disse-</span> 
     </span>
     <span class='ocr_line' id='line_1_22' title="bbox 379 1839 1839 1895; baseline 0.009 -16"><span class='ocrx_word' id='word_1_152' title='bbox 379 1839 504 1880; x_wconf 88' lang='lat' dir='ltr'>rendi</span> <span class='ocrx_word' id='word_1_153' title='bbox 526 1840 651 1895; x_wconf 90' lang='lat' dir='ltr'>copia</span> <span class='ocrx_word' id='word_1_154' title='bbox 666 1840 753 1889; x_wconf 83' lang='lat' dir='ltr'>fiat,</span> <span class='ocrx_word' id='word_1_155' title='bbox 775 1855 860 1882; x_wconf 92' lang='lat' dir='ltr'>non</span> <span class='ocrx_word' id='word_1_156' title='bbox 881 1856 973 1882; x_wconf 86' lang='lat' dir='ltr'>esse</span> <span class='ocrx_word' id='word_1_157' title='bbox 995 1841 1295 1885; x_wconf 86' lang='lat' dir='ltr'>Residentiam</span> <span class='ocrx_word' id='word_1_158' title='bbox 1311 1845 1343 1887; x_wconf 87' lang='lat' dir='ltr'>J</span> <span class='ocrx_word' id='word_1_159' title='bbox 1345 1846 1436 1886; x_wconf 86' lang='lat' dir='ltr'>uris</span> <span class='ocrx_word' id='word_1_160' title='bbox 1455 1846 1602 1888; x_wconf 67' lang='lat' dir='ltr'>dix-ini.</span> <span class='ocrx_word' id='word_1_161' title='bbox 1659 1849 1773 1890; x_wconf 85' lang='lat' dir='ltr'>Item</span> <span class='ocrx_word' id='word_1_162' title='bbox 1793 1858 1839 1892; x_wconf 88' lang='lat' dir='ltr'>et</span> 
     </span>
     <span class='ocr_line' id='line_1_23' title="bbox 376 1910 1837 1975; baseline 0.009 -24"><span class='ocrx_word' id='word_1_163' title='bbox 376 1910 627 1967; x_wconf 81' lang='lat' dir='ltr'>Episcopus</span> <span class='ocrx_word' id='word_1_164' title='bbox 646 1912 897 1960; x_wconf 75' lang='lat' dir='ltr'>Feltrensis,</span> <span class='ocrx_word' id='word_1_165' title='bbox 932 1929 1012 1970; x_wconf 91' lang='lat' dir='ltr'>per</span> <span class='ocrx_word' id='word_1_166' title='bbox 1044 1916 1314 1972; x_wconf 84' lang='lat' dir='ltr'>Episcopum</span> <span class='ocrx_word' id='word_1_167' title='bbox 1344 1918 1728 1975; x_wconf 86' lang='lat' dir='ltr'>Senogalliensem,</span> <span class='ocrx_word' id='word_1_168' title='bbox 1749 1922 1837 1964; x_wconf 90' lang='lat' dir='ltr'>Lo-</span> 
     </span>
     <span class='ocr_line' id='line_1_24' title="bbox 378 1981 1837 2050; baseline 0.01 -27"><span class='ocrx_word' id='word_1_169' title='bbox 378 1981 601 2040; x_wconf 82' lang='lat' dir='ltr'>tharingio</span> <span class='ocrx_word' id='word_1_170' title='bbox 621 1986 849 2041; x_wconf 82' lang='lat' dir='ltr'>significat,</span> <span class='ocrx_word' id='word_1_171' title='bbox 865 1994 1068 2042; x_wconf 86' lang='lat' dir='ltr'>paratum</span> <span class='ocrx_word' id='word_1_172' title='bbox 1084 2003 1129 2028; x_wconf 89' lang='lat' dir='ltr'>se</span> <span class='ocrx_word' id='word_1_173' title='bbox 1143 2003 1281 2030; x_wconf 88' lang='lat' dir='ltr'>coram</span> <span class='ocrx_word' id='word_1_174' title='bbox 1308 2005 1359 2031; x_wconf 93' lang='lat' dir='ltr'>eo</span> <span class='ocrx_word' id='word_1_175' title='bbox 1375 2006 1472 2032; x_wconf 89' lang='grc'><strong>011111</strong></span> <span class='ocrx_word' id='word_1_176' title='bbox 1486 1992 1725 2050; x_wconf 87' lang='lat' dir='ltr'>Theologis</span> <span class='ocrx_word' id='word_1_177' title='bbox 1744 1996 1837 2036; x_wconf 87' lang='lat' dir='ltr'>suis</span> 
     </span>
     <span class='ocr_line' id='line_1_25' title="bbox 378 2057 1835 2122; baseline 0.009 -26"><span class='ocrx_word' id='word_1_178' title='bbox 378 2057 597 2113; x_wconf 84' lang='lat' dir='ltr'>congredi,</span> <span class='ocrx_word' id='word_1_179' title='bbox 620 2066 671 2099; x_wconf 88' lang='lat' dir='ltr'>ut</span> <span class='ocrx_word' id='word_1_180' title='bbox 691 2059 908 2114; x_wconf 65' lang='lat' dir='ltr'>praefinita</span> <span class='ocrx_word' id='word_1_181' title='bbox 924 2061 1124 2116; x_wconf 87' lang='lat' dir='ltr'>utrisque</span> <span class='ocrx_word' id='word_1_182' title='bbox 1146 2060 1229 2110; x_wconf 85' lang='lat' dir='ltr'>die,</span> <span class='ocrx_word' id='word_1_183' title='bbox 1251 2062 1550 2105; x_wconf 89' lang='lat' dir='ltr'>Residentiam</span> <span class='ocrx_word' id='word_1_184' title='bbox 1565 2067 1667 2122; x_wconf 88' lang='lat' dir='ltr'>jure</span> <span class='ocrx_word' id='word_1_185' title='bbox 1687 2065 1835 2109; x_wconf 76' lang='lat' dir='ltr'>divino</span> 
     </span>
     <span class='ocr_line' id='line_1_26' title="bbox 377 2133 1135 2186; baseline 0.005 -17"><span class='ocrx_word' id='word_1_186' title='bbox 377 2138 645 2186; x_wconf 77' lang='lat' dir='ltr'>praeceptam</span> <span class='ocrx_word' id='word_1_187' title='bbox 667 2147 754 2172; x_wconf 90' lang='lat' dir='ltr'>non</span> <span class='ocrx_word' id='word_1_188' title='bbox 774 2133 906 2174; x_wconf 85' lang='lat' dir='ltr'>fuisse</span> <span class='ocrx_word' id='word_1_189' title='bbox 923 2134 1135 2176; x_wconf 90' lang='lat' dir='ltr'>ostendat.</span> 
     </span>
    </p>

    <p class='ocr_par' dir='ltr' id='par_1_5' title="bbox 373 2202 1905 2921">
     <span class='ocr_line' id='line_1_27' title="bbox 433 2202 1905 2269; baseline 0.01 -27"><span class='ocrx_word' id='word_1_190' title='bbox 433 2202 544 2243; x_wconf 83' lang='lat' dir='ltr'>Haec</span> <span class='ocrx_word' id='word_1_191' title='bbox 580 2204 659 2244; x_wconf 91' lang='lat' dir='ltr'>ubi</span> <span class='ocrx_word' id='word_1_192' title='bbox 699 2204 755 2245; x_wconf 88' lang='lat' dir='ltr'>ad</span> <span class='ocrx_word' id='word_1_193' title='bbox 793 2205 987 2261; x_wconf 83' lang='lat' dir='ltr'>Legatos</span> <span class='ocrx_word' id='word_1_194' title='bbox 1021 2208 1316 2262; x_wconf 78' lang='lat' dir='ltr'>proferuntur,</span> <span class='ocrx_word' id='word_1_195' title='bbox 1358 2212 1689 2269; x_wconf 86' lang='lat' dir='ltr'>permultosque</span> <span class='ocrx_word' id='word_1_196' title='bbox 1725 2214 1834 2256; x_wconf 86' lang='lat' dir='ltr'>alios</span> <span class='ocrx_word' id='word_1_197' title='bbox 1902 2218 1905 2223; x_wconf 75' lang='grc'><em>’</em></span> 
     </span>
     <span class='ocr_line' id='line_1_28' title="bbox 376 2275 1901 2342; baseline 0.009 -27"><span class='ocrx_word' id='word_1_198' title='bbox 376 2275 532 2316; x_wconf 89' lang='lat' dir='ltr'>Patres</span> <span class='ocrx_word' id='word_1_199' title='bbox 563 2276 750 2318; x_wconf 82' lang='lat' dir='ltr'>audiunt</span> <span class='ocrx_word' id='word_1_200' title='bbox 773 2279 984 2333; x_wconf 86' lang='lat' dir='ltr'>prooemio</span> <span class='ocrx_word' id='word_1_201' title='bbox 1011 2280 1075 2320; x_wconf 89' lang='lat' dir='ltr'>ilh&#39;</span> <span class='ocrx_word' id='word_1_202' title='bbox 1109 2281 1296 2322; x_wconf 78' lang='lat' dir='ltr'>maxime</span> <span class='ocrx_word' id='word_1_203' title='bbox 1315 2282 1536 2331; x_wconf 87' lang='lat' dir='ltr'>reluctari,</span> <span class='ocrx_word' id='word_1_204' title='bbox 1569 2285 1653 2326; x_wconf 87' lang='lat' dir='ltr'>nisi</span> <span class='ocrx_word' id='word_1_205' title='bbox 1681 2285 1832 2342; x_wconf 89' lang='lat' dir='ltr'>dispu-</span> <span class='ocrx_word' id='word_1_206' title='bbox 1899 2309 1901 2316; x_wconf 49' lang='lat'><strong>¹</strong></span> 
     </span>
     <span class='ocr_line' id='line_1_29' title="bbox 376 2349 1833 2413; baseline 0.009 -24"><span class='ocrx_word' id='word_1_207' title='bbox 376 2349 483 2390; x_wconf 91' lang='lat' dir='ltr'>tatio</span> <span class='ocrx_word' id='word_1_208' title='bbox 514 2349 568 2390; x_wconf 90' lang='lat' dir='ltr'>de</span> <span class='ocrx_word' id='word_1_209' title='bbox 597 2365 649 2391; x_wconf 91' lang='lat' dir='ltr'>eo</span> <span class='ocrx_word' id='word_1_210' title='bbox 676 2357 803 2392; x_wconf 89' lang='lat' dir='ltr'>antea</span> <span class='ocrx_word' id='word_1_211' title='bbox 822 2351 1065 2402; x_wconf 61' lang='lat' dir='ltr'>habeatur,</span> <span class='ocrx_word' id='word_1_212' title='bbox 1098 2368 1153 2394; x_wconf 79' lang='lat' dir='ltr'>ex</span> <span class='ocrx_word' id='word_1_213' title='bbox 1181 2354 1319 2396; x_wconf 89' lang='lat' dir='ltr'>altera</span> <span class='ocrx_word' id='word_1_214' title='bbox 1345 2364 1493 2397; x_wconf 86' lang='lat' dir='ltr'>autem</span> <span class='ocrx_word' id='word_1_215' title='bbox 1525 2366 1652 2413; x_wconf 88' lang='lat' dir='ltr'>parte</span> <span class='ocrx_word' id='word_1_216' title='bbox 1682 2360 1833 2402; x_wconf 76' lang='lat' dir='ltr'>vident</span> 
     </span>
     <span class='ocr_line' id='line_1_30' title="bbox 373 2421 1905 2489; baseline 0.01 -28"><span class='ocrx_word' id='word_1_217' title='bbox 373 2421 483 2462; x_wconf 86' lang='lat' dir='ltr'>nihil</span> <span class='ocrx_word' id='word_1_218' title='bbox 503 2423 743 2478; x_wconf 84' lang='lat' dir='ltr'>optabilius</span> <span class='ocrx_word' id='word_1_219' title='bbox 764 2425 828 2472; x_wconf 80' lang='lat' dir='ltr'>ijs,</span> <span class='ocrx_word' id='word_1_220' title='bbox 861 2427 938 2480; x_wconf 89' lang='lat' dir='ltr'>qui</span> <span class='ocrx_word' id='word_1_221' title='bbox 965 2431 1039 2482; x_wconf 88' lang='lat' dir='ltr'>jus</span> <span class='ocrx_word' id='word_1_222' title='bbox 1058 2426 1257 2468; x_wconf 76' lang='lat' dir='ltr'>divinum</span> <span class='ocrx_word' id='word_1_223' title='bbox 1280 2438 1455 2485; x_wconf 78' lang='lat' dir='ltr'>urgent,</span> <span class='ocrx_word' id='word_1_224' title='bbox 1477 2432 1669 2474; x_wconf 88' lang='lat' dir='ltr'>accidere</span> <span class='ocrx_word' id='word_1_225' title='bbox 1689 2449 1830 2489; x_wconf 86' lang='lat' dir='ltr'>posse,</span> <span class='ocrx_word' id='word_1_226' title='bbox 1903 2455 1905 2460; x_wconf 91' lang='lat'>·</span> 
     </span>
     <span class='ocr_line' id='line_1_31' title="bbox 376 2496 1830 2561; baseline 0.009 -25"><span class='ocrx_word' id='word_1_227' title='bbox 376 2511 507 2552; x_wconf 90' lang='lat' dir='ltr'>quam</span> <span class='ocrx_word' id='word_1_228' title='bbox 543 2505 593 2538; x_wconf 93' lang='lat' dir='ltr'>ut</span> <span class='ocrx_word' id='word_1_229' title='bbox 622 2496 712 2538; x_wconf 77' lang='lat' dir='ltr'>haec</span> <span class='ocrx_word' id='word_1_230' title='bbox 741 2499 785 2539; x_wconf 90' lang='lat' dir='ltr'>in</span> <span class='ocrx_word' id='word_1_231' title='bbox 819 2498 1195 2555; x_wconf 83' lang='lat' dir='ltr'>disceptationem,</span> <span class='ocrx_word' id='word_1_232' title='bbox 1228 2503 1588 2561; x_wconf 88' lang='lat' dir='ltr'>questionemque</span> <span class='ocrx_word' id='word_1_233' title='bbox 1610 2514 1830 2556; x_wconf 77' lang='lat' dir='ltr'>vocentur,</span> 
     </span>
     <span class='ocr_line' id='line_1_32' title="bbox 375 2568 1905 2634; baseline 0.008 -25"><span class='ocrx_word' id='word_1_234' title='bbox 375 2568 494 2623; x_wconf 88' lang='lat' dir='ltr'>quod</span> <span class='ocrx_word' id='word_1_235' title='bbox 514 2585 769 2625; x_wconf 88' lang='lat' dir='ltr'>persuasum</span> <span class='ocrx_word' id='word_1_236' title='bbox 801 2571 887 2611; x_wconf 88' lang='lat' dir='ltr'>sibi</span> <span class='ocrx_word' id='word_1_237' title='bbox 914 2580 1159 2614; x_wconf 82' lang='lat' dir='ltr'>constanter</span> <span class='ocrx_word' id='word_1_238' title='bbox 1189 2573 1398 2624; x_wconf 87' lang='lat' dir='ltr'>habeant,</span> <span class='ocrx_word' id='word_1_239' title='bbox 1426 2576 1473 2617; x_wconf 88' lang='lat' dir='ltr'>id</span> <span class='ocrx_word' id='word_1_240' title='bbox 1492 2592 1537 2618; x_wconf 91' lang='lat' dir='ltr'>se</span> <span class='ocrx_word' id='word_1_241' title='bbox 1564 2577 1830 2634; x_wconf 84' lang='lat' dir='ltr'>disputando</span> <span class='ocrx_word' id='word_1_242' title='bbox 1902 2598 1905 2604; x_wconf 92' lang='lat'>·</span> 
     </span>
     <span class='ocr_line' id='line_1_33' title="bbox 375 2642 1828 2708; baseline 0.01 -28"><span class='ocrx_word' id='word_1_243' title='bbox 375 2648 453 2681; x_wconf 88' lang='lat' dir='ltr'>aut</span> <span class='ocrx_word' id='word_1_244' title='bbox 473 2642 645 2682; x_wconf 88' lang='lat' dir='ltr'>omnino</span> <span class='ocrx_word' id='word_1_245' title='bbox 660 2642 889 2691; x_wconf 73' lang='lat' dir='ltr'>evicturos.</span> <span class='ocrx_word' id='word_1_246' title='bbox 913 2652 991 2685; x_wconf 87' lang='lat' dir='ltr'>aut</span> <span class='ocrx_word' id='word_1_247' title='bbox 1007 2660 1097 2685; x_wconf 91' lang='lat' dir='ltr'>rem</span> <span class='ocrx_word' id='word_1_248' title='bbox 1118 2645 1361 2687; x_wconf 80' lang='lat' dir='ltr'>diutissime</span> <span class='ocrx_word' id='word_1_249' title='bbox 1382 2656 1654 2692; x_wconf 81' lang='lat' dir='ltr'>extracturos</span> <span class='ocrx_word' id='word_1_250' title='bbox 1666 2667 1677 2699; x_wconf 75' lang='lat'>3</span> <span class='ocrx_word' id='word_1_251' title='bbox 1699 2667 1828 2708; x_wconf 90' lang='lat' dir='ltr'>prop-</span> 
     </span>
     <span class='ocr_line' id='line_1_34' title="bbox 374 2716 1843 2774; baseline 0.009 -20"><span class='ocrx_word' id='word_1_252' title='bbox 374 2720 495 2755; x_wconf 89' lang='lat' dir='ltr'>terea</span> <span class='ocrx_word' id='word_1_253' title='bbox 521 2716 732 2757; x_wconf 86' lang='lat' dir='ltr'>rationem</span> <span class='ocrx_word' id='word_1_254' title='bbox 754 2719 1017 2774; x_wconf 75' lang='lat' dir='ltr'>excogitant,</span> <span class='ocrx_word' id='word_1_255' title='bbox 1048 2734 1148 2774; x_wconf 88' lang='lat' dir='ltr'>quae</span> <span class='ocrx_word' id='word_1_256' title='bbox 1176 2720 1471 2763; x_wconf 89' lang='lat' dir='ltr'>Patriarcham</span> <span class='ocrx_word' id='word_1_257' title='bbox 1493 2730 1538 2764; x_wconf 90' lang='lat' dir='ltr'>et</span> <span class='ocrx_word' id='word_1_258' title='bbox 1565 2724 1672 2765; x_wconf 86' lang='lat' dir='ltr'>alios</span> <span class='ocrx_word' id='word_1_259' title='bbox 1700 2725 1757 2766; x_wconf 90' lang='lat' dir='ltr'>ab</span> <span class='ocrx_word' id='word_1_260' title='bbox 1777 2726 1843 2767; x_wconf 83' lang='lat' dir='ltr'>iis</span> 
     </span>
     <span class='ocr_line' id='line_1_35' title="bbox 374 2789 1826 2850; baseline 0.01 -24"><span class='ocrx_word' id='word_1_261' title='bbox 374 2789 558 2828; x_wconf 79' lang='lat' dir='ltr'>consiliis</span> <span class='ocrx_word' id='word_1_262' title='bbox 597 2798 807 2838; x_wconf 75' lang='lat' dir='ltr'>avertant,</span> <span class='ocrx_word' id='word_1_263' title='bbox 855 2791 1175 2848; x_wconf 85' lang='lat' dir='ltr'>admonentque</span> <span class='ocrx_word' id='word_1_264' title='bbox 1214 2809 1286 2835; x_wconf 90' lang='lat' dir='ltr'>eos</span> <span class='ocrx_word' id='word_1_265' title='bbox 1324 2795 1494 2850; x_wconf 91' lang='lat' dir='ltr'>pridem</span> <span class='ocrx_word' id='word_1_266' title='bbox 1540 2799 1826 2840; x_wconf 86' lang='lat' dir='ltr'>constitutum</span> 
     </span>
     <span class='ocr_line' id='line_1_36' title="bbox 375 2863 1896 2921; baseline 0.009 -22"><span class='ocrx_word' id='word_1_267' title='bbox 375 2874 477 2906; x_wconf 73' lang='lat' dir='ltr'>esse,</span> <span class='ocrx_word' id='word_1_268' title='bbox 513 2877 565 2902; x_wconf 88' lang='grc'>110</span> <span class='ocrx_word' id='word_1_269' title='bbox 600 2863 644 2902; x_wconf 87' lang='grc'>111</span> <span class='ocrx_word' id='word_1_270' title='bbox 676 2863 743 2903; x_wconf 89' lang='lat' dir='ltr'>his</span> <span class='ocrx_word' id='word_1_271' title='bbox 777 2863 1046 2914; x_wconf 77' lang='lat' dir='ltr'>definiendis,</span> <span class='ocrx_word' id='word_1_272' title='bbox 1081 2881 1179 2921; x_wconf 89' lang='lat' dir='ltr'>quae</span> <span class='ocrx_word' id='word_1_273' title='bbox 1210 2882 1307 2908; x_wconf 90' lang='grc'><strong>011111</strong></span> <span class='ocrx_word' id='word_1_274' title='bbox 1346 2867 1581 2910; x_wconf 82' lang='lat' dir='ltr'>Haereticis</span> <span class='ocrx_word' id='word_1_275' title='bbox 1611 2885 1699 2912; x_wconf 91' lang='lat' dir='ltr'>non</span> <span class='ocrx_word' id='word_1_276' title='bbox 1728 2878 1832 2913; x_wconf 89' lang='lat' dir='ltr'>sunt</span> <span class='ocrx_word' id='word_1_277' title='bbox 1894 2904 1896 2907; x_wconf 33' lang='lat' dir='ltr'>s</span> 
     </span>
    </p>
   </div>
  </div>
 </body>
</html>
