<?xml version="1.0" encoding="UTF-8"?>
<!DOCTYPE html PUBLIC "-//W3C//DTD XHTML 1.0 Transitional//EN"
    "http://www.w3.org/TR/xhtml1/DTD/xhtml1-transitional.dtd">
<html xmlns="http://www.w3.org/1999/xhtml" xml:lang="en" lang="en">
 <head>
  <title>
</title>
<meta http-equiv="Content-Type" content="text/html;charset=utf-8" />
  <meta name='ocr-system' content='tesseract 3.04.00' />
  <meta name='ocr-capabilities' content='ocr_page ocr_carea ocr_par ocr_line ocrx_word'/>
</head>
<body>
  <div class='ocr_page' id='page_1' title='image "actaconciliitrid00paleuoft_0158.png"; bbox 0 0 1905 3254; ppageno 0'>
   <div class='ocr_carea' id='block_1_1' title="bbox 321 253 1166 296">
    <p class='ocr_par' dir='ltr' id='par_1_1' title="bbox 321 253 1166 296">
     <span class='ocr_line' id='line_1_1' title="bbox 321 253 1166 296; baseline 0.004 -5"><span class='ocrx_word' id='word_1_1' title='bbox 321 253 376 292; x_wconf 59' lang='grc' dir='ltr'>Ἡ</span> <span class='ocrx_word' id='word_1_2' title='bbox 967 267 1077 296; x_wconf 50' lang='lat' dir='ltr'>susat.</span> <span class='ocrx_word' id='word_1_3' title='bbox 1106 267 1166 296; x_wconf 80' lang='lat'>111.</span> 
     </span>
    </p>
   </div>
   <div class='ocr_carea' id='block_1_2' title="bbox 322 369 1800 2842">
    <p class='ocr_par' dir='ltr' id='par_1_2' title="bbox 322 369 1786 577">
     <span class='ocr_line' id='line_1_2' title="bbox 328 369 1786 430; baseline -0.003 -14"><span class='ocrx_word' id='word_1_4' title='bbox 328 390 428 430; x_wconf 85' lang='lat' dir='ltr'>quae</span> <span class='ocrx_word' id='word_1_5' title='bbox 466 376 721 416; x_wconf 86' lang='lat' dir='ltr'>Sanctitatis</span> <span class='ocrx_word' id='word_1_6' title='bbox 756 389 846 414; x_wconf 81' lang='lat' dir='ltr'>suae</span> <span class='ocrx_word' id='word_1_7' title='bbox 881 373 1138 414; x_wconf 86' lang='lat' dir='ltr'>authoritati</span> <span class='ocrx_word' id='word_1_8' title='bbox 1173 373 1215 412; x_wconf 92' lang='lat' dir='ltr'>in</span> <span class='ocrx_word' id='word_1_9' title='bbox 1251 379 1474 428; x_wconf 89' lang='lat' dir='ltr'>posterum</span> <span class='ocrx_word' id='word_1_10' title='bbox 1496 369 1786 421; x_wconf 80' lang='lat' dir='ltr'><strong>detraherent,</strong></span> 
     </span>
     <span class='ocr_line' id='line_1_3' title="bbox 322 445 1785 505; baseline -0.003 -15"><span class='ocrx_word' id='word_1_11' title='bbox 322 448 438 489; x_wconf 87' lang='lat' dir='ltr'>unde</span> <span class='ocrx_word' id='word_1_12' title='bbox 459 449 738 505; x_wconf 82' lang='lat' dir='ltr'>perturbatio</span> <span class='ocrx_word' id='word_1_13' title='bbox 770 449 922 504; x_wconf 89' lang='lat' dir='ltr'>potius</span> <span class='ocrx_word' id='word_1_14' title='bbox 954 447 998 487; x_wconf 92' lang='lat' dir='ltr'>in</span> <span class='ocrx_word' id='word_1_15' title='bbox 1020 446 1328 487; x_wconf 80' lang='lat' dir='ltr'>Ecclesiastico</span> <span class='ocrx_word' id='word_1_16' title='bbox 1350 445 1497 486; x_wconf 82' lang='lat' dir='ltr'>ordine</span> <span class='ocrx_word' id='word_1_17' title='bbox 1520 459 1652 501; x_wconf 88' lang='lat' dir='ltr'>quam</span> <span class='ocrx_word' id='word_1_18' title='bbox 1675 460 1785 485; x_wconf 91' lang='lat' dir='ltr'>com-</span> 
     </span>
     <span class='ocr_line' id='line_1_4' title="bbox 324 521 1401 577; baseline -0.003 -16"><span class='ocrx_word' id='word_1_19' title='bbox 324 521 502 562; x_wconf 90' lang='lat' dir='ltr'>modum</span> <span class='ocrx_word' id='word_1_20' title='bbox 525 521 704 577; x_wconf 84' lang='lat' dir='ltr'>aliquod</span> <span class='ocrx_word' id='word_1_21' title='bbox 726 528 769 563; x_wconf 90' lang='lat' dir='ltr'>et</span> <span class='ocrx_word' id='word_1_22' title='bbox 790 521 915 577; x_wconf 90' lang='lat' dir='ltr'>quies</span> <span class='ocrx_word' id='word_1_23' title='bbox 936 526 1048 561; x_wconf 86' lang='lat' dir='ltr'>esset</span> <span class='ocrx_word' id='word_1_24' title='bbox 1069 525 1401 575; x_wconf 85' lang='lat' dir='ltr'>consequutura.</span> 
     </span>
    </p>

    <p class='ocr_par' dir='ltr' id='par_1_3' title="bbox 322 589 1792 1381">
     <span class='ocr_line' id='line_1_5' title="bbox 384 589 1787 649; baseline -0.004 -14"><span class='ocrx_word' id='word_1_25' title='bbox 384 593 473 634; x_wconf 86' lang='lat' dir='ltr'>Hae</span> <span class='ocrx_word' id='word_1_26' title='bbox 507 594 697 635; x_wconf 91' lang='lat' dir='ltr'>rationes</span> <span class='ocrx_word' id='word_1_27' title='bbox 731 593 947 649; x_wconf 84' lang='lat' dir='ltr'>principio</span> <span class='ocrx_word' id='word_1_28' title='bbox 981 592 1164 647; x_wconf 78' lang='lat' dir='ltr'>privatis</span> <span class='ocrx_word' id='word_1_29' title='bbox 1195 597 1366 632; x_wconf 90' lang='lat' dir='ltr'>tantum</span> <span class='ocrx_word' id='word_1_30' title='bbox 1390 590 1639 646; x_wconf 84' lang='lat' dir='ltr'>aliquorum</span> <span class='ocrx_word' id='word_1_31' title='bbox 1662 589 1787 630; x_wconf 76' lang='lat' dir='ltr'>collo-</span> 
     </span>
     <span class='ocr_line' id='line_1_6' title="bbox 327 662 1787 723; baseline -0.002 -16"><span class='ocrx_word' id='word_1_32' title='bbox 327 667 444 723; x_wconf 92' lang='lat' dir='ltr'>quiis</span> <span class='ocrx_word' id='word_1_33' title='bbox 479 667 911 714; x_wconf 80' lang='lat' dir='ltr'>circumferebantur,</span> <span class='ocrx_word' id='word_1_34' title='bbox 948 665 1027 706; x_wconf 89' lang='lat' dir='ltr'>sed</span> <span class='ocrx_word' id='word_1_35' title='bbox 1072 680 1168 706; x_wconf 86' lang='lat' dir='ltr'>cum</span> <span class='ocrx_word' id='word_1_36' title='bbox 1211 664 1372 705; x_wconf 90' lang='lat' dir='ltr'>multos</span> <span class='ocrx_word' id='word_1_37' title='bbox 1416 678 1494 718; x_wconf 90' lang='lat' dir='ltr'>per</span> <span class='ocrx_word' id='word_1_38' title='bbox 1535 662 1627 703; x_wconf 91' lang='lat' dir='ltr'>dies</span> <span class='ocrx_word' id='word_1_39' title='bbox 1667 662 1787 704; x_wconf 86' lang='lat' dir='ltr'>xxiii.</span> 
     </span>
     <span class='ocr_line' id='line_1_7' title="bbox 326 735 1789 795; baseline -0.002 -17"><span class='ocrx_word' id='word_1_40' title='bbox 326 738 428 794; x_wconf 89' lang='lat' dir='ltr'>plus</span> <span class='ocrx_word' id='word_1_41' title='bbox 449 739 594 779; x_wconf 84' lang='lat' dir='ltr'>minus</span> <span class='ocrx_word' id='word_1_42' title='bbox 627 754 651 779; x_wconf 91' lang='lat' dir='ltr'>a</span> <span class='ocrx_word' id='word_1_43' title='bbox 685 738 1115 795; x_wconf 85' lang='lat' dir='ltr'>Congregationibus</span> <span class='ocrx_word' id='word_1_44' title='bbox 1137 739 1323 779; x_wconf 87' lang='lat' dir='ltr'>Patrum</span> <span class='ocrx_word' id='word_1_45' title='bbox 1347 743 1562 778; x_wconf 86' lang='lat' dir='ltr'>cessatum</span> <span class='ocrx_word' id='word_1_46' title='bbox 1588 742 1710 782; x_wconf 88' lang='lat' dir='ltr'>esset,</span> <span class='ocrx_word' id='word_1_47' title='bbox 1733 735 1789 776; x_wconf 91' lang='lat' dir='ltr'>ob</span> 
     </span>
     <span class='ocr_line' id='line_1_8' title="bbox 329 809 1788 868; baseline -0.003 -16"><span class='ocrx_word' id='word_1_48' title='bbox 329 827 470 852; x_wconf 90' lang='lat' dir='ltr'>sacros</span> <span class='ocrx_word' id='word_1_49' title='bbox 497 811 783 852; x_wconf 71' lang='lat' dir='ltr'>hebdomadis</span> <span class='ocrx_word' id='word_1_50' title='bbox 814 812 992 868; x_wconf 87' lang='lat' dir='ltr'>majoris</span> <span class='ocrx_word' id='word_1_51' title='bbox 1015 827 1061 853; x_wconf 91' lang='lat' dir='ltr'>ac</span> <span class='ocrx_word' id='word_1_52' title='bbox 1093 811 1318 853; x_wconf 84' lang='lat' dir='ltr'>Paschatis</span> <span class='ocrx_word' id='word_1_53' title='bbox 1340 810 1444 857; x_wconf 86' lang='lat' dir='ltr'>dies,</span> <span class='ocrx_word' id='word_1_54' title='bbox 1467 809 1656 865; x_wconf 82' lang='lat' dir='ltr'>hincque</span> <span class='ocrx_word' id='word_1_55' title='bbox 1679 824 1788 864; x_wconf 91' lang='lat' dir='ltr'>quo-</span> 
     </span>
     <span class='ocr_line' id='line_1_9' title="bbox 327 882 1791 932; baseline -0.001 -8"><span class='ocrx_word' id='word_1_56' title='bbox 327 884 448 931; x_wconf 86' lang='lat' dir='ltr'>tidie,</span> <span class='ocrx_word' id='word_1_57' title='bbox 477 899 575 924; x_wconf 88' lang='lat' dir='ltr'>cum</span> <span class='ocrx_word' id='word_1_58' title='bbox 598 891 757 925; x_wconf 83' lang='lat' dir='ltr'>caetera</span> <span class='ocrx_word' id='word_1_59' title='bbox 778 885 969 932; x_wconf 89' lang='lat' dir='ltr'>silerent,</span> <span class='ocrx_word' id='word_1_60' title='bbox 987 885 1176 925; x_wconf 84' lang='lat' dir='ltr'>vicissim</span> <span class='ocrx_word' id='word_1_61' title='bbox 1199 884 1309 924; x_wconf 90' lang='lat' dir='ltr'>alter</span> <span class='ocrx_word' id='word_1_62' title='bbox 1330 883 1511 923; x_wconf 84' lang='lat' dir='ltr'>alterius</span> <span class='ocrx_word' id='word_1_63' title='bbox 1533 882 1791 923; x_wconf 83' lang='lat' dir='ltr'>sententiam</span> 
     </span>
     <span class='ocr_line' id='line_1_10' title="bbox 328 955 1792 1019; baseline -0.002 -21"><span class='ocrx_word' id='word_1_64' title='bbox 328 957 382 998; x_wconf 90' lang='lat' dir='ltr'>de</span> <span class='ocrx_word' id='word_1_65' title='bbox 403 958 536 998; x_wconf 89' lang='lat' dir='ltr'>rebus</span> <span class='ocrx_word' id='word_1_66' title='bbox 558 959 796 1013; x_wconf 89' lang='lat' dir='ltr'>propositis</span> <span class='ocrx_word' id='word_1_67' title='bbox 817 958 1122 1005; x_wconf 85' lang='lat' dir='ltr'>sciscitaretur,</span> <span class='ocrx_word' id='word_1_68' title='bbox 1147 957 1284 1012; x_wconf 89' lang='lat' dir='ltr'>eoepit</span> <span class='ocrx_word' id='word_1_69' title='bbox 1310 956 1530 1012; x_wconf 87' lang='lat' dir='ltr'>paulatim</span> <span class='ocrx_word' id='word_1_70' title='bbox 1552 955 1622 996; x_wconf 89' lang='lat' dir='ltr'>hic</span> <span class='ocrx_word' id='word_1_71' title='bbox 1643 970 1792 1019; x_wconf 61' lang='lat' dir='ltr'>rumpr</span> 
     </span>
     <span class='ocr_line' id='line_1_11' title="bbox 329 1029 1790 1086; baseline -0.002 -14"><span class='ocrx_word' id='word_1_72' title='bbox 329 1032 392 1072; x_wconf 90' lang='lat' dir='ltr'>ita</span> <span class='ocrx_word' id='word_1_73' title='bbox 424 1031 734 1080; x_wconf 87' lang='lat' dir='ltr'>increbescere,</span> <span class='ocrx_word' id='word_1_74' title='bbox 772 1038 822 1072; x_wconf 88' lang='lat' dir='ltr'>ut</span> <span class='ocrx_word' id='word_1_75' title='bbox 856 1032 901 1072; x_wconf 92' lang='lat' dir='ltr'>in</span> <span class='ocrx_word' id='word_1_76' title='bbox 935 1046 1007 1072; x_wconf 89' lang='lat' dir='ltr'>ore</span> <span class='ocrx_word' id='word_1_77' title='bbox 1044 1038 1177 1086; x_wconf 90' lang='lat' dir='ltr'>atque</span> <span class='ocrx_word' id='word_1_78' title='bbox 1213 1045 1407 1071; x_wconf 86' lang='lat' dir='ltr'>sermone</span> <span class='ocrx_word' id='word_1_79' title='bbox 1440 1029 1633 1070; x_wconf 87' lang='lat' dir='ltr'>omnium</span> <span class='ocrx_word' id='word_1_80' title='bbox 1667 1038 1790 1079; x_wconf 86' lang='lat' dir='ltr'>esset,</span> 
     </span>
     <span class='ocr_line' id='line_1_12' title="bbox 327 1103 1792 1161; baseline -0.001 -15"><span class='ocrx_word' id='word_1_81' title='bbox 327 1105 525 1161; x_wconf 90' lang='lat' dir='ltr'>nihilque</span> <span class='ocrx_word' id='word_1_82' title='bbox 567 1105 688 1146; x_wconf 90' lang='lat' dir='ltr'>aliud</span> <span class='ocrx_word' id='word_1_83' title='bbox 729 1105 773 1145; x_wconf 91' lang='lat' dir='ltr'>in</span> <span class='ocrx_word' id='word_1_84' title='bbox 816 1105 1002 1153; x_wconf 87' lang='lat' dir='ltr'>circulis,</span> <span class='ocrx_word' id='word_1_85' title='bbox 1057 1104 1431 1160; x_wconf 84' lang='lat' dir='ltr'>disputationibus</span> <span class='ocrx_word' id='word_1_86' title='bbox 1483 1103 1792 1159; x_wconf 88' lang='lat' dir='ltr'>congressioni-</span> 
     </span>
     <span class='ocr_line' id='line_1_13' title="bbox 328 1176 1792 1234; baseline -0.001 -15"><span class='ocrx_word' id='word_1_87' title='bbox 328 1179 499 1234; x_wconf 88' lang='lat' dir='ltr'>busque</span> <span class='ocrx_word' id='word_1_88' title='bbox 520 1179 825 1228; x_wconf 84' lang='lat' dir='ltr'>familiaribus,</span> <span class='ocrx_word' id='word_1_89' title='bbox 851 1194 937 1220; x_wconf 90' lang='lat' dir='ltr'>non</span> <span class='ocrx_word' id='word_1_90' title='bbox 965 1180 1255 1221; x_wconf 77' lang='lat' dir='ltr'>Praelatorum</span> <span class='ocrx_word' id='word_1_91' title='bbox 1277 1184 1461 1225; x_wconf 85' lang='lat' dir='ltr'>tantum,</span> <span class='ocrx_word' id='word_1_92' title='bbox 1485 1176 1561 1218; x_wconf 89' lang='lat' dir='ltr'>sed</span> <span class='ocrx_word' id='word_1_93' title='bbox 1583 1183 1626 1218; x_wconf 90' lang='lat' dir='ltr'>et</span> <span class='ocrx_word' id='word_1_94' title='bbox 1646 1178 1792 1233; x_wconf 89' lang='lat' dir='ltr'>Popu-</span> 
     </span>
     <span class='ocr_line' id='line_1_14' title="bbox 329 1251 1792 1309; baseline 0 -17"><span class='ocrx_word' id='word_1_95' title='bbox 329 1252 504 1300; x_wconf 83' lang='lat' dir='ltr'>larium,</span> <span class='ocrx_word' id='word_1_96' title='bbox 528 1260 792 1301; x_wconf 88' lang='lat' dir='ltr'>versaretur,</span> <span class='ocrx_word' id='word_1_97' title='bbox 825 1268 959 1309; x_wconf 90' lang='lat' dir='ltr'>quam</span> <span class='ocrx_word' id='word_1_98' title='bbox 981 1252 1060 1294; x_wconf 89' lang='lat' dir='ltr'>hoc</span> <span class='ocrx_word' id='word_1_99' title='bbox 1080 1253 1241 1309; x_wconf 89' lang='lat' dir='ltr'>ipsum,</span> <span class='ocrx_word' id='word_1_100' title='bbox 1276 1267 1329 1294; x_wconf 87' lang='lat' dir='ltr'>an</span> <span class='ocrx_word' id='word_1_101' title='bbox 1351 1251 1591 1293; x_wconf 87' lang='lat' dir='ltr'>residentia</span> <span class='ocrx_word' id='word_1_102' title='bbox 1611 1251 1792 1308; x_wconf 87' lang='lat' dir='ltr'>Episco-</span> 
     </span>
     <span class='ocr_line' id='line_1_15' title="bbox 322 1325 925 1381; baseline 0.003 -16"><span class='ocrx_word' id='word_1_103' title='bbox 322 1332 489 1381; x_wconf 53' lang='lat' dir='ltr'>‘porum</span> <span class='ocrx_word' id='word_1_104' title='bbox 509 1326 621 1381; x_wconf 87' lang='lat' dir='ltr'>juris</span> <span class='ocrx_word' id='word_1_105' title='bbox 641 1325 778 1366; x_wconf 80' lang='lat' dir='ltr'>divini</span> <span class='ocrx_word' id='word_1_106' title='bbox 799 1332 925 1367; x_wconf 91' lang='lat' dir='ltr'>esset.</span> 
     </span>
    </p>

    <p class='ocr_par' dir='ltr' id='par_1_4' title="bbox 333 1397 1797 2474">
     <span class='ocr_line' id='line_1_16' title="bbox 391 1397 1797 1455; baseline 0 -16"><span class='ocrx_word' id='word_1_107' title='bbox 391 1397 511 1439; x_wconf 90' lang='lat' dir='ltr'>Hine</span> <span class='ocrx_word' id='word_1_108' title='bbox 544 1413 720 1454; x_wconf 91' lang='lat' dir='ltr'>quoque</span> <span class='ocrx_word' id='word_1_109' title='bbox 758 1399 922 1447; x_wconf 88' lang='lat' dir='ltr'>accidit,</span> <span class='ocrx_word' id='word_1_110' title='bbox 962 1406 1012 1440; x_wconf 94' lang='lat' dir='ltr'>ut</span> <span class='ocrx_word' id='word_1_111' title='bbox 1048 1414 1145 1439; x_wconf 86' lang='lat' dir='ltr'>cum</span> <span class='ocrx_word' id='word_1_112' title='bbox 1179 1399 1300 1455; x_wconf 83' lang='lat' dir='ltr'>prius</span> <span class='ocrx_word' id='word_1_113' title='bbox 1323 1398 1629 1439; x_wconf 85' lang='lat' dir='ltr'>Sanctissimus</span> <span class='ocrx_word' id='word_1_114' title='bbox 1650 1404 1797 1440; x_wconf 87' lang='lat' dir='ltr'>noster</span> 
     </span>
     <span class='ocr_line' id='line_1_17' title="bbox 336 1470 1794 1526; baseline -0.001 -16"><span class='ocrx_word' id='word_1_115' title='bbox 336 1471 626 1525; x_wconf 81' lang='lat' dir='ltr'>(Simonettae,</span> <span class='ocrx_word' id='word_1_116' title='bbox 650 1478 699 1512; x_wconf 91' lang='lat' dir='ltr'>ut</span> <span class='ocrx_word' id='word_1_117' title='bbox 736 1471 924 1519; x_wconf 83' lang='lat' dir='ltr'>aiebant,</span> <span class='ocrx_word' id='word_1_118' title='bbox 961 1472 1112 1523; x_wconf 88' lang='lat' dir='ltr'>suasu)</span> <span class='ocrx_word' id='word_1_119' title='bbox 1145 1470 1200 1511; x_wconf 88' lang='lat' dir='ltr'>ad</span> <span class='ocrx_word' id='word_1_120' title='bbox 1230 1470 1425 1526; x_wconf 84' lang='lat' dir='ltr'>Legatos</span> <span class='ocrx_word' id='word_1_121' title='bbox 1456 1470 1708 1524; x_wconf 86' lang='lat' dir='ltr'>scripsisset,</span> <span class='ocrx_word' id='word_1_122' title='bbox 1740 1484 1794 1510; x_wconf 86' lang='lat' dir='ltr'>ne</span> 
     </span>
     <span class='ocr_line' id='line_1_18' title="bbox 333 1542 1795 1600; baseline -0.001 -15"><span class='ocrx_word' id='word_1_123' title='bbox 333 1550 468 1600; x_wconf 87' lang='lat' dir='ltr'>caput</span> <span class='ocrx_word' id='word_1_124' title='bbox 498 1543 544 1584; x_wconf 91' lang='lat' dir='ltr'>id</span> <span class='ocrx_word' id='word_1_125' title='bbox 569 1544 760 1600; x_wconf 89' lang='lat' dir='ltr'>primum</span> <span class='ocrx_word' id='word_1_126' title='bbox 783 1544 837 1585; x_wconf 90' lang='lat' dir='ltr'>de</span> <span class='ocrx_word' id='word_1_127' title='bbox 859 1543 1096 1585; x_wconf 86' lang='lat' dir='ltr'>residentia</span> <span class='ocrx_word' id='word_1_128' title='bbox 1116 1544 1160 1584; x_wconf 90' lang='lat' dir='ltr'>in</span> <span class='ocrx_word' id='word_1_129' title='bbox 1181 1543 1291 1584; x_wconf 88' lang='lat' dir='ltr'>hanc</span> <span class='ocrx_word' id='word_1_130' title='bbox 1314 1543 1658 1598; x_wconf 89' lang='lat' dir='ltr'>disputationem</span> <span class='ocrx_word' id='word_1_131' title='bbox 1681 1542 1795 1584; x_wconf 89' lang='lat' dir='ltr'>trahi</span> 
     </span>
     <span class='ocr_line' id='line_1_19' title="bbox 333 1616 1796 1673; baseline 0 -15"><span class='ocrx_word' id='word_1_132' title='bbox 333 1624 594 1673; x_wconf 86' lang='lat' dir='ltr'>paterentur</span> <span class='ocrx_word' id='word_1_133' title='bbox 606 1634 617 1667; x_wconf 84' lang='lat'>3</span> <span class='ocrx_word' id='word_1_134' title='bbox 654 1617 862 1673; x_wconf 87' lang='lat' dir='ltr'>idemque</span> <span class='ocrx_word' id='word_1_135' title='bbox 896 1624 941 1658; x_wconf 92' lang='lat' dir='ltr'>et</span> <span class='ocrx_word' id='word_1_136' title='bbox 975 1616 1226 1658; x_wconf 88' lang='lat' dir='ltr'>Cardinalis</span> <span class='ocrx_word' id='word_1_137' title='bbox 1268 1617 1531 1657; x_wconf 88' lang='lat' dir='ltr'>Borromeus</span> <span class='ocrx_word' id='word_1_138' title='bbox 1567 1617 1796 1658; x_wconf 90' lang='lat' dir='ltr'>nonnullos</span> 
     </span>
     <span class='ocr_line' id='line_1_20' title="bbox 333 1688 1796 1745; baseline 0 -15"><span class='ocrx_word' id='word_1_139' title='bbox 333 1689 549 1730; x_wconf 82' lang='lat' dir='ltr'>Praelatos</span> <span class='ocrx_word' id='word_1_140' title='bbox 567 1690 743 1730; x_wconf 88' lang='lat' dir='ltr'>seorsim</span> <span class='ocrx_word' id='word_1_141' title='bbox 766 1704 846 1745; x_wconf 88' lang='lat' dir='ltr'>per</span> <span class='ocrx_word' id='word_1_142' title='bbox 866 1689 1028 1737; x_wconf 85' lang='lat' dir='ltr'>literaS,</span> <span class='ocrx_word' id='word_1_143' title='bbox 1047 1695 1098 1730; x_wconf 90' lang='lat' dir='ltr'>ut</span> <span class='ocrx_word' id='word_1_144' title='bbox 1119 1688 1357 1737; x_wconf 87' lang='lat' dir='ltr'>ferebatur,</span> <span class='ocrx_word' id='word_1_145' title='bbox 1375 1688 1623 1737; x_wconf 88' lang='lat' dir='ltr'>monuisset,</span> <span class='ocrx_word' id='word_1_146' title='bbox 1645 1689 1796 1745; x_wconf 86' lang='lat' dir='ltr'>paucis</span> 
     </span>
     <span class='ocr_line' id='line_1_21' title="bbox 333 1762 1796 1819; baseline 0 -16"><span class='ocrx_word' id='word_1_147' title='bbox 333 1762 488 1804; x_wconf 89' lang='lat' dir='ltr'>deinde</span> <span class='ocrx_word' id='word_1_148' title='bbox 523 1769 624 1819; x_wconf 88' lang='lat' dir='ltr'>post</span> <span class='ocrx_word' id='word_1_149' title='bbox 663 1762 819 1803; x_wconf 91' lang='lat' dir='ltr'>diebus</span> <span class='ocrx_word' id='word_1_150' title='bbox 859 1762 973 1804; x_wconf 90' lang='lat' dir='ltr'>idem</span> <span class='ocrx_word' id='word_1_151' title='bbox 1012 1763 1274 1804; x_wconf 87' lang='lat' dir='ltr'>Borromeus</span> <span class='ocrx_word' id='word_1_152' title='bbox 1315 1763 1486 1804; x_wconf 91' lang='lat' dir='ltr'>nomine</span> <span class='ocrx_word' id='word_1_153' title='bbox 1528 1763 1796 1804; x_wconf 89' lang='lat' dir='ltr'>Sanetissimi</span> 
     </span>
     <span class='ocr_line' id='line_1_22' title="bbox 336 1835 1796 1892; baseline 0.001 -16"><span class='ocrx_word' id='word_1_154' title='bbox 336 1835 561 1877; x_wconf 80' lang='lat' dir='ltr'>diversum</span> <span class='ocrx_word' id='word_1_155' title='bbox 583 1836 681 1876; x_wconf 88' lang='lat' dir='ltr'>aliis</span> <span class='ocrx_word' id='word_1_156' title='bbox 700 1836 840 1876; x_wconf 86' lang='lat' dir='ltr'>literis</span> <span class='ocrx_word' id='word_1_157' title='bbox 871 1835 1057 1891; x_wconf 86' lang='lat' dir='ltr'>Legatis</span> <span class='ocrx_word' id='word_1_158' title='bbox 1091 1835 1368 1892; x_wconf 86' lang='lat' dir='ltr'>significavit,</span> <span class='ocrx_word' id='word_1_159' title='bbox 1406 1836 1632 1877; x_wconf 80' lang='lat' dir='ltr'>videlicet:</span> <span class='ocrx_word' id='word_1_160' title='bbox 1666 1836 1796 1878; x_wconf 88' lang='lat' dir='ltr'>Sanc-</span> 
     </span>
     <span class='ocr_line' id='line_1_23' title="bbox 336 1907 1796 1964; baseline 0.001 -16"><span class='ocrx_word' id='word_1_161' title='bbox 336 1907 552 1949; x_wconf 82' lang='lat' dir='ltr'>tissimum</span> <span class='ocrx_word' id='word_1_162' title='bbox 589 1908 717 1963; x_wconf 72' lang='lat' dir='ltr'>parvi</span> <span class='ocrx_word' id='word_1_163' title='bbox 749 1907 1011 1954; x_wconf 85' lang='lat' dir='ltr'>existimare,</span> <span class='ocrx_word' id='word_1_164' title='bbox 1048 1907 1157 1963; x_wconf 89' lang='lat' dir='ltr'>quid</span> <span class='ocrx_word' id='word_1_165' title='bbox 1194 1922 1328 1963; x_wconf 88' lang='lat' dir='ltr'>super</span> <span class='ocrx_word' id='word_1_166' title='bbox 1364 1922 1414 1949; x_wconf 89' lang='lat' dir='ltr'>eo</span> <span class='ocrx_word' id='word_1_167' title='bbox 1450 1909 1604 1949; x_wconf 90' lang='lat' dir='ltr'>Patres</span> <span class='ocrx_word' id='word_1_168' title='bbox 1646 1915 1796 1964; x_wconf 84' lang='lat' dir='ltr'>agant,</span> 
     </span>
     <span class='ocr_line' id='line_1_24' title="bbox 337 1981 1797 2038; baseline 0 -15"><span class='ocrx_word' id='word_1_169' title='bbox 337 1982 444 2023; x_wconf 88' lang='lat' dir='ltr'>dum</span> <span class='ocrx_word' id='word_1_170' title='bbox 477 1989 621 2022; x_wconf 87' lang='lat' dir='ltr'>tamen</span> <span class='ocrx_word' id='word_1_171' title='bbox 655 1982 818 2023; x_wconf 89' lang='lat' dir='ltr'>sincere</span> <span class='ocrx_word' id='word_1_172' title='bbox 848 1988 980 2037; x_wconf 88' lang='lat' dir='ltr'>atque</span> <span class='ocrx_word' id='word_1_173' title='bbox 1003 1996 1056 2022; x_wconf 85' lang='lat' dir='ltr'>ex</span> <span class='ocrx_word' id='word_1_174' title='bbox 1080 1981 1211 2022; x_wconf 90' lang='lat' dir='ltr'>animi</span> <span class='ocrx_word' id='word_1_175' title='bbox 1232 1982 1489 2022; x_wconf 87' lang='lat' dir='ltr'>conscientia</span> <span class='ocrx_word' id='word_1_176' title='bbox 1510 1981 1629 2038; x_wconf 91' lang='lat' dir='ltr'>quod</span> <span class='ocrx_word' id='word_1_177' title='bbox 1652 1981 1797 2023; x_wconf 89' lang='lat' dir='ltr'>Chris-</span> 
     </span>
     <span class='ocr_line' id='line_1_25' title="bbox 337 2054 1796 2112; baseline 0.001 -16"><span class='ocrx_word' id='word_1_178' title='bbox 337 2055 471 2096; x_wconf 78' lang='lat' dir='ltr'>tianae</span> <span class='ocrx_word' id='word_1_179' title='bbox 502 2055 756 2110; x_wconf 81' lang='lat' dir='ltr'>reipublicae</span> <span class='ocrx_word' id='word_1_180' title='bbox 788 2055 995 2111; x_wconf 86' lang='lat' dir='ltr'>expediat</span> <span class='ocrx_word' id='word_1_181' title='bbox 1028 2055 1083 2095; x_wconf 87' lang='lat' dir='ltr'>ab</span> <span class='ocrx_word' id='word_1_182' title='bbox 1104 2054 1171 2095; x_wconf 89' lang='lat' dir='ltr'>his</span> <span class='ocrx_word' id='word_1_183' title='bbox 1192 2055 1475 2096; x_wconf 89' lang='lat' dir='ltr'>deliberetur.</span> <span class='ocrx_word' id='word_1_184' title='bbox 1539 2055 1681 2112; x_wconf 88' lang='lat' dir='ltr'>Cujus</span> <span class='ocrx_word' id='word_1_185' title='bbox 1702 2070 1796 2097; x_wconf 91' lang='lat' dir='ltr'>con-</span> 
     </span>
     <span class='ocr_line' id='line_1_26' title="bbox 337 2128 1797 2185; baseline 0.001 -16"><span class='ocrx_word' id='word_1_186' title='bbox 337 2129 423 2170; x_wconf 86' lang='lat' dir='ltr'>silii</span> <span class='ocrx_word' id='word_1_187' title='bbox 444 2129 733 2169; x_wconf 89' lang='lat' dir='ltr'>mutationem</span> <span class='ocrx_word' id='word_1_188' title='bbox 754 2128 855 2170; x_wconf 86' lang='lat' dir='ltr'>inde</span> <span class='ocrx_word' id='word_1_189' title='bbox 877 2129 1114 2184; x_wconf 85' lang='lat' dir='ltr'>profectam</span> <span class='ocrx_word' id='word_1_190' title='bbox 1139 2129 1326 2176; x_wconf 88' lang='lat' dir='ltr'>aiebant,</span> <span class='ocrx_word' id='word_1_191' title='bbox 1357 2129 1474 2185; x_wconf 91' lang='lat' dir='ltr'>quod</span> <span class='ocrx_word' id='word_1_192' title='bbox 1505 2145 1558 2171; x_wconf 88' lang='lat' dir='ltr'>ex</span> <span class='ocrx_word' id='word_1_193' title='bbox 1589 2130 1797 2185; x_wconf 88' lang='lat' dir='ltr'>posterio-</span> 
     </span>
     <span class='ocr_line' id='line_1_27' title="bbox 339 2200 1797 2258; baseline 0.002 -17"><span class='ocrx_word' id='word_1_194' title='bbox 339 2201 464 2242; x_wconf 89' lang='lat' dir='ltr'>ribus</span> <span class='ocrx_word' id='word_1_195' title='bbox 486 2200 721 2242; x_wconf 81' lang='lat' dir='ltr'>Mantuani</span> <span class='ocrx_word' id='word_1_196' title='bbox 751 2200 1071 2258; x_wconf 87' lang='lat' dir='ltr'>Seripandique</span> <span class='ocrx_word' id='word_1_197' title='bbox 1095 2200 1149 2242; x_wconf 92' lang='lat' dir='ltr'>ad</span> <span class='ocrx_word' id='word_1_198' title='bbox 1171 2202 1342 2257; x_wconf 83' lang='lat' dir='ltr'>Papam</span> <span class='ocrx_word' id='word_1_199' title='bbox 1373 2202 1514 2243; x_wconf 87' lang='lat' dir='ltr'>literis</span> <span class='ocrx_word' id='word_1_200' title='bbox 1545 2203 1639 2258; x_wconf 89' lang='lat' dir='ltr'>ejus</span> <span class='ocrx_word' id='word_1_201' title='bbox 1671 2202 1797 2244; x_wconf 88' lang='lat' dir='ltr'>Sanc-</span> 
     </span>
     <span class='ocr_line' id='line_1_28' title="bbox 339 2273 1797 2331; baseline -0.001 -16"><span class='ocrx_word' id='word_1_202' title='bbox 339 2275 445 2315; x_wconf 86' lang='lat' dir='ltr'>titas</span> <span class='ocrx_word' id='word_1_203' title='bbox 470 2280 735 2330; x_wconf 86' lang='lat' dir='ltr'>cognoverat</span> <span class='ocrx_word' id='word_1_204' title='bbox 771 2273 879 2315; x_wconf 90' lang='lat' dir='ltr'>adeo</span> <span class='ocrx_word' id='word_1_205' title='bbox 907 2289 998 2315; x_wconf 91' lang='lat' dir='ltr'>rem</span> <span class='ocrx_word' id='word_1_206' title='bbox 1034 2273 1143 2315; x_wconf 82' lang='lat' dir='ltr'>hanc</span> <span class='ocrx_word' id='word_1_207' title='bbox 1175 2275 1368 2315; x_wconf 89' lang='lat' dir='ltr'>omnium</span> <span class='ocrx_word' id='word_1_208' title='bbox 1402 2275 1549 2316; x_wconf 87' lang='lat' dir='ltr'>verbis</span> <span class='ocrx_word' id='word_1_209' title='bbox 1580 2274 1659 2316; x_wconf 89' lang='lat' dir='ltr'>hac</span> <span class='ocrx_word' id='word_1_210' title='bbox 1689 2290 1797 2331; x_wconf 87' lang='lat' dir='ltr'>prae-</span> 
     </span>
     <span class='ocr_line' id='line_1_29' title="bbox 339 2345 1797 2403; baseline 0.001 -16"><span class='ocrx_word' id='word_1_211' title='bbox 339 2345 554 2387; x_wconf 87' lang='lat' dir='ltr'>dicatione</span> <span class='ocrx_word' id='word_1_212' title='bbox 590 2345 868 2394; x_wconf 85' lang='lat' dir='ltr'>circumferri,</span> <span class='ocrx_word' id='word_1_213' title='bbox 897 2353 946 2387; x_wconf 90' lang='lat' dir='ltr'>ut</span> <span class='ocrx_word' id='word_1_214' title='bbox 983 2347 1171 2401; x_wconf 86' lang='lat' dir='ltr'>amplius</span> <span class='ocrx_word' id='word_1_215' title='bbox 1206 2347 1373 2403; x_wconf 86' lang='lat' dir='ltr'>absque</span> <span class='ocrx_word' id='word_1_216' title='bbox 1408 2362 1568 2403; x_wconf 88' lang='lat' dir='ltr'>magno</span> <span class='ocrx_word' id='word_1_217' title='bbox 1604 2348 1797 2388; x_wconf 89' lang='lat' dir='ltr'>omnium</span> 
     </span>
     <span class='ocr_line' id='line_1_30' title="bbox 340 2418 1138 2474; baseline 0 -15"><span class='ocrx_word' id='word_1_218' title='bbox 340 2418 601 2460; x_wconf 83' lang='lat' dir='ltr'>offendiculo</span> <span class='ocrx_word' id='word_1_219' title='bbox 621 2433 704 2458; x_wconf 90' lang='lat' dir='ltr'>non</span> <span class='ocrx_word' id='word_1_220' title='bbox 727 2426 873 2474; x_wconf 90' lang='lat' dir='ltr'>posset</span> <span class='ocrx_word' id='word_1_221' title='bbox 895 2419 1138 2459; x_wconf 88' lang='lat' dir='ltr'>intermitti.</span> 
     </span>
    </p>

    <p class='ocr_par' dir='ltr' id='par_1_5' title="bbox 340 2491 1800 2842">
     <span class='ocr_line' id='line_1_31' title="bbox 397 2491 1800 2549; baseline 0.001 -15"><span class='ocrx_word' id='word_1_222' title='bbox 397 2493 467 2534; x_wconf 87' lang='lat' dir='ltr'>Eo</span> <span class='ocrx_word' id='word_1_223' title='bbox 499 2499 615 2533; x_wconf 89' lang='lat' dir='ltr'>certe</span> <span class='ocrx_word' id='word_1_224' title='bbox 647 2507 716 2532; x_wconf 90' lang='lat' dir='ltr'>res</span> <span class='ocrx_word' id='word_1_225' title='bbox 748 2491 959 2548; x_wconf 84' lang='lat' dir='ltr'>perducta</span> <span class='ocrx_word' id='word_1_226' title='bbox 990 2491 1085 2539; x_wconf 85' lang='lat' dir='ltr'>fuit,</span> <span class='ocrx_word' id='word_1_227' title='bbox 1115 2499 1164 2533; x_wconf 90' lang='lat' dir='ltr'>ut</span> <span class='ocrx_word' id='word_1_228' title='bbox 1185 2507 1312 2534; x_wconf 89' lang='lat' dir='ltr'>nemo</span> <span class='ocrx_word' id='word_1_229' title='bbox 1334 2493 1423 2535; x_wconf 89' lang='lat' dir='ltr'>fere</span> <span class='ocrx_word' id='word_1_230' title='bbox 1446 2501 1574 2542; x_wconf 85' lang='lat' dir='ltr'>esset,</span> <span class='ocrx_word' id='word_1_231' title='bbox 1598 2494 1800 2549; x_wconf 90' lang='lat' dir='ltr'>quamvis</span> 
     </span>
     <span class='ocr_line' id='line_1_32' title="bbox 340 2564 1798 2622; baseline 0.001 -16"><span class='ocrx_word' id='word_1_232' title='bbox 340 2565 532 2606; x_wconf 90' lang='lat' dir='ltr'>nondum</span> <span class='ocrx_word' id='word_1_233' title='bbox 573 2564 777 2619; x_wconf 83' lang='lat' dir='ltr'>suffragii</span> <span class='ocrx_word' id='word_1_234' title='bbox 816 2564 983 2605; x_wconf 87' lang='lat' dir='ltr'>ferendi</span> <span class='ocrx_word' id='word_1_235' title='bbox 1023 2564 1114 2605; x_wconf 91' lang='lat' dir='ltr'>dies</span> <span class='ocrx_word' id='word_1_236' title='bbox 1154 2564 1411 2612; x_wconf 81' lang='lat' dir='ltr'>advenisset,</span> <span class='ocrx_word' id='word_1_237' title='bbox 1464 2567 1588 2622; x_wconf 90' lang='lat' dir='ltr'>cujus</span> <span class='ocrx_word' id='word_1_238' title='bbox 1629 2567 1798 2607; x_wconf 86' lang='lat' dir='ltr'>animus</span> 
     </span>
     <span class='ocr_line' id='line_1_33' title="bbox 340 2636 1798 2694; baseline 0.001 -16"><span class='ocrx_word' id='word_1_239' title='bbox 340 2638 525 2678; x_wconf 90' lang='lat' dir='ltr'>istarum</span> <span class='ocrx_word' id='word_1_240' title='bbox 562 2637 633 2678; x_wconf 79' lang='lat' dir='ltr'>vel</span> <span class='ocrx_word' id='word_1_241' title='bbox 666 2636 843 2677; x_wconf 85' lang='lat' dir='ltr'>illarum</span> <span class='ocrx_word' id='word_1_242' title='bbox 876 2637 1068 2691; x_wconf 88' lang='lat' dir='ltr'>partium</span> <span class='ocrx_word' id='word_1_243' title='bbox 1104 2653 1189 2678; x_wconf 93' lang='lat' dir='ltr'>non</span> <span class='ocrx_word' id='word_1_244' title='bbox 1222 2638 1654 2694; x_wconf 81' lang='lat' dir='ltr'>deprehenderetur3</span> <span class='ocrx_word' id='word_1_245' title='bbox 1692 2638 1798 2680; x_wconf 88' lang='lat' dir='ltr'>adeo</span> 
     </span>
     <span class='ocr_line' id='line_1_34' title="bbox 343 2710 1797 2762; baseline 0.001 -11"><span class='ocrx_word' id='word_1_246' title='bbox 343 2712 454 2751; x_wconf 88' lang='lat' dir='ltr'>enim</span> <span class='ocrx_word' id='word_1_247' title='bbox 491 2726 535 2751; x_wconf 92' lang='lat' dir='ltr'>se</span> <span class='ocrx_word' id='word_1_248' title='bbox 568 2711 651 2751; x_wconf 84' lang='lat' dir='ltr'>ista</span> <span class='ocrx_word' id='word_1_249' title='bbox 683 2710 727 2750; x_wconf 88' lang='lat' dir='ltr'>in</span> <span class='ocrx_word' id='word_1_250' title='bbox 762 2710 955 2751; x_wconf 85' lang='lat' dir='ltr'>omnium</span> <span class='ocrx_word' id='word_1_251' title='bbox 988 2718 1155 2752; x_wconf 90' lang='lat' dir='ltr'>mentes</span> <span class='ocrx_word' id='word_1_252' title='bbox 1176 2711 1303 2753; x_wconf 90' lang='lat' dir='ltr'>facile</span> <span class='ocrx_word' id='word_1_253' title='bbox 1325 2712 1618 2762; x_wconf 88' lang='lat' dir='ltr'>insinuabant,</span> <span class='ocrx_word' id='word_1_254' title='bbox 1641 2721 1692 2754; x_wconf 90' lang='lat' dir='ltr'>ut</span> <span class='ocrx_word' id='word_1_255' title='bbox 1713 2728 1797 2753; x_wconf 92' lang='lat' dir='ltr'>non</span> 
     </span>
     <span class='ocr_line' id='line_1_35' title="bbox 344 2783 1798 2842; baseline 0.003 -19"><span class='ocrx_word' id='word_1_256' title='bbox 344 2784 601 2826; x_wconf 84' lang='lat' dir='ltr'>alterutram</span> <span class='ocrx_word' id='word_1_257' title='bbox 638 2783 883 2839; x_wconf 85' lang='lat' dir='ltr'>opinionem</span> <span class='ocrx_word' id='word_1_258' title='bbox 914 2785 1005 2839; x_wconf 85' lang='lat' dir='ltr'>jam</span> <span class='ocrx_word' id='word_1_259' title='bbox 1042 2785 1280 2839; x_wconf 78' lang='lat' dir='ltr'>arripuisse</span> <span class='ocrx_word' id='word_1_260' title='bbox 1315 2785 1481 2841; x_wconf 88' lang='lat' dir='ltr'>stupidi</span> <span class='ocrx_word' id='word_1_261' title='bbox 1512 2801 1689 2842; x_wconf 87' lang='lat' dir='ltr'>prorsus</span> <span class='ocrx_word' id='word_1_262' title='bbox 1724 2794 1798 2828; x_wconf 89' lang='lat' dir='ltr'>aut</span> 
     </span>
    </p>
   </div>
  </div>
 </body>
</html>
