1905 3254
301 266 383 307 ‘260
928 281 1036 313 snss.
1062 283 1121 312 vi.

302 396 346 429 et
374 388 573 429 nefandae,
608 387 905 443 usurpationis
937 387 1186 443 hujusmodi
1213 386 1539 433 confabricator,
1561 400 1638 426 seu
1659 399 1754 426 con-

301 462 490 501 sentiens
510 460 672 507 fueritf
689 459 848 500 eisdem
867 460 1011 515 poenis
1033 460 1272 515 subjaceat,
1294 474 1455 500 necnon
1488 458 1753 514 quibuscun-

301 548 387 588 que
422 533 641 574 benefieiis
673 533 874 588 privatus
905 533 976 580 sit,
1009 540 1052 573 et
1073 533 1127 573 ad
1149 548 1421 588 quaecunque
1443 533 1527 573 alia
1547 530 1757 572 beneficia

299 605 506 647 inhabilis
542 606 765 654 efficiatur,
807 612 851 646 et
888 620 913 645 a
948 620 1123 646 suorum
1153 605 1365 666 'ordinum
1400 604 1653 646 executione
1687 602 1756 643 sui

299 679 505 721 ordinarii
527 679 707 721 arbitrio
729 678 1034 735 suspendatur.

356 751 449 792 Ubi
478 750 571 791 haec
605 751 655 791 14
691 750 864 792 decreta
894 751 1121 806 proposita
1155 751 1351 799 fuerunt,
1383 751 1550 806 rogatis
1571 750 1753 791 Patrum

297 824 523 864 sententiis
557 823 612 864 ad
644 822 718 863 XI
762 829 934 864 tantum
968 830 1069 864 sunt
1102 823 1314 865 redactae:
1355 838 1468 870 nam,
1511 822 1627 878 quod
1662 829 1756 863 erat

297 896 446 936 ordine
480 895 535 935 3¹¹¹
566 902 610 936 et
640 895 698 934 4¹¹³
729 910 781 936 ea
812 894 866 935 de
902 910 1030 935 causa
1060 895 1146 935 fuit
1173 894 1412 941 sublatum,
1437 893 1569 949 quod,
1593 908 1689 933 culn
1711 893 1755 933 in

294 969 348 1008 iis
370 969 423 1009 de
445 968 727 1024 pensionibus
751 975 970 1025 ageretur,
1002 968 1238 1009 noluerunt
1263 969 1417 1008 Patres
1449 967 1585 1007 ullam
1607 982 1754 1008 eorum

294 1041 554 1082 mentionem
587 1041 695 1089 fieri,
729 1056 783 1082 ne
817 1041 991 1097 quando
1024 1057 1095 1082 eas
1125 1042 1333 1097 probasse
1356 1040 1622 1089 viderentur,
1647 1055 1756 1096 quas

294 1114 679 1170 flagitiosissimum
702 1130 793 1155 esse
814 1121 1054 1156 monstrum
1078 1115 1123 1155 in
1144 1115 1252 1156 Ecca
1282 1115 1470 1155 aiebant.
1533 1114 1630 1155 Imo
1652 1129 1756 1155 vero

295 1186 507 1241 petebant
526 1186 746 1226 Canonein
765 1187 884 1242 quod
899 1187 986 1227 illae
1005 1201 1181 1242 prorsus
1203 1186 1498 1234 abolerentur,
1514 1190 1643 1241 juxta
1661 1200 1693 1226 0.
1717 1185 1754 1226 l.

296 1266 346 1300 ut
378 1260 542 1300 Eccles.
570 1261 712 1301 benef.
744 1261 1032 1316 promulgari.
1097 1260 1311 1310 Quamvis
1333 1266 1585 1300 autemnon
1606 1258 1756 1299 defue-

294 1333 382 1373 rint
404 1339 448 1374 et
471 1334 547 1388 qui
569 1348 642 1373 eas
663 1333 777 1374 tueri
799 1339 1068 1380 conarentur,
1087 1333 1317 1389 egregium
1340 1339 1484 1374 tamen
1500 1333 1600 1382 fuit,
1624 1332 1754 1388 quod,

269 1421 390 1446 ¹euin
426 1405 559 1447 iidem
592 1406 914 1462 distinguerent
945 1406 1059 1447 inter
1092 1406 1320 1461 pensiones
1347 1406 1485 1447 licitas
1506 1412 1549 1446 et
1570 1406 1754 1454 illicitas,

294 1485 445 1534 aperte
479 1479 609 1519 fateri
639 1478 919 1526 videbantur,
949 1493 1022 1518 eas
1044 1494 1143 1534 quae
1166 1478 1294 1519 hodie
1317 1479 1510 1520 crebrius
1530 1493 1752 1519 reservan-

296 1558 384 1598 tur,
416 1565 501 1590 non
526 1552 631 1591 satis
655 1566 805 1606 aequas
827 1565 933 1591 esse.
998 1550 1239 1605 Optassent
1260 1550 1391 1590 multi
1412 1555 1462 1590 ut
1482 1549 1636 1590 modus
1658 1564 1754 1590 eon-

295 1638 433 1680 gruus
468 1623 520 1663 iis
551 1623 824 1678 imponendis
857 1629 1138 1670 statueretur,
1175 1638 1229 1662 110
1261 1622 1363 1677 plus
1396 1637 1522 1677 aequo
1544 1622 1754 1663 Ecclesiae

293 1703 604 1746 onerarentur;
639 1712 750 1737 neve
786 1696 871 1736 illae
905 1696 987 1736 nisi
1016 1710 1118 1736 vere
1154 1695 1455 1752 indigentibus
1484 1695 1678 1744 Clericis,
1712 1702 1756 1737 et

293 1769 396 1809 vitae
430 1768 649 1823 probitate
681 1767 994 1809 commendatis
1025 1767 1377 1817 decernerentur,
1416 1768 1650 1824 verbisque
1682 1782 1754 1808 ne-

294 1840 504 1897 gantibus
525 1840 698 1882 decreta
718 1840 809 1881 haec
833 1841 1174 1896 conciperentur,
1209 1856 1263 1882 ne
1285 1856 1435 1882 earum
1459 1856 1562 1882 usus
1582 1842 1756 1882 omnino

294 1914 565 1969 approbatus
597 1913 848 1963 videretur,
883 1920 926 1954 et
958 1915 1159 1968 quamvis
1191 1913 1245 1954 ad
1265 1913 1345 1955 1100
1365 1915 1617 1970 exemplum
1643 1913 1756 1955 Con-

295 1985 380 2025 cilii
401 1985 721 2034 Lateranensis,
744 1985 1018 2033 Viennensis,
1042 2000 1089 2026 ac
1119 1985 1316 2041 ejusdem
1339 1986 1587 2027 Tridentini
1613 1987 1657 2026 in
1687 2001 1756 2027 su-

293 2058 541 2113 perioribus
556 2058 831 2098 Sessionibus
850 2058 932 2098 sub
949 2057 1093 2098 Paulo
1108 2064 1152 2099 et
1169 2058 1199 2099 J
1204 2058 1295 2099 ulio
1314 2059 1403 2099 III.
1423 2065 1755 2115 proponeretur,

295 2147 395 2187 quae
417 2133 647 2187 pensiones
668 2131 881 2186 recepisse
904 2130 1121 2179 videntur,
1153 2147 1380 2187 nunquam
1405 2139 1548 2173 tamen
1574 2132 1757 2187 reliquis

295 2204 505 2244 Patribus
526 2203 605 2244 1100
628 2203 772 2259 potuit
792 2202 1071 2258 persuaderi3
1103 2205 1147 2244 in
1170 2219 1309 2259 eoque
1331 2210 1578 2245 constanter
1604 2204 1756 2260 persti-

294 2284 455 2324 terunt,
480 2283 529 2317 ut
552 2275 645 2316 haec
667 2276 840 2316 decreta
861 2275 915 2316 de
932 2275 1075 2316 medio
1092 2276 1362 2318 tollerentur.
1384 2277 1584 2332 quamvis
1601 2275 1756 2316 deinde

294 2351 337 2390 in
361 2350 647 2405 sequentibus
670 2349 941 2390 Sessionibus
961 2349 1091 2406 longe
1115 2350 1328 2406 aequiores
1355 2350 1516 2391 redditi
1535 2350 1754 2391 diversum

295 2422 587 2476 permiserint.

354 2495 495 2535 Aliud
527 2496 656 2535 etiam
690 2501 784 2535 erat
811 2494 1033 2535 decretum
1067 2494 1216 2535 ordine
1237 2496 1288 2545 93
1322 2510 1410 2550 quo
1442 2509 1593 2535 causas
1624 2495 1753 2535 bene-

294 2569 452 2609 ficiales
494 2569 537 2608 in
569 2568 713 2623 prima
752 2568 960 2609 instantia
991 2583 1131 2609 coram
1169 2568 1412 2610 Ordinariis
1442 2570 1638 2610 locorum
1682 2570 1755 2626 agi

294 2654 432 2694 usque
465 2639 521 2680 ad
553 2648 765 2681 summam
804 2641 964 2681 valoris
987 2641 1042 2680 24
1070 2644 1202 2696 juxta
1231 2641 1320 2682 fere
1355 2641 1539 2682 formam
1573 2641 1755 2683 Concilii

296 2712 600 2753 Lateranensis
621 2713 976 2768 permittebatur.
1040 2713 1161 2754 Huic
1184 2713 1356 2755 decreto
1384 2730 1467 2755 non
1499 2714 1602 2756 satis
1629 2715 1757 2755 multi

295 2785 637 2838 acquiescebant,
673 2786 758 2827 imo
791 2787 1002 2841 petebant
1035 2801 1319 2841 quascunque
1351 2802 1503 2828 causas
1533 2788 1577 2828 in
1612 2788 1755 2843 prima
