1905 3254
752 318 866 349 snss
896 319 921 348 1.
1476 299 1526 340 17

67 426 284 483 indulget.
348 426 595 467 Nonnullos
626 426 772 473 etiam,
808 426 884 481 qui
913 426 975 466 rei
1004 424 1232 465 familiaris
1261 423 1405 479 inopia
1428 436 1525 478 pre·

66 500 314 547 mebantur,
354 499 622 540 liberalitate
663 513 756 545 sua,
799 513 883 539 non
926 497 1065 538 solum
1108 498 1152 537 in
1195 497 1418 543 viaticum,
1451 494 1527 535 scd

66 571 299 612 menstruis
327 571 686 626 praestationibus
719 570 941 626 juvandos
973 569 1154 616 curavit,
1196 574 1394 608 veterum
1429 566 1526 607 reli-

69 644 289 700 giosorum
331 643 586 699 Principum
628 642 844 698 exemplo,
888 648 938 683 ut
980 641 1294 698 Episcopalem
1337 639 1525 695 gradum

67 716 245 757 honeste
269 723 447 772 possent
467 717 699 756 sustinere.

126 790 230 831 Post
261 789 366 838 haec,
395 796 554 830 caetera
586 805 685 845 quae
719 790 961 830 necessaria
997 789 1233 830 conventui
1265 788 1366 829 huic
1406 802 1529 843 pera-

70 862 213 919 gendo
254 870 398 904 essent
437 863 591 904 futura
631 863 776 903 omnia
819 862 994 903 aliundi-v
1039 862 1217 903 mandat
1258 861 1527 917 comparari;

69 936 262 992 primum
298 935 477 992 quidem
510 937 732 992 ingentem
771 936 971 991 pecuniae.
1006 936 1092 975 vim
1128 936 1170 974 in
1203 934 1318 975 hunc
1355 940 1529 975 tantum

70 1023 199 1048 usum
241 1008 505 1064 erogandam
548 1008 729 1063 colligit.
813 1007 931 1047 Hinc
977 1008 1099 1047 varia
1139 1022 1323 1047 munera
1363 1006 1532 1046 selectis

72 1081 239 1136 aliquot
273 1082 376 1121 viris
411 1081 603 1122 honestis
639 1081 771 1121 etiam
813 1079 1046 1136 stipendiis
1086 1080 1332 1121 committit.
1409 1079 1533 1120 Inter

70 1153 148 1194 hos
188 1153 404 1194 Joannem
447 1153 660 1194 Thomam
703 1152 757 1193 de
795 1153 954 1193 Sancta
996 1152 1140 1193 Felice
1183 1152 1534 1206 Neapolitanum

72 1225 362 1282 Episcopum,
396 1225 497 1265 olim
534 1225 791 1273 Cavensem,
816 1224 1080 1265 Praefectum
1119 1239 1299 1265 annonae
1324 1223 1533 1264 Commis-

73 1299 236 1339 sarium
272 1299 409 1354 vulgo
445 1298 635 1339 dictum:
670 1297 896 1353 Angelum
921 1297 1226 1338 Massarellum
1258 1298 1533 1353 Episcopum

73 1371 386 1412 Thelcsinum:
436 1370 690 1411 Gabrielem
734 1370 983 1410 Palcottum
1032 1371 1349 1411 Bononiensem
1392 1369 1535 1410 Audi-

74 1450 211 1484 torem
254 1444 394 1490 Rotae,
448 1442 526 1498 qui
576 1441 667 1483 haec
715 1442 913 1497 scripsit:
969 1442 1215 1498 Scipionem
1259 1442 1537 1482 Lancilotnm

75 1517 321 1558 Romanum
356 1516 637 1557 Advocatum
673 1514 1056 1555 Consistorialcm:
1102 1515 1319 1556 Joannem
1360 1515 1537 1555 Battam

78 1590 338 1632 Castellium
361 1590 684 1630 Promotorem:
718 1594 935 1643 praeterea
971 1588 1238 1643 Magistrum
1278 1588 1539 1628 ceremonia-

76 1677 188 1711 rum,
222 1661 460 1710 Medicum,
500 1661 726 1707 Cantores,
769 1660 992 1707 Notarios,
1032 1660 1256 1709 Cursorcs,
1290 1661 1541 1715 Theologos

77 1734 278 1775 minores.
342 1733 405 1773 Et
439 1732 486 1772 id
522 1747 663 1787 genus
696 1732 814 1779 alios,
838 1738 889 1771 ut
915 1732 977 1771 rei
1010 1733 1174 1772 occasio
1209 1732 1326 1779 tulit,
1350 1731 1539 1772 subinde

77 1806 163 1848 huc
203 1807 372 1847 mittit:
421 1806 588 1846 cacteris
638 1804 854 1852 omnibus,
898 1805 976 1859 qui
1024 1803 1122 1852 huc,
1167 1803 1352 1845 Concilii
1394 1820 1539 1852 causa,

79 1886 204 1920 erant
237 1878 508 1926 conventuri,
532 1878 772 1933 privilegia
804 1878 937 1925 varia,
971 1876 1088 1918 edito
1121 1878 1253 1918 etiam
1287 1877 1539 1933 diplomate,

79 1952 302 1993 concessit.

180 2100 324 2148 Bulla
353 2101 725 2163 Privilegiorum
755 2100 827 2145 Pii
858 2099 936 2146 lv.
967 2116 1073 2162 quae
1100 2116 1320 2145 concessa
1344 2108 1455 2145 sunt

402 2174 708 2221 existentibus
733 2173 782 2218 in
809 2171 1044 2227 Concilio,
1068 2172 1145 2218 fol.
1173 2176 1218 2218 4.

167 2285 490 2348 Indulgentiae
516 2303 750 2333 concessae
776 2285 1075 2332 interfuturis
1101 2285 1333 2347 ingressui
1370 2286 1453 2332 Lc-

345 2377 567 2431 gatorum
595 2367 802 2415 Concilii
826 2367 1111 2422 Tridentini,
1138 2366 1215 2413 fol.
1244 2370 1288 2414 6.

144 2482 231 2524 His
263 2483 327 2524 ita
359 2498 384 2523 a
417 2483 597 2523 Summo
629 2481 839 2522 Pontificc
861 2481 1123 2527 constitutis,
1148 2479 1397 2520 Cardinalis
1421 2480 1546 2520 Man-

88 2561 264 2603 tuanus,
299 2555 377 2610 qui
415 2554 629 2602 Mantuae,
657 2552 1012 2594 administranda)
1045 2553 1254 2593 Ecclesia:
1291 2567 1382 2592 suae
1416 2567 1549 2593 causa

88 2625 267 2682 degens,
310 2626 474 2682 saepius
514 2641 558 2666 se
601 2626 656 2666 ab
697 2625 776 2666 hoc
825 2624 1060 2680 legationis
1107 2638 1287 2663 munere
1340 2637 1548 2664 excusare

88 2698 335 2747 studuerat,
371 2697 547 2738 tandem
581 2697 805 2738 Pontificis
838 2696 1081 2744 voluntate,
1120 2710 1166 2735 ac
1200 2710 1312 2750 pene
1350 2695 1547 2750 imperio,

92 2771 247 2821 victus,
290 2778 445 2827 postca
485 2786 582 2811 cum
619 2769 877 2826 Seripando,
917 2770 993 2824 qui
1032 2769 1338 2822 subsequutus
1372 2783 1473 2808 eum
1507 2769 1549 2808 in

91 2842 245 2886 itinere
279 2860 331 2885 ex
366 2844 476 2885 urbe
499 2844 645 2885 fuerat
667 2843 932 2885 Tridentum
968 2858 1055 2883 una
1094 2842 1318 2897 ingressus
1351 2848 1428 2890 est,
1452 2857 1548 2883 cum

1298 2927 1322 2951 o
