1905 3254
402 331 485 371 332
1022 335 1132 373 smss.
1156 343 1233 374 vn.

404 452 507 493 dum
530 450 628 498 dici,
651 457 701 491 ut
721 449 846 490 docet
869 450 1003 490 Arist.
1025 450 1070 490 in
1092 448 1419 490 Praedicament.
1484 447 1603 488 Illud
1635 447 1688 488 de
1718 448 1854 503 impo-

401 526 557 566 sitione
588 538 797 564 manuum
830 522 1054 563 sublatum
1088 522 1231 570 fuisse,
1265 522 1370 578 quia
1398 528 1491 562 erat
1512 528 1852 568 controversum,

402 612 456 638 an
493 603 605 638 esset
641 595 694 636 de
730 595 989 643 substantia,
1025 601 1069 635 et
1104 609 1156 635 an
1187 594 1240 635 de
1278 594 1563 641 solemnitate,
1600 600 1643 634 et
1677 594 1739 634 ita
1770 608 1854 633 non

399 661 637 712 necessaria
658 669 713 710 ad
733 675 1064 709 sacramentum.
1127 667 1215 708 Illa
1237 668 1384 714 verba,
1417 666 1598 708 materia
1629 673 1673 707 et
1703 666 1852 712 forma,

399 743 603 798 usurpari
639 742 769 783 etiam
800 743 844 782 in
881 741 1075 781 Concilio
1108 740 1371 788 Florentino,
1393 747 1437 780 et
1459 754 1664 794 expressa
1685 753 1776 779 esse
1799 737 1854 778 ad

399 817 637 858 tollendam
675 816 1034 871 ambiguitatem:
1074 813 1127 854 ad
1163 814 1248 854 alia
1281 814 1428 861 verba,
1467 812 1633 853 Christi
1664 811 1852 859 Vicario,

397 905 482 931 non
519 889 735 945 adjectum
772 888 915 934 fuisse,
955 888 1147 934 Summo,
1185 887 1390 942 quoniam
1426 901 1503 927 nec
1540 885 1778 941 apponitur
1809 884 1853 924 in

401 962 591 1003 Concilio
613 961 879 1002 Florentino.

454 1035 523 1076 De
545 1034 730 1090 septimo
762 1047 922 1073 canone
952 1032 1121 1087 placere
1155 1032 1252 1079 sibi,
1276 1039 1327 1072 ut
1359 1031 1588 1079 diceretur,
1611 1031 1853 1086 Episcopos

397 1124 488 1150 esse
509 1108 731 1149 institutos
743 1111 842 1162 jure
864 1105 1024 1153 divino,
1040 1112 1083 1146 et
1100 1105 1374 1159 Presbyteris
1391 1106 1646 1160 superiores.
1680 1103 1851 1144 Deinde

398 1180 679 1226 adderentur,
697 1178 749 1219 de
773 1177 1038 1219 authoritate
1062 1177 1220 1217 sumini
1242 1177 1473 1225 Pontificis,
1493 1189 1534 1217 et
1556 1176 1729 1216 omnino
1751 1190 1850 1231 quae

396 1253 561 1300 decent,
586 1252 645 1292 ita
667 1258 716 1292 ut
737 1251 897 1306 cuique
920 1265 1000 1291 sua
1021 1249 1214 1306 dignitas
1245 1250 1531 1298 tribueretur,
1566 1255 1610 1290 et
1640 1248 1853 1304 Episcopi

395 1326 523 1366 etiam
565 1329 897 1380 agnoscerentur
938 1322 966 1363 J
972 1337 1049 1362 ure
1091 1321 1236 1362 divino
1277 1322 1521 1376 superiores
1561 1321 1851 1377 Presbyteri&

396 1395 761 1453 quemadmodum
797 1395 838 1435 S.
863 1394 1157 1449 Hieronymus
1190 1408 1323 1448 super
1346 1393 1473 1439 Psal„
1494 1394 1641 1443 Quare
1662 1393 1849 1434 fremue-

395 1477 496 1512 runt
530 1477 683 1526 gentes
716 1469 792 1510 ἃς.
824 1468 939 1508 illud
975 1468 1121 1515 sentit,
1153 1474 1196 1507 et
1229 1467 1360 1507 Pauli
1383 1466 1437 1507 ad
1461 1466 1659 1507 Corinth.
1686 1467 1737 1507 1⁶2
1759 1482 1846 1522 seq.

393 1559 472 1599 pro
500 1542 778 1598 portiuncula
803 1542 841 1582 ei
873 1540 1097 1582 tradenda.
1163 1539 1213 1579 In
1236 1539 1413 1580 concilio
1445 1555 1531 1580 non
1554 1554 1678 1595 posse
1700 1540 1745 1580 id
1766 1555 1850 1581 non

393 1616 600 1672 profiteri,
624 1623 755 1669 atque
778 1621 929 1669 optare
951 1621 1001 1653 ut
1024 1613 1069 1653 id
1090 1613 1352 1667 explicetur,
1373 1628 1469 1653 cuin
1490 1613 1685 1654 haeretici
1704 1621 1851 1656 contra

392 1696 591 1744 urgeant,
614 1688 817 1733 dicentes,
843 1686 960 1741 quod
983 1686 1177 1726 Ecclesia
1205 1686 1480 1740 gubernatur
1513 1687 1568 1727 ab
1602 1687 1848 1743 Episcopis‚

391 1770 432 1804 et
456 1778 534 1802 nos
556 1777 646 1802 csse
669 1771 792 1802 extra
815 1761 945 1807 Eccm,
970 1775 1067 1800 cum
1090 1774 1174 1799 non
1197 1759 1437 1800 habeamus
1454 1775 1576 1801 veros
1594 1761 1846 1817 Episcopos

392 1837 526 1876 Porro
547 1849 922 1890 supervacaneum
945 1848 1036 1874 esse
1058 1832 1283 1888 disputare
1306 1833 1359 1873 de
1386 1834 1416 1875 J
1420 1834 1696 1875 urisdictione
1712 1851 1724 1885 3
1746 1849 1845 1875 nam

388 1912 422 1951 si
444 1910 535 1951 haec
558 1910 706 1950 veniat
729 1924 754 1949 a
775 1909 911 1963 Papa,
936 1907 1026 1947 sive
1049 1922 1074 1947 a
1106 1906 1217 1957 Deo,
1246 1922 1342 1947 Cum
1375 1907 1500 1962 Papa
1532 1915 1735 1949 teneatur
1765 1924 1845 1964 gu·

389 1984 571 2024 bernare
606 1982 841 2023 Ecclesiam
875 1995 953 2036 per
982 1980 1110 2036 Epos,
1134 1994 1305 2035 semper
1325 1979 1403 2020 illa
1426 1995 1451 2020 a
1472 1979 1568 2021 Deo
1590 1996 1847 2036 permanere

387 2055 596 2097 censenda
616 2062 695 2096 est.

444 2129 912 2182 Fesulanus-cupere
954 2142 1012 2174 se,
1066 2132 1115 2166 ut
1157 2126 1416 2181 explicetur,
1462 2127 1574 2182 hpos
1615 2141 1707 2167 esse
1743 2128 1845 2183 jure

385 2201 532 2242 divino
553 2200 791 2246 institutos,
815 2206 859 2239 et
881 2214 972 2239 esse
997 2199 1272 2253 Presbyteris
1294 2198 1554 2253 superiores.

443 2273 950 2314 Montemaranus—-non
984 2271 1402 2326 praetermittendam
1437 2285 1461 2311 a
1484 2269 1681 2311 Concilio
1704 2272 1842 2326 expli-

385 2348 595 2388 cationem
617 2348 647 2388 J
652 2345 957 2393 urisdictionis,
987 2359 1084 2385 cum
1117 2344 1341 2390 Ecclesiae,
1368 2344 1624 2399 Hispanica,
1659 2344 1842 2391 Gallica,

388 2420 661 2476 Hungarica,
684 2426 728 2460 et
749 2419 846 2459 aliae
868 2417 1020 2458 multae
1040 2416 1088 2456 id
1109 2423 1273 2470 petant.

441 2492 833 2533 Lucerinus—imo
854 2489 932 2530 hoc
955 2488 1276 2535 abstinendum,
1296 2503 1393 2528 cum
1419 2488 1668 2529 Canonistae
1690 2495 1842 2530 contra

385 2565 588 2613 sentiant,
612 2571 655 2605 et
676 2564 812 2604 omnis
833 2564 863 2605 J
869 2562 1088 2603 urisdictio
1110 2562 1275 2602 oriatur
1296 2577 1321 2601 a
1342 2561 1477 2616 Papa.

443 2636 1015 2693 Albingaunensis—Illum
1050 2635 1297 2690 Septimum
1333 2634 1571 2683 Canonem,
1610 2635 1686 2690 qui
1720 2634 1841 2676 dedit

386 2712 646 2751 occasionem
668 2708 920 2765 disputandi
942 2708 994 2749 de
1017 2714 1234 2763 potestate
1256 2715 1415 2763 praeter
1435 2723 1525 2748 rem
1547 2714 1590 2748 et
1610 2708 1837 2756 inutiliter,

386 2798 474 2823 esse
497 2781 859 2838 supprimendum
882 2781 1065 2828 omnino,
1088 2795 1165 2821 nec
1187 2779 1372 2835 amplius
1394 2780 1477 2820 ista
1498 2780 1814 2835 pertractanda.

443 2855 707 2902 Cauriensis,
741 2870 836 2895 cum
879 2855 922 2894 in
957 2854 1167 2894 Doctrina
1202 2854 1325 2893 varia
1359 2852 1620 2901 adnotasset,
1651 2852 1831 2900 addidit,
