1905 3254
309 326 393 366 610
921 341 1032 372 sess.
1058 341 1151 370 vni.

370 447 458 487 Die
494 448 548 487 24
583 447 853 502 Septembris
885 452 1132 501 sequuntur
1167 442 1538 499 Congregationes
1571 448 1613 482 et
1651 441 1767 482 Vota

312 519 445 560 Prum
467 519 521 560 de
543 520 592 559 21
622 519 813 560 articulis
834 518 1162 559 reformationis.

371 591 530 632 Orator
551 591 687 647 Regis
709 592 907 647 Philippi
931 591 1151 647 aLegatis
1170 590 1400 636 contendit,
1422 596 1473 630 ut
1498 593 1768 644 proponatur

312 663 533 704 decretum
567 664 788 705 declarans
820 679 872 704 ea
909 664 1057 711 verba,
1095 662 1442 719 proponentibus
1482 660 1680 717 LegatiS,
1713 658 1767 699 de

313 736 474 791 quibus
496 737 539 777 in
563 737 705 792 prima
729 737 940 784 Sessione,
963 743 1095 792 prout
1128 737 1322 777 Sanctmus
1344 735 1413 775 Nr
1435 735 1495 775 eis
1515 733 1654 774 literis
1678 732 1768 772 suis

311 809 612 858 mandaverat,
644 817 685 851 et
718 811 897 865 ipsimet
929 811 1105 866 Legati,
1136 808 1425 865 chirographo
1457 822 1546 854 suo,
1583 805 1766 862 polliciti

313 888 435 922 erant
449 883 608 922 oratori
623 899 630 922 :
647 883 830 938 ipseque
847 883 1005 923 Orator
1022 882 1224 923 exhibuit
1234 882 1463 922 formulam
1478 880 1767 921 transmissam

311 970 336 995 a
369 955 506 995 Curia
539 955 687 1011 Regis,
721 956 765 995 in
796 971 883 1011 qua
905 955 1220 1001 continebatur,
1244 962 1293 996 ut
1318 954 1430 997 Ores
1452 954 1704 1009 Principum
1725 960 1768 995 et

312 1028 490 1069 Praelati
507 1030 637 1070 etiam
660 1030 744 1084 ipsi
765 1036 937 1085 possent
959 1029 1003 1068 in
1027 1029 1200 1084 Synodo
1216 1044 1472 1085 proponere.
1512 1029 1674 1085 Legati
1686 1029 1768 1069 for-

311 1101 476 1141 mulam
497 1102 754 1156 respiciunt,
777 1101 853 1142 sed
876 1102 1018 1142 aliam¹
1274 1101 1473 1156 componi
1493 1100 1717 1142 mandant.

372 1174 458 1214 Die
472 1174 526 1213 26
540 1174 812 1229 Septembris
832 1174 941 1214 1553
955 1174 1202 1229 Episcopus
1217 1173 1568 1214 Commendonus
1582 1173 1770 1214 mittitur

312 1261 336 1286 a
351 1246 428 1286 SmO
441 1246 539 1286 Nfo
561 1246 746 1286 nuncius
762 1247 807 1286 in
824 1246 1064 1293 Poloniam,
1084 1259 1171 1300 quo
1187 1244 1436 1285 discedente
1453 1244 1770 1285 mandaverunt

311 1317 471 1372 Legati
507 1317 728 1365 Auditori,
762 1324 812 1357 ut
844 1317 910 1357 illi
951 1317 1278 1357 instructionem
1320 1315 1372 1356 de
1409 1315 1541 1356 rebus
1584 1315 1769 1355 Concilii

311 1388 459 1435 daret;
493 1388 612 1444 quod
634 1389 689 1428 ab
712 1403 762 1429 eo
785 1389 948 1429 factum
970 1388 1069 1435 fuit,
1094 1387 1334 1442 praesertim
1357 1386 1410 1426 de
1432 1386 1566 1426 rebus
1593 1400 1693 1440 quae
1715 1384 1770 1425 ad

311 1461 661 1502 reformationem
691 1461 973 1516 pertinerent,
996 1466 1039 1500 et
1071 1460 1201 1500 etiam
1236 1459 1322 1499 alia
1344 1473 1441 1514 quae
1476 1456 1666 1514 gerenda
1700 1472 1769 1498 su-

310 1532 523 1588 pe1·sunt.²

367 1605 531 1645 Literae
573 1604 813 1644 multorum
851 1603 1154 1644 Cardinalium
1199 1603 1254 1644 ad
1297 1604 1438 1643 varios
1473 1602 1684 1643 Praelatos
1716 1617 1770 1642 ex

310 1677 433 1717 Urbe
458 1676 691 1717 admonent
713 1691 797 1723 eOS,
827 1691 880 1716 ne
913 1676 993 1716 hac
1025 1675 1329 1717 reformatione
1358 1681 1493 1715 totam
1530 1674 1769 1714 Romanam

312 1748 494 1788 Curiam
518 1763 696 1803 prorsus
718 1747 935 1802 perditam
958 1748 1107 1795 velint,
1131 1748 1348 1802 variisque
1377 1746 1621 1787 rationibus
1643 1761 1714 1787 eos
1746 1761 1771 1787 a

311 1821 541 1876 probanda
572 1822 908 1871 reformatione;
941 1835 1152 1876 magnum
1188 1820 1499 1861 detrimentum
1530 1820 1611 1860 toti
1635 1819 1769 1859 Aulae

312 1894 523 1935 Romanae
547 1910 638 1935 esse
660 1894 935 1935 inferendum
1012 1893 1100 1934 Hae
1132 1894 1270 1934 literae
1303 1908 1389 1933 non
1421 1900 1660 1949 potuerunt
1686 1906 1770 1933 non

311 1967 547 2008 multorum
566 1968 730 2008 animos
750 1967 794 2007 in
809 1967 951 2007 varias
969 1974 1116 2022 partes
1133 1966 1386 2014 distrahere,
1401 1974 1444 2007 et
1457 1966 1770 2007 dissentionum

313 2040 479 2080 semina
501 2054 734 2095 spargere3
767 2039 843 2080 sed
863 2053 908 2079 re
943 2045 1098 2093 postea
1132 2039 1363 2080 sanctitati
1398 2054 1489 2079 suae
1517 2039 1768 2094 significata,

314 2125 534 2166 aegreque,
558 2118 608 2151 ut
630 2125 710 2166 par
737 2117 841 2157 erat,
874 2117 1063 2165 accepta,
1099 2110 1260 2151 dicitur
1295 2111 1493 2151 acerbius
1524 2111 1567 2150 in
1604 2111 1772 2166 aliquot

313 2198 366 2223 ex
389 2183 545 2223 iisdem
569 2184 878 2225 Cardinalibus
898 2186 1027 2225 etiam
1051 2185 1199 2240 palam
1221 2185 1353 2225 fuisse
1376 2185 1586 2225 invectus.

369 2256 681 2296 Enarrandum
704 2272 816 2297 nunc
839 2264 904 2297 est
927 2257 1045 2297 aliud
1072 2258 1313 2312 negotium,
1339 2256 1457 2312 quod
1490 2260 1647 2312 magna
1681 2272 1770 2297 mo-

310 2329 437 2370 lestia
457 2329 669 2385 ‚Legatos
703 2344 851 2369 omnes
885 2330 1037 2378 affecit,
1072 2345 1318 2385 parumque
1354 2330 1512 2378 abfuit,
1546 2344 1600 2370 ne
1633 2337 1768 2371 totam

315 2401 540 2457 Synodum
576 2401 704 2442 valde
736 2403 1035 2457 perturbaret.
1099 2402 1164 2442 Ex
1202 2417 1288 2457 quo
1314 2403 1357 2442 in
1394 2403 1535 2458 prima
1571 2404 1769 2444 Sessione

312 2476 397 2516 sub
419 2475 498 2515 Pio
522 2475 600 2516 IV.
624 2475 844 2516 decretum
867 2475 980 2516 illud
1001 2474 1167 2515 editum
1189 2475 1284 2523 fuit,
1310 2476 1387 2516 ubi
1417 2475 1589 2525 dicitur,
1611 2492 1768 2533 propo-

312 2549 518 2590 nentibus
540 2548 740 2603 Legatis,
757 2564 854 2588 cum
872 2549 1158 2589 Granatensis
1176 2555 1219 2589 et
1234 2549 1320 2589 duo
1338 2550 1412 2589 alii
1429 2558 1767 2606 repugnassent,

311 2621 554 2676 itidemque
573 2621 731 2662 Orator
754 2621 926 2676 Vargas
947 2620 1099 2661 Romae
1122 2636 1293 2676 semper
1316 2622 1602 2670 reclamasset,
1627 2623 1767 2663 visum

312 2696 396 2735 fuit
417 2694 533 2750 Regi
550 2693 758 2750 Philippo
774 2701 925 2749 petere
946 2709 971 2734 a
986 2695 1226 2735 Sanctitate
1242 2709 1334 2740 sua,
1357 2702 1407 2735 ut
1421 2695 1643 2736 decretum
1658 2694 1769 2736 illud

313 2765 566 2812 declaretur,
601 2780 655 2805 ne
694 2765 811 2820 quod
836 2766 1141 2821 praejudicium
1184 2767 1379 2807 libertati
1414 2766 1548 2822 hujus
1585 2766 1768 2807 Concilii

356 2853 365 2871 ¹
392 2854 469 2883 Here
484 2864 501 2883 a
516 2864 605 2892 space
623 2854 647 2883 is
661 2853 728 2888 left,
745 2854 925 2893 apparently
942 2855 1014 2885 with
1037 2855 1199 2885 intention.
1341 2854 1353 2872 ²
1380 2855 1437 2885 See
1453 2855 1552 2895 Sarpi,
1570 2855 1648 2884 Vll.
1664 2854 1723 2884 liii.

1895 1542 1905 1591 ῑι

1895 1594 1905 1664 ίῑ

1896 1819 1900 1855 3

1896 1866 1905 1919 Ξ,

1897 2013 1901 2054 !
