1905 3254
342 294 420 336 178
992 308 1102 338 SEss,
1129 308 1171 337 v.

403 416 599 457 Peractis
619 415 756 471 igitur
778 414 996 463 omnibus,
1028 413 1387 469 abeuntibusque
1415 417 1508 469 jam
1537 414 1722 471 Legatis
1754 430 1806 457 ex

348 489 559 536 concione,
593 488 811 529 exclamat
832 487 1147 533 Gerundensis,
1165 485 1347 535 Audite,
1371 487 1539 537 Patres,
1574 487 1733 536 audite,
1755 503 1808 530 ne

348 565 447 621 quis
481 564 551 605 die
580 565 769 606 crastina
795 563 1016 605 tumultus
1053 561 1298 602 suscitetur.
1357 561 1519 617 Legati
1561 561 1712 603 statim
1755 561 1809 602 ad

347 639 562 680 subsellia
580 645 880 687 revertuntur,
905 638 1213 692 Patribusque,
1251 638 1286 678 si
1318 636 1428 692 quid
1460 635 1809 692 significandum,

347 712 519 755 dicendi
558 719 821 770 potestatem
862 712 1038 753 faciunt.
1103 711 1240 760 Tunc,
1274 727 1374 752 cum
1414 712 1607 752 incertus
1646 725 1809 759 rumor,

350 803 600 845 magnaque
621 788 665 828 in
686 787 868 829 dicendo
889 786 1080 827 confusio
1102 793 1375 842 sequeretur,
1402 785 1611 827 mandant
1631 785 1811 842 Legati,

352 861 411 902 ut¹
434 876 535 916 quae
571 861 781 901 Patribus
816 860 1006 915 amplius
1038 859 1425 900 animadvertenda
1461 859 1514 900 de
1549 859 1682 900 rebus
1716 873 1814 914 pro-

347 933 596 989 mulgandis
632 934 813 981 fuerint,
851 932 906 973 ad
942 931 1131 974 delectos
1164 933 1320 973 Patres
1360 931 1572 979 deferant,
1619 946 1813 986 quorum

350 1007 473 1054 ratio,
498 1013 549 1047 ut
570 1021 651 1062 par
675 1006 770 1054 erit,
803 1005 1035 1047 habeatur.
1098 1004 1363 1046 Extremum
1390 1004 1471 1044 hoc
1497 1004 1673 1044 minime
1699 1018 1812 1059 prae-

351 1078 683 1122 termittendum
710 1078 830 1128 duxi,
860 1085 911 1120 ut
933 1079 1123 1134 quisque
1143 1078 1364 1135 intelligat
1385 1084 1552 1133 quanta
1573 1078 1815 1133 unicuique

351 1154 395 1194 in
429 1153 510 1193 hac
543 1151 716 1208 Synodo
753 1151 924 1193 dicendi
955 1151 1138 1193 libertas
1174 1151 1305 1192 fuerit
1336 1151 1502 1192 relicta.
1566 1151 1670 1192 Jam
1702 1152 1815 1192 enim

351 1226 527 1268 dimissa
555 1231 649 1267 erat
683 1225 840 1274 concio,
870 1225 1034 1281 Legati
1064 1232 1373 1275 surrexerant3
1406 1240 1429 1265 e
1454 1225 1560 1266 solio
1588 1225 1816 1267 descende-

351 1307 474 1350 rant,
508 1315 531 1341 e
553 1299 748 1340 Theatro
773 1303 864 1354 Jam
886 1299 1091 1348 exibant,
1126 1314 1239 1347 cum,
1274 1297 1330 1339 ad
1362 1299 1494 1339 unius
1516 1298 1819 1340 Gerundensis

353 1386 516 1419 vocem,
553 1371 669 1412 illico
692 1370 747 1411 ad
769 1371 893 1412 sedes
925 1386 1027 1411 suas
1057 1378 1333 1420 revocantur,
1369 1378 1502 1426 atque
1542 1371 1597 1412 ad
1632 1372 1816 1413 Patrum

353 1444 588 1500 petitiones
629 1451 792 1499 praesto
834 1451 947 1486 sunt.
1012 1444 1065 1485 In
1101 1460 1151 1486 eo
1193 1452 1339 1485 tamen
1381 1459 1405 1484 a
1439 1444 1590 1485 multis
1622 1445 1818 1501 Legatos

351 1525 522 1560 notatos
543 1519 676 1559 fuisse
699 1519 891 1567 memini,
910 1519 985 1573 qui
1009 1525 1075 1559 tot
1096 1519 1279 1559 Patrum
1302 1518 1483 1574 ingenia
1501 1518 1609 1559 alias
1631 1520 1816 1575 experti,

352 1607 437 1633 non
473 1592 582 1633 adeo
622 1592 868 1647 promiscue
903 1593 1063 1647 cuique
1103 1591 1314 1647 loquendi
1344 1607 1398 1633 ex
1434 1593 1615 1633 arbitrio
1656 1600 1818 1649 praeter

353 1670 618 1721 argumenta
659 1664 721 1704 eis
763 1664 912 1705 oblata
952 1664 1209 1705 facultatem
1250 1664 1498 1719 relinquere
1538 1663 1817 1706 debuerunt:

352 1737 470 1794 quod
490 1737 588 1777 hinc
612 1737 762 1792 pravis
784 1737 971 1778 consiliis
1004 1738 1150 1778 omnia
1170 1737 1485 1793 interpretandi
1516 1738 1679 1779 occasio
1706 1753 1816 1794 prae-

354 1813 528 1859 beatur,
553 1818 685 1867 atque
708 1811 751 1851 in
772 1811 1057 1853 multitudine
1078 1827 1147 1852 res
1169 1812 1295 1868 gravi
1317 1827 1404 1852 non
1425 1818 1568 1854 eareat
1588 1812 1797 1868 periculo.

411 1885 651 1940 Postquam
672 1883 844 1925 nullum
868 1885 1062 1941 amplius
1082 1884 1430 1926 controvertendi
1450 1884 1595 1926 locum
1617 1885 1816 1926 relictum

354 1973 446 1999 esse
469 1958 553 1998 sibi
574 1973 722 1999 omnes
743 1973 1005 2014 persuasum
1025 1958 1205 2006 habent,
1235 1973 1320 1999 non
1340 1965 1486 2000 tamen
1513 1965 1679 2000 cessant
1700 1959 1817 2000 The-

353 2031 472 2088 ologi
507 2032 694 2073 minores
728 2046 898 2073 omnem
938 2046 1114 2073 movere
1149 2030 1357 2086 lapidem,
1396 2037 1446 2072 ut
1486 2031 1692 2087 quaedam
1733 2032 1820 2073 alia

356 2104 492 2145 verba
533 2103 600 2144 illi
642 2103 849 2145 doetrinae
891 2103 1208 2159 adjungantur,
1250 2118 1350 2159 quae
1392 2111 1516 2145 erant
1549 2102 1817 2159 hujusmodi,

355 2177 439 2217 viz.

413 2251 467 2292 In
500 2252 641 2307 primo
675 2251 819 2307 capite
851 2250 1052 2292 doctrinae
1080 2251 1159 2291 ubi
1189 2250 1363 2299 dicitur,
1388 2266 1488 2292 nam
1511 2252 1593 2293 etsi
1615 2251 1818 2293 Christus

355 2325 575 2366 Dominus
605 2331 704 2380 post
729 2324 928 2371 verbum,
964 2322 1155 2372 traditio,
1187 2324 1393 2366 volebant
1424 2325 1525 2367 addi
1558 2326 1651 2366 haec
1683 2326 1819 2368 verba

354 2398 411 2439 ad
432 2402 640 2454 majorem
663 2397 1014 2453 explicationem,
1035 2397 1119 2438 viz.
1146 2397 1217 2438 Ita
1239 2397 1293 2438 ad
1314 2413 1460 2440 onmes
1483 2398 1648 2439 Christi
1669 2398 1819 2440 fideles
1878 2399 1882 2421 ⁷

356 2471 613 2513 extenditur
634 2477 697 2512 ut.

409 2546 537 2594 Item,
561 2551 661 2601 post
692 2545 877 2586 verbum
912 2545 1223 2601 astringantur,
1256 2546 1349 2593 &c.,
1378 2545 1471 2586 haec
1505 2546 1635 2587 etiam
1669 2546 1817 2593 verba,

356 2620 438 2660 viz.
477 2618 552 2660 sed
583 2618 639 2660 ad
672 2634 743 2660 eos
776 2624 960 2666 tantum,
999 2619 1164 2674 quibus
1195 2618 1359 2660 dictum
1393 2626 1470 2668 est,
1503 2619 1582 2660 1100
1616 2619 1744 2660 facite
1774 2619 1818 2659 in

356 2707 497 2733 meam
520 2692 983 2741 commemorationem,
1005 2691 1085 2732 hoc
1107 2699 1172 2734 est
1194 2693 1358 2748 quibus
1381 2692 1631 2734 conficiendi
1652 2699 1695 2734 et
1715 2692 1816 2734 offe-

357 2765 481 2806 rendi
504 2767 694 2822 corporis
716 2772 762 2807 et
783 2766 1008 2822 sanguinis
1031 2766 1098 2806 sui
1120 2772 1380 2821 potestatem
1405 2767 1595 2816 tradidit,
1620 2768 1696 2808 &c.

417 2838 529 2879 Haee
552 2845 697 2881 autem
729 2854 812 2880 non
845 2839 983 2880 solum
1019 2838 1229 2880 Patribus
1262 2839 1542 2894 quibusdam,
1577 2839 1654 2881 sed
1683 2840 1813 2882 etiam

991 2926 998 2944 ¹
1026 2927 1102 2959 Aut,
1121 2927 1191 2956 MS.

1894 0 1902 23 ⁴-
