1905 3254
666 310 780 339 sess.
806 309 880 338 vn.
1421 291 1506 330 449

108 418 517 461 Nimoeiensis—Ut
538 417 826 473 provideatur
848 416 1106 464 residentiae,
1129 417 1416 459 necessarium
1439 423 1503 457 est

53 494 197 536 videre
233 507 406 534 causam
441 491 808 539 non-residentiae,
832 506 929 545 quae
960 490 1060 531 inde
1098 491 1249 538 oritur,
1273 490 1388 545 quod
1420 505 1504 530 non

51 565 356 622 ingrediuntur
390 563 591 619 Episcopi
623 578 701 619 per
734 563 910 612 ostium,
945 578 1022 603 nec
1060 563 1213 609 vocati,
1251 569 1300 602 ut
1339 563 1504 609 Aaron,

51 637 127 679 sed
147 652 226 692 per
253 637 535 678 ambitionem
558 642 600 676 et
622 635 778 675 sordes.
843 634 956 675 Puto
990 649 1081 674 esse
1118 642 1265 674 contra
1291 635 1364 689 jus
1396 633 1505 673 divi-

54 724 155 750 num
176 715 370 749 statuere
391 707 674 749 residentiam
711 721 802 747 esse
824 706 878 747 de
909 708 1010 762 jure
1044 706 1203 747 divino.
1266 706 1369 746 Non
1404 706 1508 761 quia

54 797 136 824 non
158 781 270 822 illud
290 781 590 823 affirmandum
612 796 621 827 ;
658 781 744 820 imo
766 780 997 836 displicent
1034 780 1098 820 illi
1134 780 1290 826 libelli,
1314 780 1391 834 qui
1413 794 1508 819 con-

54 855 232 896 trarium
256 854 391 900 aiunt,
409 859 620 908 tanquam
644 851 896 899 seandalosi‚
914 858 956 892 et
970 851 1237 893 abducentes
1254 852 1309 892 ab
1324 866 1374 892 eo
1391 851 1510 906 quod

56 928 177 985 pium
199 933 275 975 est,
300 926 376 967 sed
398 928 503 982 quia
534 934 585 967 ut
618 927 770 967 Canon
791 925 871 966 hac
892 925 946 966 de
968 940 1014 966 re
1036 925 1361 981 promulgetur,
1384 940 1509 980 opor-

56 1008 164 1042 teret
180 1000 225 1041 id
241 1015 331 1041 esse
355 1015 611 1057 expressum
637 1015 661 1040 a
678 1000 775 1041 Deo
791 1017 799 1045 ;
823 998 939 1054 quod
955 1006 1103 1039 tamen
1123 1013 1208 1039 non
1226 1005 1305 1046 est,
1324 1013 1400 1038 nec
1419 997 1508 1038 suf-

54 1074 141 1116 ficit
162 1073 208 1114 id
239 1073 395 1114 deduci
427 1088 480 1114 ex
517 1073 838 1128 consequentia.
901 1071 1032 1113 Unde
1064 1071 1153 1112 haec
1188 1071 1334 1126 opinio
1368 1076 1512 1126 potest

57 1146 262 1203 privatim
286 1146 463 1187 defendi
483 1147 527 1187 in
551 1145 731 1193 scholis,
755 1145 830 1186 sed
856 1145 1023 1185 Canoni
1044 1159 1129 1184 non
1151 1144 1366 1199 congruit.

114 1220 578 1261 Brixiensis-Omnes
613 1219 765 1275 populi
801 1234 972 1259 summa
1004 1219 1244 1259 attentione
1277 1223 1513 1271 expectant

59 1309 85 1336 a
103 1294 226 1335 nobis
248 1293 416 1349 aliquid
437 1293 518 1334 hae
541 1293 594 1334 de
616 1308 661 1333 re
680 1310 690 1343 3
724 1293 852 1341 unde,
891 1291 967 1332 hoc
1001 1292 1167 1336 omisso,
1203 1305 1365 1346 magna
1396 1304 1512 1330 scan-

59 1365 157 1406 dala
179 1366 399 1416 orientur3
433 1380 532 1405 nam
556 1364 698 1406 dicent
719 1379 796 1405 nos
827 1379 1047 1405 recusasse
1070 1364 1212 1419 legem
1246 1362 1440 1408 condere,
1466 1367 1515 1402 ut

60 1437 241 1479 liberius
263 1438 392 1479 liceat
415 1438 581 1494 vagari,
605 1444 647 1478 et
665 1436 919 1477 subtrahere
943 1436 1103 1477 collum
1118 1434 1218 1475 huic
1241 1435 1367 1475 suavi
1386 1438 1511 1489 jugo.

59 1511 296 1553 Decretum
341 1518 488 1552 autem
535 1510 667 1551 Pauli
711 1510 800 1551 III.
844 1510 955 1550 circa
997 1516 1172 1564 tempus
1228 1507 1354 1548 facile
1396 1506 1514 1546 eludi

63 1591 219 1641 potest.
276 1585 476 1625 Placeret
498 1599 648 1624 causas
672 1583 875 1624 absenti-te
897 1582 1084 1637 relinqui
1103 1581 1283 1622 arbitrio
1300 1594 1385 1620 non
1403 1579 1516 1635 ipso-

61 1672 156 1700 rum
179 1658 515 1714 Episcoporum,
548 1655 625 1696 sed
657 1655 854 1701 aliorum,
890 1670 942 1695 ne
975 1655 1208 1709 quisquam
1231 1653 1314 1693 sibi
1336 1652 1380 1692 id
1401 1666 1515 1693 arro·

65 1738 151 1788 get,
176 1746 222 1771 ac
245 1730 494 1786 praetendat
517 1743 688 1770 causam
712 1728 932 1769 absentiae.

121 1802 580 1861 Calaguritanus—de
599 1806 698 1857 jure
720 1801 884 1841 divino.

123 1875 560 1932 Isclanensis—quod
593 1889 678 1915 non
710 1874 853 1929 placet
886 1874 1076 1929 primum
1100 1872 1335 1919 decretum,
1358 1886 1435 1912 nee
1456 1886 1518 1912 se-

66 1951 269 1999 cundum,
311 1950 388 1991 sed
426 1953 561 2005 juxta
597 1947 896 1988 annotationes
930 1946 1124 1991 Patrum‚
1163 1945 1255 1992 &e.,
1288 1958 1521 1985 accommo-

68 2023 239 2065 dentur.

123 2096 326 2138 Elnensis
347 2095 476 2152 petiit
497 2095 707 2136 declarari
728 2093 781 2134 de
798 2095 898 2149 jure
920 2092 1077 2132 divino.

123 2169 379 2226 Ugentinus
391 2172 398 2190 ¹
409 2195 451 2198 -—
461 2168 591 2209 idem.

127 2241 540 2297 Feltrensis-quod
571 2241 675 2281 satis
697 2246 762 2280 est
794 2238 1018 2279 decretum
1045 2236 1173 2277 Pauli
1196 2235 1299 2283 ΙΙΙ.,
1322 2242 1366 2276 et
1390 2234 1525 2275 Bulla

72 2314 139 2356 Pii
163 2315 240 2357 IV.
265 2322 309 2356 et
330 2330 381 2356 ea
403 2313 674 2369 exequenda.

129 2386 541 2428 civitatensis—De
568 2391 668 2442 jure
690 2384 850 2431 divino,
875 2384 966 2429 &e.,
990 2390 1032 2423 et
1052 2382 1163 2422 nulli
1186 2395 1379 2435 unquam
1401 2379 1527 2420 licuit

75 2462 225 2516 vagari
247 2468 369 2502 extra
389 2461 640 2507 Dioecesim,
665 2466 715 2499 ut
736 2465 858 2499 extat
883 2458 925 2497 in
948 2470 1105 2497 canone
1130 2453 1459 2509 Apostolorum,
1483 2460 1528 2494 et

77 2531 266 2574 Concilio
289 2533 576 2579 Antiocheno,
599 2539 643 2572 et
663 2532 707 2572 in
730 2531 785 2572 vi.
817 2529 1106 2586 Synodorum,
1129 2534 1173 2567 et
1206 2527 1234 2568 J
1241 2526 1458 2566 ustiniano
1485 2526 1529 2566 in

78 2607 247 2648 novella
289 2607 383 2654 126,
426 2613 470 2647 et
511 2606 561 2647 C.
601 2605 720 2661 quod
754 2605 789 2644 si
825 2603 1028 2644 humanae
1067 2600 1410 2641 constitutiones
1444 2614 1529 2640 ser-

79 2687 296 2727 varentur,
337 2681 442 2722 satis
479 2687 592 2721 esset
625 2694 647 2719 e
684 2678 843 2719 divinis
876 2677 1050 2717 factum.
1133 2673 1202 2714 De
1240 2673 1417 2714 Curatis
1448 2687 1530 2714 non

618 2805 625 2822 ¹
654 2803 842 2838 Uxentinus,
866 2803 992 2842 qunto.

1223 2857 1300 2897 ⁵211·
