<?xml version="1.0" encoding="UTF-8"?>
<!DOCTYPE html PUBLIC "-//W3C//DTD XHTML 1.0 Transitional//EN"
    "http://www.w3.org/TR/xhtml1/DTD/xhtml1-transitional.dtd">
<html xmlns="http://www.w3.org/1999/xhtml" xml:lang="en" lang="en">
 <head>
  <title>
</title>
<meta http-equiv="Content-Type" content="text/html;charset=utf-8" />
  <meta name='ocr-system' content='tesseract 3.04.00' />
  <meta name='ocr-capabilities' content='ocr_page ocr_carea ocr_par ocr_line ocrx_word'/>
</head>
<body>
  <div class='ocr_page' id='page_1' title='image "actaconciliitrid00paleuoft_0161.png"; bbox 0 0 1905 3254; ppageno 0'>
   <div class='ocr_carea' id='block_1_1' title="bbox 674 282 1497 329">
    <p class='ocr_par' dir='ltr' id='par_1_1' title="bbox 674 282 1497 329">
     <span class='ocr_line' id='line_1_1' title="bbox 674 282 1497 329; baseline 0.004 -1"><span class='ocrx_word' id='word_1_1' title='bbox 674 297 783 329; x_wconf 77' lang='lat' dir='ltr'>sEss.</span> <span class='ocrx_word' id='word_1_2' title='bbox 810 299 871 329; x_wconf 88' lang='lat'>111.</span> <span class='ocrx_word' id='word_1_3' title='bbox 1442 282 1497 324; x_wconf 81' lang='lat'>97</span> 
     </span>
    </p>
   </div>
   <div class='ocr_carea' id='block_1_2' title="bbox 32 404 1490 748">
    <p class='ocr_par' dir='ltr' id='par_1_2' title="bbox 32 404 1490 748">
     <span class='ocr_line' id='line_1_2' title="bbox 38 404 1489 463; baseline 0.001 -18"><span class='ocrx_word' id='word_1_4' title='bbox 38 404 171 446; x_wconf 84' lang='lat' dir='ltr'>totius</span> <span class='ocrx_word' id='word_1_5' title='bbox 201 406 518 448; x_wconf 87' lang='lat' dir='ltr'>Ecclesiasticae</span> <span class='ocrx_word' id='word_1_6' title='bbox 549 406 790 462; x_wconf 82' lang='lat' dir='ltr'>disciplinae</span> <span class='ocrx_word' id='word_1_7' title='bbox 817 406 1098 463; x_wconf 81' lang='lat' dir='ltr'>corrigendae,</span> <span class='ocrx_word' id='word_1_8' title='bbox 1133 422 1219 463; x_wconf 95' lang='lat' dir='ltr'>quo</span> <span class='ocrx_word' id='word_1_9' title='bbox 1244 407 1336 448; x_wconf 94' lang='lat' dir='ltr'>loco</span> <span class='ocrx_word' id='word_1_10' title='bbox 1359 407 1489 448; x_wconf 86' lang='lat' dir='ltr'>etiam</span> 
     </span>
     <span class='ocr_line' id='line_1_3' title="bbox 36 477 1488 535; baseline 0.003 -18"><span class='ocrx_word' id='word_1_11' title='bbox 36 477 384 520; x_wconf 89' lang='lat' dir='ltr'>animadversum</span> <span class='ocrx_word' id='word_1_12' title='bbox 419 480 516 529; x_wconf 81' lang='lat' dir='ltr'>fuit,</span> <span class='ocrx_word' id='word_1_13' title='bbox 551 495 622 521; x_wconf 91' lang='lat' dir='ltr'>eos</span> <span class='ocrx_word' id='word_1_14' title='bbox 653 481 818 529; x_wconf 84' lang='lat' dir='ltr'>Patres,</span> <span class='ocrx_word' id='word_1_15' title='bbox 852 481 928 535; x_wconf 91' lang='lat' dir='ltr'>qui</span> <span class='ocrx_word' id='word_1_16' title='bbox 960 480 1106 521; x_wconf 83' lang='lat' dir='ltr'>minus</span> <span class='ocrx_word' id='word_1_17' title='bbox 1136 480 1308 522; x_wconf 83' lang='lat' dir='ltr'><strong>assidue</strong></span> <span class='ocrx_word' id='word_1_18' title='bbox 1338 481 1382 521; x_wconf 88' lang='lat' dir='ltr'>in</span> <span class='ocrx_word' id='word_1_19' title='bbox 1404 481 1488 521; x_wconf 86' lang='lat' dir='ltr'>Ec-</span> 
     </span>
     <span class='ocr_line' id='line_1_4' title="bbox 35 549 1488 608; baseline 0.003 -18"><span class='ocrx_word' id='word_1_20' title='bbox 35 549 174 592; x_wconf 89' lang='lat' dir='ltr'>clesiis</span> <span class='ocrx_word' id='word_1_21' title='bbox 195 552 282 592; x_wconf 91' lang='lat' dir='ltr'>suis</span> <span class='ocrx_word' id='word_1_22' title='bbox 305 568 395 593; x_wconf 85' lang='lat' dir='ltr'>esse</span> <span class='ocrx_word' id='word_1_23' title='bbox 417 553 568 600; x_wconf 84' lang='lat' dir='ltr'>solent,</span> <span class='ocrx_word' id='word_1_24' title='bbox 591 554 692 608; x_wconf 88' lang='lat' dir='ltr'>plus</span> <span class='ocrx_word' id='word_1_25' title='bbox 715 554 810 594; x_wconf 89' lang='lat' dir='ltr'>aliis</span> <span class='ocrx_word' id='word_1_26' title='bbox 832 554 1071 594; x_wconf 81' lang='lat' dir='ltr'>utilitatem</span> <span class='ocrx_word' id='word_1_27' title='bbox 1094 554 1340 595; x_wconf 83' lang='lat' dir='ltr'>residentiae</span> <span class='ocrx_word' id='word_1_28' title='bbox 1363 562 1488 596; x_wconf 89' lang='lat' dir='ltr'>extu-</span> 
     </span>
     <span class='ocr_line' id='line_1_5' title="bbox 32 621 1488 681; baseline 0.005 -19"><span class='ocrx_word' id='word_1_29' title='bbox 32 621 142 663; x_wconf 90' lang='lat' dir='ltr'>lisse.</span> <span class='ocrx_word' id='word_1_30' title='bbox 186 624 239 664; x_wconf 94' lang='lat' dir='ltr'>In</span> <span class='ocrx_word' id='word_1_31' title='bbox 260 624 305 665; x_wconf 90' lang='lat' dir='ltr'>id</span> <span class='ocrx_word' id='word_1_32' title='bbox 327 632 472 666; x_wconf 87' lang='lat' dir='ltr'>autem</span> <span class='ocrx_word' id='word_1_33' title='bbox 490 625 688 666; x_wconf 86' lang='lat' dir='ltr'>adductae</span> <span class='ocrx_word' id='word_1_34' title='bbox 711 627 891 667; x_wconf 84' lang='lat' dir='ltr'>fuerunt</span> <span class='ocrx_word' id='word_1_35' title='bbox 907 626 1176 681; x_wconf 82' lang='lat' dir='ltr'>multiplices</span> <span class='ocrx_word' id='word_1_36' title='bbox 1197 627 1488 669; x_wconf 82' lang='lat' dir='ltr'>authoritates</span> 
     </span>
     <span class='ocr_line' id='line_1_6' title="bbox 33 696 1490 748; baseline 0.004 -13"><span class='ocrx_word' id='word_1_37' title='bbox 33 710 85 736; x_wconf 87' lang='lat' dir='ltr'>ex</span> <span class='ocrx_word' id='word_1_38' title='bbox 120 696 249 737; x_wconf 85' lang='lat' dir='ltr'>sacris</span> <span class='ocrx_word' id='word_1_39' title='bbox 283 697 434 746; x_wconf 88' lang='lat' dir='ltr'>literis,</span> <span class='ocrx_word' id='word_1_40' title='bbox 474 705 517 739; x_wconf 94' lang='lat' dir='ltr'>et</span> <span class='ocrx_word' id='word_1_41' title='bbox 558 698 778 747; x_wconf 86' lang='lat' dir='ltr'>Conciliis‚</span> <span class='ocrx_word' id='word_1_42' title='bbox 817 706 861 739; x_wconf 91' lang='lat' dir='ltr'>et</span> <span class='ocrx_word' id='word_1_43' title='bbox 896 697 1079 739; x_wconf 86' lang='lat' dir='ltr'>decretis</span> <span class='ocrx_word' id='word_1_44' title='bbox 1115 699 1312 748; x_wconf 80' lang='lat' dir='ltr'>Patrum,</span> <span class='ocrx_word' id='word_1_45' title='bbox 1349 700 1490 741; x_wconf 74' lang='lat' dir='ltr'>veluti</span> 
     </span>
    </p>
   </div>
   <div class='ocr_carea' id='block_1_3' title="bbox 23 768 1490 2939">
    <p class='ocr_par' dir='ltr' id='par_1_3' title="bbox 23 768 1490 1989">
     <span class='ocr_line' id='line_1_7' title="bbox 32 768 1485 828; baseline 0.006 -20"><span class='ocrx_word' id='word_1_46' title='bbox 32 768 210 810; x_wconf 87' lang='lat' dir='ltr'>Prover.</span> <span class='ocrx_word' id='word_1_47' title='bbox 246 769 312 811; x_wconf 79' lang='lat'>27.</span> <span class='ocrx_word' id='word_1_48' title='bbox 354 770 515 811; x_wconf 89' lang='lat' dir='ltr'>Ezech.</span> <span class='ocrx_word' id='word_1_49' title='bbox 553 772 621 812; x_wconf 79' lang='lat'>34.</span> <span class='ocrx_word' id='word_1_50' title='bbox 665 772 735 813; x_wconf 87' lang='lat' dir='ltr'>Jo.</span> <span class='ocrx_word' id='word_1_51' title='bbox 779 773 842 813; x_wconf 86' lang='lat'>10.</span> <span class='ocrx_word' id='word_1_52' title='bbox 896 772 1022 813; x_wconf 85' lang='lat' dir='ltr'>Paul.</span> <span class='ocrx_word' id='word_1_53' title='bbox 1058 772 1113 813; x_wconf 87' lang='lat' dir='ltr'>ad</span> <span class='ocrx_word' id='word_1_54' title='bbox 1147 773 1312 828; x_wconf 62' lang='lat' dir='ltr'>Ephesi.</span> <span class='ocrx_word' id='word_1_55' title='bbox 1351 775 1390 816; x_wconf 87' lang='lat'>5.</span> <span class='ocrx_word' id='word_1_56' title='bbox 1430 775 1485 815; x_wconf 89' lang='lat' dir='ltr'>ad</span> 
     </span>
     <span class='ocr_line' id='line_1_8' title="bbox 33 840 1489 901; baseline 0.005 -21"><span class='ocrx_word' id='word_1_57' title='bbox 33 840 190 882; x_wconf 88' lang='lat' dir='ltr'>Timet.</span> <span class='ocrx_word' id='word_1_58' title='bbox 214 841 250 881; x_wconf 94' lang='lat'>1.</span> <span class='ocrx_word' id='word_1_59' title='bbox 274 857 366 898; x_wconf 87' lang='lat' dir='ltr'>cap.</span> <span class='ocrx_word' id='word_1_60' title='bbox 391 843 428 883; x_wconf 83' lang='lat'>3.</span> <span class='ocrx_word' id='word_1_61' title='bbox 466 844 564 885; x_wconf 92' lang='lat' dir='ltr'>Act.</span> <span class='ocrx_word' id='word_1_62' title='bbox 581 845 781 900; x_wconf 89' lang='lat' dir='ltr'>Apostol.</span> <span class='ocrx_word' id='word_1_63' title='bbox 799 845 868 886; x_wconf 76' lang='grc'>20.</span> <span class='ocrx_word' id='word_1_64' title='bbox 893 844 1094 886; x_wconf 84' lang='lat' dir='ltr'>Canoncs</span> <span class='ocrx_word' id='word_1_65' title='bbox 1110 846 1313 901; x_wconf 88' lang='lat' dir='ltr'>Apostol.</span> <span class='ocrx_word' id='word_1_66' title='bbox 1336 847 1400 887; x_wconf 83' lang='lat'>14.</span> <span class='ocrx_word' id='word_1_67' title='bbox 1426 848 1489 887; x_wconf 88' lang='lat'>15.</span> 
     </span>
     <span class='ocr_line' id='line_1_9' title="bbox 32 913 1484 972; baseline 0.005 -19"><span class='ocrx_word' id='word_1_68' title='bbox 32 913 100 954; x_wconf 84' lang='lat'>58.</span> <span class='ocrx_word' id='word_1_69' title='bbox 130 913 201 954; x_wconf 87' lang='lat' dir='ltr'>vel</span> <span class='ocrx_word' id='word_1_70' title='bbox 234 914 300 956; x_wconf 83' lang='lat'>57.</span> <span class='ocrx_word' id='word_1_71' title='bbox 340 916 539 957; x_wconf 84' lang='lat' dir='ltr'>Anaclet.</span> <span class='ocrx_word' id='word_1_72' title='bbox 563 917 688 972; x_wconf 85' lang='lat' dir='ltr'>Epis.</span> <span class='ocrx_word' id='word_1_73' title='bbox 713 917 751 957; x_wconf 85' lang='lat'>3.</span> <span class='ocrx_word' id='word_1_74' title='bbox 795 918 969 958; x_wconf 80' lang='lat' dir='ltr'>Evaris.</span> <span class='ocrx_word' id='word_1_75' title='bbox 993 919 1032 959; x_wconf 76' lang='lat'>2.</span> <span class='ocrx_word' id='word_1_76' title='bbox 1076 918 1246 959; x_wconf 90' lang='lat' dir='ltr'>Dionis.</span> <span class='ocrx_word' id='word_1_77' title='bbox 1275 920 1310 959; x_wconf 93' lang='lat'>1.</span> <span class='ocrx_word' id='word_1_78' title='bbox 1354 919 1484 961; x_wconf 89' lang='lat' dir='ltr'>Dam.</span> 
     </span>
     <span class='ocr_line' id='line_1_10' title="bbox 31 986 1486 1049; baseline 0.005 -22"><span class='ocrx_word' id='word_1_79' title='bbox 31 986 155 1042; x_wconf 86' lang='lat' dir='ltr'>Epis.</span> <span class='ocrx_word' id='word_1_80' title='bbox 177 988 219 1027; x_wconf 86' lang='lat'>4.</span> <span class='ocrx_word' id='word_1_81' title='bbox 261 989 365 1030; x_wconf 88' lang='lat' dir='ltr'>Leo.</span> <span class='ocrx_word' id='word_1_82' title='bbox 391 989 469 1030; x_wconf 91' lang='lat' dir='ltr'>IV.</span> <span class='ocrx_word' id='word_1_83' title='bbox 505 991 645 1031; x_wconf 83' lang='lat' dir='ltr'>Aless.</span> <span class='ocrx_word' id='word_1_84' title='bbox 675 990 764 1031; x_wconf 92' lang='lat' dir='ltr'>III.</span> <span class='ocrx_word' id='word_1_85' title='bbox 805 990 1053 1032; x_wconf 87' lang='lat' dir='ltr'>Celestinus</span> <span class='ocrx_word' id='word_1_86' title='bbox 1078 992 1167 1033; x_wconf 91' lang='lat' dir='ltr'>III.</span> <span class='ocrx_word' id='word_1_87' title='bbox 1203 993 1363 1049; x_wconf 71' lang='lat' dir='ltr'>Grcgu⁸</span> <span class='ocrx_word' id='word_1_88' title='bbox 1400 993 1486 1035; x_wconf 90' lang='lat' dir='ltr'>IX.</span> 
     </span>
     <span class='ocr_line' id='line_1_11' title="bbox 29 1060 1487 1124; baseline 0.005 -24"><span class='ocrx_word' id='word_1_89' title='bbox 29 1060 72 1101; x_wconf 90' lang='lat' dir='ltr'>in</span> <span class='ocrx_word' id='word_1_90' title='bbox 105 1060 312 1103; x_wconf 86' lang='lat' dir='ltr'>decretal.</span> <span class='ocrx_word' id='word_1_91' title='bbox 346 1062 400 1104; x_wconf 90' lang='lat' dir='ltr'>de</span> <span class='ocrx_word' id='word_1_92' title='bbox 432 1063 570 1105; x_wconf 89' lang='lat' dir='ltr'>cleric.</span> <span class='ocrx_word' id='word_1_93' title='bbox 604 1079 687 1104; x_wconf 89' lang='lat' dir='ltr'>non</span> <span class='ocrx_word' id='word_1_94' title='bbox 719 1064 900 1105; x_wconf 86' lang='lat' dir='ltr'>rcsiden.</span> <span class='ocrx_word' id='word_1_95' title='bbox 937 1064 1101 1106; x_wconf 89' lang='lat' dir='ltr'>Concil.</span> <span class='ocrx_word' id='word_1_96' title='bbox 1136 1066 1308 1108; x_wconf 85' lang='lat' dir='ltr'>Antioc.</span> <span class='ocrx_word' id='word_1_97' title='bbox 1333 1082 1424 1124; x_wconf 85' lang='lat' dir='ltr'>cap.</span> <span class='ocrx_word' id='word_1_98' title='bbox 1449 1068 1487 1107; x_wconf 69' lang='lat'>⁸2.</span> 
     </span>
     <span class='ocr_line' id='line_1_12' title="bbox 31 1137 1490 1196; baseline 0.003 -18"><span class='ocrx_word' id='word_1_99' title='bbox 31 1137 122 1178; x_wconf 86' lang='lat' dir='ltr'>Sar.</span> <span class='ocrx_word' id='word_1_100' title='bbox 138 1154 230 1194; x_wconf 88' lang='lat' dir='ltr'>cap.</span> <span class='ocrx_word' id='word_1_101' title='bbox 249 1139 313 1179; x_wconf 86' lang='lat'>14.</span> <span class='ocrx_word' id='word_1_102' title='bbox 342 1139 552 1196; x_wconf 86' lang='lat' dir='ltr'>Carthag.</span> <span class='ocrx_word' id='word_1_103' title='bbox 571 1142 607 1180; x_wconf 84' lang='lat'>5.</span> <span class='ocrx_word' id='word_1_104' title='bbox 638 1140 904 1196; x_wconf 82' lang='lat' dir='ltr'>Agathensis</span> <span class='ocrx_word' id='word_1_105' title='bbox 921 1156 1012 1196; x_wconf 87' lang='lat' dir='ltr'>cap.</span> <span class='ocrx_word' id='word_1_106' title='bbox 1029 1141 1096 1181; x_wconf 78' lang='lat'>64.</span> <span class='ocrx_word' id='word_1_107' title='bbox 1126 1141 1490 1184; x_wconf 84' lang='lat' dir='ltr'>Chalcedonensis</span> 
     </span>
     <span class='ocr_line' id='line_1_13' title="bbox 28 1212 1489 1270; baseline 0.003 -18"><span class='ocrx_word' id='word_1_108' title='bbox 28 1226 121 1268; x_wconf 86' lang='lat' dir='ltr'>cap.</span> <span class='ocrx_word' id='word_1_109' title='bbox 147 1213 212 1254; x_wconf 87' lang='lat'>17.</span> <span class='ocrx_word' id='word_1_110' title='bbox 247 1212 580 1269; x_wconf 78' lang='lat' dir='ltr'>constantinop.</span> <span class='ocrx_word' id='word_1_111' title='bbox 600 1229 693 1269; x_wconf 85' lang='lat' dir='ltr'>cap.</span> <span class='ocrx_word' id='word_1_112' title='bbox 718 1214 779 1253; x_wconf 80' lang='lat'>19.</span> <span class='ocrx_word' id='word_1_113' title='bbox 815 1214 1075 1255; x_wconf 87' lang='lat' dir='ltr'>Lateranen.</span> <span class='ocrx_word' id='word_1_114' title='bbox 1095 1230 1187 1270; x_wconf 87' lang='lat' dir='ltr'>cap.</span> <span class='ocrx_word' id='word_1_115' title='bbox 1213 1222 1236 1237; x_wconf 88' lang='lat'>“</span> <span class='ocrx_word' id='word_1_116' title='bbox 1252 1215 1369 1265; x_wconf 84' lang='lat' dir='ltr'>Quia</span> <span class='ocrx_word' id='word_1_117' title='bbox 1388 1231 1489 1257; x_wconf 90' lang='lat' dir='ltr'>non-</span> 
     </span>
     <span class='ocr_line' id='line_1_14' title="bbox 27 1285 1487 1346; baseline 0.004 -21"><span class='ocrx_word' id='word_1_118' title='bbox 27 1285 136 1326; x_wconf 90' lang='lat' dir='ltr'>nulli</span> <span class='ocrx_word' id='word_1_119' title='bbox 171 1286 225 1327; x_wconf 89' lang='lat' dir='ltr'>de</span> <span class='ocrx_word' id='word_1_120' title='bbox 255 1287 352 1328; x_wconf 89' lang='lat' dir='ltr'>cler.</span> <span class='ocrx_word' id='word_1_121' title='bbox 388 1287 651 1328; x_wconf 75' lang='lat' dir='ltr'>non-resid.&#39;’</span> <span class='ocrx_word' id='word_1_122' title='bbox 687 1293 730 1327; x_wconf 91' lang='lat' dir='ltr'>et</span> <span class='ocrx_word' id='word_1_123' title='bbox 766 1287 807 1327; x_wconf 89' lang='lat' dir='ltr'>in</span> <span class='ocrx_word' id='word_1_124' title='bbox 842 1286 1014 1328; x_wconf 88' lang='lat' dir='ltr'>decreto</span> <span class='ocrx_word' id='word_1_125' title='bbox 1045 1288 1172 1329; x_wconf 82' lang='lat' dir='ltr'>Grat.</span> <span class='ocrx_word' id='word_1_126' title='bbox 1204 1288 1239 1330; x_wconf 95' lang='lat'>7.</span> <span class='ocrx_word' id='word_1_127' title='bbox 1266 1303 1306 1343; x_wconf 91' lang='lat' dir='ltr'>q.</span> <span class='ocrx_word' id='word_1_128' title='bbox 1335 1290 1371 1329; x_wconf 91' lang='lat' dir='ltr'>l.</span> <span class='ocrx_word' id='word_1_129' title='bbox 1395 1305 1487 1346; x_wconf 84' lang='lat' dir='ltr'>cap.</span> 
     </span>
     <span class='ocr_line' id='line_1_15' title="bbox 30 1359 1487 1416; baseline 0.003 -16"><span class='ocrx_word' id='word_1_130' title='bbox 30 1366 55 1382; x_wconf 92' lang='lat'><em>“</em></span> <span class='ocrx_word' id='word_1_131' title='bbox 77 1360 177 1400; x_wconf 92' lang='lat' dir='ltr'>Non</span> <span class='ocrx_word' id='word_1_132' title='bbox 209 1362 419 1416; x_wconf 76' lang='lat' dir='ltr'>oportet&#39;&#39;</span> <span class='ocrx_word' id='word_1_133' title='bbox 456 1368 499 1402; x_wconf 90' lang='lat' dir='ltr'>ct</span> <span class='ocrx_word' id='word_1_134' title='bbox 534 1376 621 1416; x_wconf 85' lang='lat' dir='ltr'>seq.</span> <span class='ocrx_word' id='word_1_135' title='bbox 658 1359 822 1401; x_wconf 74' lang='lat' dir='ltr'>Athan.</span> <span class='ocrx_word' id='word_1_136' title='bbox 862 1361 903 1401; x_wconf 89' lang='lat' dir='ltr'>in</span> <span class='ocrx_word' id='word_1_137' title='bbox 941 1361 1064 1416; x_wconf 83' lang='lat' dir='ltr'>Epis.</span> <span class='ocrx_word' id='word_1_138' title='bbox 1100 1361 1154 1402; x_wconf 84' lang='lat' dir='ltr'>ad</span> <span class='ocrx_word' id='word_1_139' title='bbox 1186 1361 1487 1413; x_wconf 85' lang='lat' dir='ltr'>Dracontium,</span> 
     </span>
     <span class='ocr_line' id='line_1_16' title="bbox 29 1432 1486 1493; baseline 0.003 -20"><span class='ocrx_word' id='word_1_140' title='bbox 29 1432 70 1472; x_wconf 88' lang='lat' dir='ltr'>S.</span> <span class='ocrx_word' id='word_1_141' title='bbox 104 1433 307 1474; x_wconf 90' lang='lat' dir='ltr'>Ambros.</span> <span class='ocrx_word' id='word_1_142' title='bbox 337 1433 389 1474; x_wconf 89' lang='lat' dir='ltr'>de</span> <span class='ocrx_word' id='word_1_143' title='bbox 430 1433 584 1489; x_wconf 76' lang='lat' dir='ltr'>dignit.</span> <span class='ocrx_word' id='word_1_144' title='bbox 617 1433 787 1474; x_wconf 86' lang='lat' dir='ltr'>Sacerd.</span> <span class='ocrx_word' id='word_1_145' title='bbox 827 1434 867 1474; x_wconf 86' lang='lat' dir='ltr'>S.</span> <span class='ocrx_word' id='word_1_146' title='bbox 904 1434 1060 1489; x_wconf 72' lang='lat' dir='ltr'>Grcgus</span> <span class='ocrx_word' id='word_1_147' title='bbox 1098 1435 1210 1476; x_wconf 82' lang='lat' dir='ltr'>Naz.</span> <span class='ocrx_word' id='word_1_148' title='bbox 1249 1436 1291 1476; x_wconf 92' lang='lat' dir='ltr'>in</span> <span class='ocrx_word' id='word_1_149' title='bbox 1326 1437 1486 1493; x_wconf 88' lang='lat' dir='ltr'>Apolo-</span> 
     </span>
     <span class='ocr_line' id='line_1_17' title="bbox 27 1506 1488 1567; baseline 0.005 -21"><span class='ocrx_word' id='word_1_150' title='bbox 27 1506 180 1562; x_wconf 89' lang='lat' dir='ltr'>getico,</span> <span class='ocrx_word' id='word_1_151' title='bbox 218 1514 262 1548; x_wconf 88' lang='lat' dir='ltr'>et</span> <span class='ocrx_word' id='word_1_152' title='bbox 294 1508 337 1548; x_wconf 91' lang='lat' dir='ltr'>in</span> <span class='ocrx_word' id='word_1_153' title='bbox 368 1508 560 1549; x_wconf 87' lang='lat' dir='ltr'>oratione</span> <span class='ocrx_word' id='word_1_154' title='bbox 590 1508 643 1550; x_wconf 89' lang='lat' dir='ltr'>de</span> <span class='ocrx_word' id='word_1_155' title='bbox 687 1510 797 1550; x_wconf 85' lang='lat' dir='ltr'>Stat.</span> <span class='ocrx_word' id='word_1_156' title='bbox 835 1509 1042 1565; x_wconf 78' lang='lat' dir='ltr'>Episcop.</span> <span class='ocrx_word' id='word_1_157' title='bbox 1079 1511 1148 1551; x_wconf 84' lang='lat' dir='ltr'>Jo.</span> <span class='ocrx_word' id='word_1_158' title='bbox 1179 1510 1400 1567; x_wconf 74' lang='lat' dir='ltr'>Chrysost.</span> <span class='ocrx_word' id='word_1_159' title='bbox 1435 1513 1488 1554; x_wconf 87' lang='lat' dir='ltr'>de</span> 
     </span>
     <span class='ocr_line' id='line_1_18' title="bbox 27 1579 1488 1641; baseline 0.005 -21"><span class='ocrx_word' id='word_1_160' title='bbox 27 1579 196 1621; x_wconf 84' lang='lat' dir='ltr'>Sacerd.</span> <span class='ocrx_word' id='word_1_161' title='bbox 236 1580 400 1622; x_wconf 88' lang='lat' dir='ltr'>Jcrom.</span> <span class='ocrx_word' id='word_1_162' title='bbox 437 1582 561 1638; x_wconf 87' lang='lat' dir='ltr'>Epis.</span> <span class='ocrx_word' id='word_1_163' title='bbox 602 1584 638 1622; x_wconf 79' lang='lat'>2.</span> <span class='ocrx_word' id='word_1_164' title='bbox 678 1582 733 1622; x_wconf 86' lang='lat' dir='ltr'>ad</span> <span class='ocrx_word' id='word_1_165' title='bbox 772 1582 947 1630; x_wconf 83' lang='lat' dir='ltr'>Occan.,</span> <span class='ocrx_word' id='word_1_166' title='bbox 980 1598 1079 1638; x_wconf 77' lang='lat' dir='ltr'>quae</span> <span class='ocrx_word' id='word_1_167' title='bbox 1103 1591 1166 1624; x_wconf 87' lang='lat' dir='ltr'>est</span> <span class='ocrx_word' id='word_1_168' title='bbox 1189 1585 1257 1625; x_wconf 80' lang='lat'>83.</span> <span class='ocrx_word' id='word_1_169' title='bbox 1294 1586 1488 1641; x_wconf 84' lang='lat' dir='ltr'>August.</span> 
     </span>
     <span class='ocr_line' id='line_1_19' title="bbox 23 1654 1485 1711; baseline 0.005 -18"><span class='ocrx_word' id='word_1_170' title='bbox 23 1659 174 1708; x_wconf 88' lang='lat' dir='ltr'>opusc⁰</span> <span class='ocrx_word' id='word_1_171' title='bbox 214 1654 267 1696; x_wconf 92' lang='lat' dir='ltr'>dc</span> <span class='ocrx_word' id='word_1_172' title='bbox 302 1662 461 1710; x_wconf 83' lang='lat' dir='ltr'>pastor.</span> <span class='ocrx_word' id='word_1_173' title='bbox 497 1655 629 1696; x_wconf 88' lang='lat' dir='ltr'>Hom.</span> <span class='ocrx_word' id='word_1_174' title='bbox 665 1656 705 1695; x_wconf 82' lang='lat'>9.</span> <span class='ocrx_word' id='word_1_175' title='bbox 755 1656 890 1711; x_wconf 86' lang='lat' dir='ltr'>Greg.</span> <span class='ocrx_word' id='word_1_176' title='bbox 925 1657 967 1696; x_wconf 93' lang='lat' dir='ltr'>in</span> <span class='ocrx_word' id='word_1_177' title='bbox 1000 1657 1072 1697; x_wconf 89' lang='lat' dir='ltr'>lib.</span> <span class='ocrx_word' id='word_1_178' title='bbox 1112 1658 1276 1698; x_wconf 80' lang='lat' dir='ltr'>Pastor.</span> <span class='ocrx_word' id='word_1_179' title='bbox 1321 1658 1485 1701; x_wconf 83' lang='lat' dir='ltr'>Justin.</span> 
     </span>
     <span class='ocr_line' id='line_1_20' title="bbox 24 1727 1487 1784; baseline 0.003 -16"><span class='ocrx_word' id='word_1_180' title='bbox 24 1727 197 1768; x_wconf 80' lang='lat' dir='ltr'>Novell.</span> <span class='ocrx_word' id='word_1_181' title='bbox 220 1728 262 1769; x_wconf 86' lang='grc'>6.</span> <span class='ocrx_word' id='word_1_182' title='bbox 286 1729 352 1769; x_wconf 85' lang='grc'>58.</span> <span class='ocrx_word' id='word_1_183' title='bbox 380 1730 472 1769; x_wconf 81' lang='lat'>123.</span> <span class='ocrx_word' id='word_1_184' title='bbox 507 1729 636 1771; x_wconf 85' lang='lat' dir='ltr'>Gaet.</span> <span class='ocrx_word' id='word_1_185' title='bbox 661 1730 714 1769; x_wconf 68' lang='lat'>2³-</span> <span class='ocrx_word' id='word_1_186' title='bbox 744 1730 805 1768; x_wconf 47' lang='grc' dir='ltr'>’ΖΨ-</span> <span class='ocrx_word' id='word_1_187' title='bbox 829 1736 984 1784; x_wconf 70' lang='lat' dir='ltr'>qiia¹st.</span> <span class='ocrx_word' id='word_1_188' title='bbox 1024 1730 1131 1778; x_wconf 66' lang='lat'>185„</span> <span class='ocrx_word' id='word_1_189' title='bbox 1166 1737 1209 1771; x_wconf 87' lang='lat' dir='ltr'>et</span> <span class='ocrx_word' id='word_1_190' title='bbox 1242 1732 1350 1772; x_wconf 85' lang='lat' dir='ltr'>varii</span> <span class='ocrx_word' id='word_1_191' title='bbox 1377 1734 1487 1773; x_wconf 89' lang='lat' dir='ltr'>mul-</span> 
     </span>
     <span class='ocr_line' id='line_1_21' title="bbox 23 1801 1487 1858; baseline 0.003 -16"><span class='ocrx_word' id='word_1_192' title='bbox 23 1808 167 1842; x_wconf 89' lang='lat' dir='ltr'>torum</span> <span class='ocrx_word' id='word_1_193' title='bbox 199 1801 278 1843; x_wconf 94' lang='lat' dir='ltr'>hoc</span> <span class='ocrx_word' id='word_1_194' title='bbox 311 1809 572 1858; x_wconf 84' lang='lat' dir='ltr'>argumento</span> <span class='ocrx_word' id='word_1_195' title='bbox 606 1803 920 1850; x_wconf 87' lang='lat' dir='ltr'>commentarii,</span> <span class='ocrx_word' id='word_1_196' title='bbox 952 1809 995 1843; x_wconf 87' lang='lat' dir='ltr'>et</span> <span class='ocrx_word' id='word_1_197' title='bbox 1026 1810 1182 1844; x_wconf 83' lang='lat' dir='ltr'>caetcra</span> <span class='ocrx_word' id='word_1_198' title='bbox 1218 1804 1307 1845; x_wconf 89' lang='lat' dir='ltr'>fere</span> <span class='ocrx_word' id='word_1_199' title='bbox 1342 1807 1487 1848; x_wconf 87' lang='lat' dir='ltr'>omnia</span> 
     </span>
     <span class='ocr_line' id='line_1_22' title="bbox 23 1874 1485 1936; baseline 0.003 -21"><span class='ocrx_word' id='word_1_200' title='bbox 23 1874 260 1931; x_wconf 80' lang='lat' dir='ltr'>insigniora</span> <span class='ocrx_word' id='word_1_201' title='bbox 280 1875 373 1916; x_wconf 87' lang='lat' dir='ltr'>loca</span> <span class='ocrx_word' id='word_1_202' title='bbox 395 1891 494 1931; x_wconf 66' lang='lat' dir='ltr'>quae</span> <span class='ocrx_word' id='word_1_203' title='bbox 519 1875 574 1916; x_wconf 88' lang='lat' dir='ltr'>ad</span> <span class='ocrx_word' id='word_1_204' title='bbox 596 1875 830 1916; x_wconf 82' lang='lat' dir='ltr'>monendos</span> <span class='ocrx_word' id='word_1_205' title='bbox 862 1876 990 1916; x_wconf 87' lang='lat' dir='ltr'>officii</span> <span class='ocrx_word' id='word_1_206' title='bbox 1021 1876 1088 1916; x_wconf 94' lang='lat' dir='ltr'>sui</span> <span class='ocrx_word' id='word_1_207' title='bbox 1120 1877 1367 1933; x_wconf 87' lang='lat' dir='ltr'>Episcopos</span> <span class='ocrx_word' id='word_1_208' title='bbox 1390 1895 1485 1936; x_wconf 91' lang='lat' dir='ltr'>pcr-</span> 
     </span>
     <span class='ocr_line' id='line_1_23' title="bbox 24 1947 173 1989; baseline -0.007 -1"><span class='ocrx_word' id='word_1_209' title='bbox 24 1947 173 1989; x_wconf 85' lang='lat' dir='ltr'>tinent.</span> 
     </span>
    </p>

    <p class='ocr_par' dir='ltr' id='par_1_4' title="bbox 25 2021 1485 2868">
     <span class='ocr_line' id='line_1_24' title="bbox 83 2021 1485 2082; baseline 0.004 -20"><span class='ocrx_word' id='word_1_210' title='bbox 83 2021 280 2062; x_wconf 87' lang='lat' dir='ltr'>Secundo</span> <span class='ocrx_word' id='word_1_211' title='bbox 303 2022 393 2063; x_wconf 89' lang='lat' dir='ltr'>loco</span> <span class='ocrx_word' id='word_1_212' title='bbox 416 2022 635 2078; x_wconf 87' lang='lat' dir='ltr'>prosecuti</span> <span class='ocrx_word' id='word_1_213' title='bbox 666 2029 769 2063; x_wconf 88' lang='lat' dir='ltr'>sunt</span> <span class='ocrx_word' id='word_1_214' title='bbox 802 2022 930 2063; x_wconf 86' lang='lat' dir='ltr'>multi</span> <span class='ocrx_word' id='word_1_215' title='bbox 960 2023 1279 2079; x_wconf 84' lang='lat' dir='ltr'>impedimenta</span> <span class='ocrx_word' id='word_1_216' title='bbox 1300 2040 1365 2074; x_wconf 81' lang='lat' dir='ltr'>ca,</span> <span class='ocrx_word' id='word_1_217' title='bbox 1389 2027 1485 2082; x_wconf 91' lang='lat' dir='ltr'>qui-</span> 
     </span>
     <span class='ocr_line' id='line_1_25' title="bbox 26 2093 1483 2152; baseline 0.003 -17"><span class='ocrx_word' id='word_1_218' title='bbox 26 2093 108 2134; x_wconf 91' lang='lat' dir='ltr'>bus</span> <span class='ocrx_word' id='word_1_219' title='bbox 129 2093 310 2136; x_wconf 81' lang='lat' dir='ltr'>Praelati</span> <span class='ocrx_word' id='word_1_220' title='bbox 333 2095 572 2152; x_wconf 85' lang='lat' dir='ltr'>plurimum</span> <span class='ocrx_word' id='word_1_221' title='bbox 608 2096 861 2151; x_wconf 88' lang='lat' dir='ltr'>perturbari</span> <span class='ocrx_word' id='word_1_222' title='bbox 899 2096 1051 2143; x_wconf 85' lang='lat' dir='ltr'>solent,</span> <span class='ocrx_word' id='word_1_223' title='bbox 1083 2111 1136 2137; x_wconf 91' lang='lat' dir='ltr'>ne</span> <span class='ocrx_word' id='word_1_224' title='bbox 1172 2112 1330 2138; x_wconf 87' lang='lat' dir='ltr'>munus</span> <span class='ocrx_word' id='word_1_225' title='bbox 1355 2113 1483 2139; x_wconf 91' lang='lat' dir='ltr'>suum</span> 
     </span>
     <span class='ocr_line' id='line_1_26' title="bbox 27 2166 1482 2229; baseline 0.003 -20"><span class='ocrx_word' id='word_1_226' title='bbox 27 2166 71 2208; x_wconf 89' lang='lat' dir='ltr'>in</span> <span class='ocrx_word' id='word_1_227' title='bbox 92 2167 278 2216; x_wconf 88' lang='lat' dir='ltr'>Diocesi‚</span> <span class='ocrx_word' id='word_1_228' title='bbox 309 2177 386 2210; x_wconf 90' lang='lat' dir='ltr'>aut</span> <span class='ocrx_word' id='word_1_229' title='bbox 422 2169 593 2209; x_wconf 88' lang='lat' dir='ltr'>omnino</span> <span class='ocrx_word' id='word_1_230' title='bbox 624 2177 870 2216; x_wconf 79' lang='lat' dir='ltr'>exerceant,</span> <span class='ocrx_word' id='word_1_231' title='bbox 908 2177 985 2210; x_wconf 85' lang='lat' dir='ltr'>aut</span> <span class='ocrx_word' id='word_1_232' title='bbox 1015 2177 1130 2211; x_wconf 84' lang='lat' dir='ltr'>certe</span> <span class='ocrx_word' id='word_1_233' title='bbox 1162 2186 1245 2211; x_wconf 91' lang='lat' dir='ltr'>non</span> <span class='ocrx_word' id='word_1_234' title='bbox 1269 2186 1320 2213; x_wconf 87' lang='lat' dir='ltr'>ea</span> <span class='ocrx_word' id='word_1_235' title='bbox 1341 2172 1482 2229; x_wconf 87' lang='lat' dir='ltr'>digni-</span> 
     </span>
     <span class='ocr_line' id='line_1_27' title="bbox 26 2241 1480 2298; baseline 0.005 -18"><span class='ocrx_word' id='word_1_236' title='bbox 26 2246 128 2288; x_wconf 82' lang='lat' dir='ltr'>tate,</span> <span class='ocrx_word' id='word_1_237' title='bbox 153 2256 240 2298; x_wconf 86' lang='lat' dir='ltr'>qua</span> <span class='ocrx_word' id='word_1_238' title='bbox 262 2258 334 2283; x_wconf 91' lang='lat' dir='ltr'>cos</span> <span class='ocrx_word' id='word_1_239' title='bbox 355 2242 494 2290; x_wconf 86' lang='lat' dir='ltr'>dccet,</span> <span class='ocrx_word' id='word_1_240' title='bbox 518 2258 619 2298; x_wconf 69' lang='lat' dir='ltr'>qum</span> <span class='ocrx_word' id='word_1_241' title='bbox 643 2243 857 2298; x_wconf 83' lang='lat' dir='ltr'>imprimis</span> <span class='ocrx_word' id='word_1_242' title='bbox 888 2241 1157 2283; x_wconf 81' lang='lat' dir='ltr'>advertenda</span> <span class='ocrx_word' id='word_1_243' title='bbox 1182 2244 1480 2293; x_wconf 84' lang='lat' dir='ltr'>consulebant,</span> 
     </span>
     <span class='ocr_line' id='line_1_28' title="bbox 27 2314 1482 2373; baseline 0.005 -20"><span class='ocrx_word' id='word_1_244' title='bbox 27 2319 77 2354; x_wconf 89' lang='lat' dir='ltr'>ut</span> <span class='ocrx_word' id='word_1_245' title='bbox 99 2314 291 2370; x_wconf 84' lang='lat' dir='ltr'>posthac,</span> <span class='ocrx_word' id='word_1_246' title='bbox 315 2323 360 2357; x_wconf 90' lang='lat' dir='ltr'>et</span> <span class='ocrx_word' id='word_1_247' title='bbox 381 2315 662 2365; x_wconf 83' lang='lat' dir='ltr'>commodius,</span> <span class='ocrx_word' id='word_1_248' title='bbox 685 2323 728 2356; x_wconf 92' lang='lat' dir='ltr'>et</span> <span class='ocrx_word' id='word_1_249' title='bbox 751 2315 991 2363; x_wconf 83' lang='lat' dir='ltr'>honestius,</span> <span class='ocrx_word' id='word_1_250' title='bbox 1023 2316 1168 2371; x_wconf 87' lang='lat' dir='ltr'>operis</span> <span class='ocrx_word' id='word_1_251' title='bbox 1201 2316 1334 2373; x_wconf 89' lang='lat' dir='ltr'>hujus</span> <span class='ocrx_word' id='word_1_252' title='bbox 1362 2319 1482 2360; x_wconf 87' lang='lat' dir='ltr'>func-</span> 
     </span>
     <span class='ocr_line' id='line_1_29' title="bbox 27 2385 1481 2444; baseline 0.004 -18"><span class='ocrx_word' id='word_1_253' title='bbox 27 2385 186 2428; x_wconf 86' lang='lat' dir='ltr'>tionem</span> <span class='ocrx_word' id='word_1_254' title='bbox 230 2389 395 2444; x_wconf 86' lang='lat' dir='ltr'>possint</span> <span class='ocrx_word' id='word_1_255' title='bbox 437 2390 572 2430; x_wconf 86' lang='lat' dir='ltr'>obire.</span> <span class='ocrx_word' id='word_1_256' title='bbox 656 2389 980 2444; x_wconf 82' lang='lat' dir='ltr'>Impedimcnta</span> <span class='ocrx_word' id='word_1_257' title='bbox 1030 2395 1175 2429; x_wconf 78' lang='lat' dir='ltr'>autem</span> <span class='ocrx_word' id='word_1_258' title='bbox 1228 2396 1352 2430; x_wconf 86' lang='lat' dir='ltr'>erant</span> <span class='ocrx_word' id='word_1_259' title='bbox 1394 2391 1481 2432; x_wconf 89' lang='lat' dir='ltr'>fere</span> 
     </span>
     <span class='ocr_line' id='line_1_30' title="bbox 26 2459 1479 2518; baseline 0.003 -18"><span class='ocrx_word' id='word_1_260' title='bbox 26 2459 318 2518; x_wconf 86' lang='lat' dir='ltr'>infrascripta;</span> <span class='ocrx_word' id='word_1_261' title='bbox 349 2478 449 2518; x_wconf 71' lang='lat' dir='ltr'>quae</span> <span class='ocrx_word' id='word_1_262' title='bbox 472 2478 568 2503; x_wconf 80' lang='lat' dir='ltr'>cum</span> <span class='ocrx_word' id='word_1_263' title='bbox 589 2461 782 2517; x_wconf 87' lang='lat' dir='ltr'>quotidie</span> <span class='ocrx_word' id='word_1_264' title='bbox 806 2462 861 2502; x_wconf 82' lang='lat' dir='ltr'>ab</span> <span class='ocrx_word' id='word_1_265' title='bbox 879 2477 1143 2517; x_wconf 88' lang='lat' dir='ltr'>unoquoque</span> <span class='ocrx_word' id='word_1_266' title='bbox 1165 2469 1479 2517; x_wconf 83' lang='lat' dir='ltr'>repeterentur,</span> 
     </span>
     <span class='ocr_line' id='line_1_31' title="bbox 27 2533 1479 2591; baseline 0.003 -17"><span class='ocrx_word' id='word_1_267' title='bbox 27 2539 70 2574; x_wconf 90' lang='lat' dir='ltr'>et</span> <span class='ocrx_word' id='word_1_268' title='bbox 102 2533 186 2575; x_wconf 85' lang='lat' dir='ltr'>alia</span> <span class='ocrx_word' id='word_1_269' title='bbox 225 2536 356 2576; x_wconf 89' lang='lat' dir='ltr'>etiam</span> <span class='ocrx_word' id='word_1_270' title='bbox 401 2536 606 2577; x_wconf 83' lang='lat' dir='ltr'>alieniora</span> <span class='ocrx_word' id='word_1_271' title='bbox 647 2534 1008 2591; x_wconf 84' lang='lat' dir='ltr'>adjungerentur,</span> <span class='ocrx_word' id='word_1_272' title='bbox 1046 2535 1219 2576; x_wconf 78' lang='lat' dir='ltr'>tandem</span> <span class='ocrx_word' id='word_1_273' title='bbox 1257 2536 1479 2579; x_wconf 85' lang='lat' dir='ltr'>decretum</span> 
     </span>
     <span class='ocr_line' id='line_1_32' title="bbox 25 2605 1480 2666; baseline 0.003 -19"><span class='ocrx_word' id='word_1_274' title='bbox 25 2605 122 2656; x_wconf 85' lang='lat' dir='ltr'>fuit,</span> <span class='ocrx_word' id='word_1_275' title='bbox 155 2616 205 2650; x_wconf 88' lang='lat' dir='ltr'>ut</span> <span class='ocrx_word' id='word_1_276' title='bbox 227 2610 415 2666; x_wconf 90' lang='lat' dir='ltr'>quisque</span> <span class='ocrx_word' id='word_1_277' title='bbox 448 2609 761 2665; x_wconf 87' lang='lat' dir='ltr'>impedimenta</span> <span class='ocrx_word' id='word_1_278' title='bbox 793 2624 872 2649; x_wconf 85' lang='lat' dir='ltr'>sua</span> <span class='ocrx_word' id='word_1_279' title='bbox 905 2623 957 2649; x_wconf 90' lang='lat' dir='ltr'>cx</span> <span class='ocrx_word' id='word_1_280' title='bbox 991 2609 1152 2663; x_wconf 86' lang='lat' dir='ltr'>scripto</span> <span class='ocrx_word' id='word_1_281' title='bbox 1184 2616 1227 2650; x_wconf 85' lang='lat' dir='ltr'>et</span> <span class='ocrx_word' id='word_1_282' title='bbox 1262 2609 1317 2650; x_wconf 87' lang='lat' dir='ltr'>ad</span> <span class='ocrx_word' id='word_1_283' title='bbox 1344 2617 1480 2652; x_wconf 88' lang='lat' dir='ltr'>certos</span> 
     </span>
     <span class='ocr_line' id='line_1_33' title="bbox 27 2678 1479 2738; baseline 0.004 -18"><span class='ocrx_word' id='word_1_284' title='bbox 27 2678 177 2722; x_wconf 85' lang='lat' dir='ltr'>Patres</span> <span class='ocrx_word' id='word_1_285' title='bbox 226 2682 414 2738; x_wconf 87' lang='lat' dir='ltr'>indeque</span> <span class='ocrx_word' id='word_1_286' title='bbox 466 2682 678 2738; x_wconf 87' lang='lat' dir='ltr'>allegatos</span> <span class='ocrx_word' id='word_1_287' title='bbox 729 2682 924 2729; x_wconf 87' lang='lat' dir='ltr'>referret,</span> <span class='ocrx_word' id='word_1_288' title='bbox 970 2696 1157 2736; x_wconf 87' lang='lat' dir='ltr'>quorum</span> <span class='ocrx_word' id='word_1_289' title='bbox 1211 2685 1479 2726; x_wconf 86' lang='lat' dir='ltr'>coacervatio</span> 
     </span>
     <span class='ocr_line' id='line_1_34' title="bbox 27 2754 1477 2812; baseline 0.004 -19"><span class='ocrx_word' id='word_1_290' title='bbox 27 2760 173 2806; x_wconf 88' lang='lat' dir='ltr'>postea</span> <span class='ocrx_word' id='word_1_291' title='bbox 195 2771 354 2812; x_wconf 82' lang='lat' dir='ltr'>magna</span> <span class='ocrx_word' id='word_1_292' title='bbox 376 2756 474 2803; x_wconf 84' lang='lat' dir='ltr'>fuit,</span> <span class='ocrx_word' id='word_1_293' title='bbox 508 2756 551 2796; x_wconf 90' lang='lat' dir='ltr'>in</span> <span class='ocrx_word' id='word_1_294' title='bbox 583 2756 791 2811; x_wconf 86' lang='lat' dir='ltr'>variaque</span> <span class='ocrx_word' id='word_1_295' title='bbox 824 2755 966 2810; x_wconf 88' lang='lat' dir='ltr'>capita</span> <span class='ocrx_word' id='word_1_296' title='bbox 997 2754 1215 2803; x_wconf 83' lang='lat' dir='ltr'>distincta,</span> <span class='ocrx_word' id='word_1_297' title='bbox 1250 2771 1349 2811; x_wconf 85' lang='lat' dir='ltr'>quae</span> <span class='ocrx_word' id='word_1_298' title='bbox 1373 2758 1477 2799; x_wconf 86' lang='lat' dir='ltr'>alibi</span> 
     </span>
     <span class='ocr_line' id='line_1_35' title="bbox 29 2827 280 2868; baseline 0.02 -5"><span class='ocrx_word' id='word_1_299' title='bbox 29 2831 187 2867; x_wconf 85' lang='lat' dir='ltr'>extant.</span> <span class='ocrx_word' id='word_1_300' title='bbox 212 2827 280 2868; x_wconf 89' lang='lat' dir='ltr'>fol.</span> 
     </span>
    </p>

    <p class='ocr_par' dir='ltr' id='par_1_5' title="bbox 1278 2915 1301 2939">
     <span class='ocr_line' id='line_1_36' title="bbox 1278 2915 1301 2939; baseline 0 0"><span class='ocrx_word' id='word_1_301' title='bbox 1278 2915 1301 2939; x_wconf 80' lang='grc' dir='ltr'>ιι</span> 
     </span>
    </p>
   </div>
  </div>
 </body>
</html>
