1905 3254
371 287 454 329 364
996 303 1106 333 SEss.
1132 302 1208 332 vn.

371 408 529 455 verbis,
555 407 820 448 authoritate
844 406 1028 448 Romani
1050 408 1270 448 Pontifieis
1292 407 1517 463 assumpti,
1536 407 1663 463 quasi
1684 407 1728 447 in
1747 405 1830 447 hoc

372 481 547 521 Canone
580 481 637 521 sit
672 480 909 521 necessaria
937 480 1140 521 intentio¹
1166 481 1315 535 Papae,
1348 481 1587 528 dicebatur,
1611 480 1667 521 ad
1688 481 1829 521 vitan-

371 553 448 594 das
469 553 767 594 contentiones
799 553 974 593 concedi
1005 568 1142 608 posse,
1167 560 1217 594 ut
1243 553 1393 594 Canon
1417 554 1527 594 alius
1558 553 1829 600 conderetur,

371 626 449 680 qui
479 625 587 665 nihil
617 625 669 666 de
691 632 922 680 potestate,
952 625 1027 666 sed
1056 625 1174 666 nude
1207 641 1255 666 ac
1290 626 1541 680 simpliciter
1577 625 1629 666 de
1663 624 1828 671 ordine,

369 698 638 753 loqueretur,
661 698 706 738 in
728 697 820 739 haec
842 698 976 739 verba
995 714 1003 737 :

429 771 474 810 Si
508 770 604 825 quis
639 770 812 818 dixerit,
849 770 1057 817 ordinem,
1092 785 1170 810 seu
1209 770 1469 825 dignitatem
1506 769 1704 825 Eporum
1742 783 1828 809 non

370 855 462 882 esse
487 856 511 881 a
534 841 710 882 Christo
741 841 931 882 Domino
961 842 1222 887 institutam,
1257 842 1327 882 vel
1358 856 1429 883 eos
1465 856 1548 881 11011
1582 855 1673 881 esse
1706 840 1830 881 Pres-

370 913 536 968 byteris
556 914 767 968 majores3
792 912 1042 953 Anathema
1063 913 1131 953 sit.

428 985 560 1032 Nam,
597 984 701 1024 dum
742 985 914 1031 dicitur,
949 986 1162 1041 Epor-um,
1196 984 1439 1025 occurritur
1471 984 1559 1024 illis
1603 985 1682 1039 qui
1718 985 1830 1025 forte

372 1057 715 1115 suspicarentur,
752 1071 837 1096 non
869 1056 923 1097 de
955 1057 1158 1097 omnibus
1189 1057 1421 1112 Episcopis
1442 1057 1509 1097 hic
1532 1057 1735 1113 intelligi,
1758 1057 1834 1098 sed

372 1137 542 1171 tantum
564 1129 617 1170 de
636 1131 785 1185 Papa3
806 1145 907 1170 nam
928 1145 1013 1170 non
1035 1129 1207 1177 dicitur,
1223 1130 1532 1186 Episcopalem
1554 1130 1834 1186 dignitatem,

373 1203 450 1243 sed
470 1203 806 1258 Episeoporum.

431 1275 560 1324 Item,
601 1277 636 1316 si
671 1277 947 1331 objiceretur,
980 1275 1255 1316 condemnari
1295 1277 1543 1331 opinionem
1581 1277 1832 1334 Theologo-

374 1364 488 1397 rum,
526 1350 603 1404 qui
643 1350 765 1390 aiunt
806 1350 1125 1404 Episcopatum
1167 1365 1252 1389 non
1288 1365 1379 1390 csse
1413 1350 1621 1398 ordinem,
1651 1352 1833 1407 replica-

373 1421 523 1469 batur,
557 1421 807 1477 Theologos
830 1436 914 1462 non
947 1436 1109 1477 negare
1142 1422 1339 1477 Epatum
1387 1438 1478 1463 esse
1513 1423 1724 1472 ordinem,
1759 1424 1836 1465 sed

372 1509 457 1535 non
493 1508 584 1534 esse
616 1493 810 1534 ordinem
847 1509 923 1534 seu
954 1495 1284 1534 Sacramentum
1317 1508 1480 1534 novum
1503 1510 1550 1535 ac
1572 1495 1835 1537 diversuma

373 1567 712 1621 Presbyteratu:
745 1567 830 1606 imo
852 1566 1047 1606 ordinem
1080 1581 1176 1606 cum
1200 1581 1249 1607 eo
1272 1566 1530 1620 perfectum,
1553 1566 1834 1623 ordinemque

374 1644 616 1686 extensum,
647 1638 765 1694 quod
786 1639 829 1679 in
851 1638 929 1679 hoc
954 1638 1133 1679 Canone
1154 1639 1274 1679 haud
1295 1639 1561 1680 confutatur.

431 1711 555 1751 Dum
578 1711 685 1759 haec,
709 1712 882 1767 magnis
917 1712 1316 1752 consultationibus
1343 1718 1570 1767 parantur,
1591 1711 1758 1752 Literae
1781 1727 1836 1754 ex

374 1783 499 1842 Urbe
530 1784 696 1825 dudum
720 1791 967 1840 expectatae
1001 1785 1334 1840 superveniunt,
1372 1799 1469 1840 quae
1492 1785 1636 1826 onmia
1667 1792 1838 1840 pertur-

374 1842 496 1899 bant.
559 1858 678 1898 Nam
699 1858 743 1898 in
762 1858 832 1898 his
856 1858 1162 1905 mandabatur,
1185 1864 1235 1898 ut
1255 1872 1339 1898 non
1361 1858 1499 1897 solum
1522 1857 1564 1897 in
1584 1858 1723 1898 veteri
1738 1857 1836 1897 doc-

375 1931 491 1972 trina
512 1932 651 1972 multa
671 1932 1025 1978 immutarentur,
1040 1931 1115 1972 sed
1139 1932 1271 1972 etiam
1290 1937 1339 1971 ut
1363 1931 1557 1972 Octavus
1572 1930 1723 1971 Canon
1745 1945 1838 1971 con-

374 2005 590 2053 ficeretur,
613 2005 655 2045 in
678 2020 766 2060 quo
785 2005 1012 2060 primatus,
1046 2019 1341 2060 supremaque
1385 2002 1629 2044 authoritas
1672 2004 1837 2045 Sancti-

375 2078 483 2118 tatis
509 2093 600 2119 suae
633 2079 991 2133 amplificaretur,
1016 2084 1093 2118 aut
1129 2078 1281 2118 saltem
1315 2078 1655 2118 confirmaretur.
1717 2077 1836 2117 Lite-

373 2150 522 2206 risque
541 2152 629 2192 illis
651 2151 949 2192 adnotationes
963 2151 1140 2192 seorsim
1163 2156 1286 2191 erant
1309 2149 1542 2205 adjunctae,
1578 2165 1626 2191 ac
1665 2149 1837 2206 prolixe

377 2230 584 2266 extensae.

734 2351 1149 2399 Considerationes
1185 2351 1490 2398 transmissae.

435 2473 598 2529 Legati
629 2479 775 2514 autem
810 2479 1107 2528 agnoscentes,
1141 2473 1176 2514 si
1214 2473 1367 2514 Canon
1397 2471 1650 2527 hujusmodi
1683 2486 1842 2527 propo-

375 2554 520 2596 natur,
568 2547 909 2603 disputationem
955 2547 1256 2603 longissimam
1307 2546 1596 2592 excitandam,
1642 2545 1840 2600 aliasque
1878 2599 1882 2604 Ι

379 2620 602 2676 graviores
622 2619 720 2660 hinc
741 2619 934 2674 pendere
959 2620 1286 2667 controversias,
1317 2619 1455 2660 satius
1485 2624 1659 2674 putant,
1682 2633 1737 2659 ex
1758 2617 1840 2658 Pa-

377 2698 493 2732 trum
516 2691 757 2733 multorum
785 2692 962 2733 consilio
993 2692 1086 2733 haec
1113 2691 1362 2732 discrimina
1385 2691 1615 2732 Sanctitati
1636 2705 1729 2730 suae
1760 2703 1840 2745 per

1016 2807 1025 2827 ¹
1052 2808 1199 2840 Mentio?

1896 477 1898 493 ..
1895 437 1899 469 ἢ,
1892 316 1899 426 ἢ..“...-
1890 134 1898 307 -mum

1898 867 1905 1120 -Ἶ-...ο-υοωι-υ,
1898 775 1905 861 *hd-r*
1898 715 1904 768 υ-Α.
1896 671 1903 709 ,ψ-
1896 641 1902 661 ‹-
1900 631 1902 634 ,
1896 611 1901 625 Δ
1895 547 1901 602 4.-
1895 518 1901 543 u-
