1905 3254
680 293 788 325 SEss.
812 293 889 324 vn.
1427 279 1509 320 557

53 399 226 441 dinetur
257 401 311 441 24
342 398 438 441 dist.
477 400 553 441 ubi
588 400 794 441 Bellam¹.
859 399 910 441 In
945 401 989 455 20
1010 400 1230 457 excipitur
1263 414 1399 446 casus,
1434 399 1514 439 ubi

52 472 328 528 dispensetur
360 473 416 513 ad
449 488 523 514 sex
560 488 738 516 menses.
774 473 867 521 &c.‚
903 487 1003 528 quae
1040 472 1306 529 dispensatio
1340 471 1516 512 videtur

53 545 267 594 salutaris,
305 561 403 586 cum
440 546 496 586 sit
528 546 795 602 temporalis,
819 552 863 587 et
899 545 1057 586 deinde
1091 545 1381 601 prohibeatur
1419 559 1516 599 per-

53 627 187 676 petuo
208 620 251 660 in
274 619 486 660 futurum.
552 619 605 660 In
626 620 671 660 4⁰
692 619 794 660 facit
817 618 946 659 Cone.
970 618 1232 667 Viennense,
1262 626 1305 660 et
1336 619 1516 659 Latera-

55 708 199 739 nense,
234 700 278 734 et
309 692 482 733 hocmet
507 691 752 732 Concilium
775 690 859 731 sub
892 690 1019 731 Julio
1043 690 1149 739 III„
1173 691 1217 732 in
1252 691 1414 746 quibus
1442 705 1517 746 ap*

53 765 297 822 probantur
314 764 524 806 titulares.
589 763 711 804 Idem
729 762 1023 819 Epiphaniu5‚
1043 763 1275 813 Damasus,
1297 764 1388 804 Leo
1409 762 1517 812 III.,

56 837 133 893 qui
156 851 227 877 005
249 843 535 893 agnoverunt.
599 837 782 877 Abusus
805 842 869 877 est
890 837 1121 877 instituere
1144 836 1268 892 Epos
1290 836 1378 877 sine
1403 834 1516 882 sede,

57 916 100 951 et
131 910 304 958 otiosos,
328 916 378 950 ut
400 910 509 951 nihil
534 916 683 965 agant.
747 909 912 951 Verum
936 924 1058 950 secus
1081 916 1147 950 est
1168 910 1211 949 in
1233 924 1333 950 casu
1356 915 1514 950 nostro.

56 983 172 1024 Nam
207 982 307 1023 licet
340 998 394 1024 ex
428 998 557 1024 causa
590 983 729 1038 possit
750 982 989 1037 prohiberi,
1014 989 1064 1022 ut
1085 989 1150 1022 est
1171 982 1408 1022 communis
1429 996 1517 1022 om-

55 1057 175 1097 nium
211 1055 549 1097 canonistarum
577 1056 756 1112 [opinio]
780 1057 821 1096 in
844 1072 876 1097 c.
911 1056 1348 1103 excommunicamus,
1374 1070 1399 1096 a
1430 1069 1520 1110 qua

55 1128 255 1170 nonnulli
288 1127 340 1169 de
375 1127 567 1170 haeretic.
604 1136 647 1170 ct
683 1130 745 1169 ita
779 1128 1066 1184 respondetur
1101 1127 1155 1168 ad
1189 1128 1352 1168 Concil.
1383 1128 1518 1169 Chal-

57 1202 219 1249 cedon.,
237 1216 338 1242 nam
360 1201 554 1257 loquitur
576 1201 618 1241 in
642 1201 925 1256 Presbyteris,
945 1201 1020 1256 qui
1042 1215 1126 1240 non
1147 1207 1332 1256 possunt
1353 1201 1518 1256 ubique

57 1274 327 1331 praedicare3
365 1274 467 1314 facit
500 1281 544 1314 et
575 1289 688 1330 cap„
712 1275 917 1329 quoniam
952 1273 1005 1314 de
1039 1274 1143 1314 offic.
1167 1273 1319 1320 ordin„
1344 1274 1423 1314 ubi
1456 1289 1519 1315 se-

59 1348 248 1390 cundum
271 1348 396 1389 Doct.
421 1348 727 1403 approbantur
748 1348 791 1388 hi
815 1348 1018 1388 titularcs
1042 1348 1085 1387 in
1106 1347 1173 1387 his
1194 1347 1298 1387 locis
1321 1347 1397 1387 ubi
1419 1354 1523 1388 sunt

57 1422 240 1463 diversae
270 1421 447 1477 linguae,
471 1422 611 1462 veluti
644 1421 687 1461 in
722 1421 946 1470 Calabria,
972 1421 1119 1461 Graeci
1152 1428 1194 1462 et
1231 1420 1345 1461 Itali.
1410 1420 1520 1461 Item

60 1495 166 1552 quid
187 1494 416 1536 dicendum
439 1495 481 1534 in
506 1494 719 1551 Episcopo
748 1494 969 1550 decrepito
1001 1493 1225 1549 indigente
1258 1493 1522 1549 Coadjutore

60 1570 297 1610 necessario
316 1569 330 1607 ?
374 1568 444 1609 De
462 1575 591 1609 aetate
615 1569 657 1609 in
680 1569 823 1623 prima
845 1575 1025 1608 tonsura
1042 1567 1220 1607 videtur
1241 1566 1390 1608 eadem
1415 1573 1521 1607 aetas

61 1643 248 1698 probata
268 1657 293 1683 a
314 1641 592 1698 philosophis
614 1641 1045 1696 ι1111’15(301151111;15(1110,
1069 1641 1135 1681 1111
1158 1641 1345 1680 maxime
1366 1639 1522 1681 idonea

63 1714 117 1755 ad
139 1714 283 1755 omnia
304 1715 495 1771 negotia.
559 1714 628 1755 De
652 1714 893 1754 Seminario
916 1714 1076 1753 vellem
1109 1712 1311 1767 amplius,
1335 1719 1386 1753 ut
1415 1712 1520 1767 Epi,

64 1788 283 1836 Canonici,
305 1796 349 1830 et
383 1788 543 1829 Clerici
567 1802 713 1829 omnes
736 1788 933 1828 viverent
954 1787 996 1826 in
1019 1787 1248 1833 communi,
1270 1793 1314 1826 et
1336 1785 1390 1826 de
1412 1801 1521 1826 com-

62 1864 198 1910 muni,
215 1870 257 1904 et
275 1863 577 1904 Sanctissimus
599 1860 850 1902 concederet
875 1860 1101 1916 Episcopis
1122 1875 1270 1900 omnes
1292 1859 1524 1900 Parochias

65 1936 343 1978 conferendas
365 1951 444 1991 pro
468 1935 719 1976 Seminario.

123 2009 445 2052 Acciensis—in
477 2009 617 2064 primo
653 2022 738 2048 non
779 2007 924 2063 placet
961 2006 1098 2047 forma
1138 2005 1213 2046 sed
1247 2005 1443 2053 materia,
1480 2012 1523 2046 01

65 2083 183 2139 quod
215 2089 472 2124 moneantur
494 2081 651 2137 Reges,
675 2088 725 2122 ut
760 2081 984 2122 nominent
1004 2079 1202 2120 meliores
1223 2086 1267 2120 et
1290 2078 1522 2135 digniores.

68 2156 119 2198 In
151 2159 196 2198 4⁰
217 2157 430 2198 tollantur
460 2156 658 2196 titularcs
680 2155 867 2196 maxime
890 2154 969 2194 hac
990 2153 1170 2200 ratione,
1191 2152 1293 2208 quia
1314 2151 1524 2207 Episcopi

68 2231 239 2273 facilius
261 2245 339 2287 per
361 2245 405 2271 se
428 2230 542 2286 ipsos
565 2229 832 2276 residebunt,
858 2228 942 2268 illis
965 2227 1165 2268 sublatis.

126 2304 333 2345 Civitatis
352 2302 694 2344 castelli—Non
710 2302 883 2357 placent
899 2301 1097 2347 rubricae,
1116 2300 1221 2355 quia
1242 2314 1324 2340 non
1349 2306 1413 2339 est
1435 2313 1525 2338 mos

68 2377 368 2434 legislatorum
411 2392 483 2417 eas
516 2390 750 2431 apponere.
816 2374 867 2415 In
902 2374 1041 2428 primo
1075 2387 1159 2412 non
1193 2371 1350 2426 placet,
1392 2371 1524 2410 variae

68 2449 256 2490 rationes
291 2455 391 2489 sunt
424 2448 584 2496 allatae,
623 2447 718 2488 aliae
755 2453 976 2501 urgentes,
1002 2444 1098 2484 aliae
1130 2441 1396 2498 probabiles,
1431 2441 1526 2482 aliae

70 2537 166 2563 non.
229 2522 330 2577 Ego
367 2521 479 2561 enim
514 2520 667 2576 probo,
702 2519 832 2575 quod,
871 2518 977 2565 scil„
1020 2516 1240 2557 sufficiunt
1280 2514 1443 2555 tradita
1482 2515 1526 2555 in

70 2594 333 2652 praeccdcnti
354 2594 554 2641 sessione,
577 2600 621 2634 et
643 2593 745 2633 facit
768 2591 952 2631 maxime
973 2604 1006 2630 c.
1030 2588 1229 2643 nihilque
1253 2594 1449 2628 veterum
1472 2586 1526 2628 de

75 2668 195 2709 elect.
243 2667 392 2708 Posset
414 2666 505 2707 ficri
530 2665 681 2706 Canon
705 2679 792 2720 quo
814 2663 899 2704 tria
920 2662 1267 2710 continerentur3
1299 2660 1451 2716 primo,
1474 2659 1528 2701 (10

117 2751 125 2769 ¹
152 2741 301 2791 AEgidiusi
317 2751 354 2780 de
375 2750 553 2780 Bellamera
581 2750 605 2780 is
630 2748 780 2790 probably
801 2751 917 2784 meant,
940 2747 998 2786 Bp.
1022 2745 1057 2775 of
1077 2744 1305 2783 Avignonfflnd
1331 2755 1369 2773 an
1392 2743 1530 2774 eminent

75 2804 232 2841 canonist‚
245 2815 283 2835 an
300 2803 401 2835 oraclo
416 2805 451 2834 of
463 2804 510 2833 his
525 2814 592 2841 age,
607 2802 675 2833 who
692 2802 775 2831 lived
790 2800 911 2839 beyond
932 2798 1022 2837 1105,
1036 2809 1069 2828 as
1086 2798 1188 2828 Mansi
1208 2802 1339 2828 correcta
1356 2797 1527 2828 Fabricius.

74 2857 240 2888 0—Fabric.
260 2857 342 2887 Bibl.
361 2857 449 2887 Med.
467 2862 496 2886 et
512 2856 573 2886 Ins.
593 2857 656 2887 AEt.
673 2855 721 2884 ed.
740 2854 797 2886 ult.
