1905 3254
689 271 803 300 SEss.
830 272 908 302 vn.
1450 267 1526 308 301

74 361 263 406 dilucide
287 381 311 407 a
334 368 493 411 Sancta
516 371 689 428 Synodo
710 376 920 432 explicari
945 381 1264 433 contenderent,
1293 385 1400 440 ipse,
1425 386 1527 427 alio-

71 449 169 476 rum
202 439 331 480 etiam
366 443 601 484 multorum
632 447 706 500 qui
732 456 830 490 ante
852 465 951 491 euin
974 451 1172 495 dixerant
1194 458 1404 513 exemplo,
1428 474 1525 500 con-

71 509 256 550 trarium
279 513 408 552 variis
424 515 682 565 rationibus,
706 520 1138 580 authoritatibusque
1158 530 1368 579 asseruit3
1390 531 1526 587 idque

71 578 179 620 adeo
200 583 369 637 copiose
393 592 437 626 et
456 594 713 637 constanter,
737 598 787 632 ut
807 608 892 633 non
914 594 1134 639 defuerint
1157 599 1310 655 aliqui,
1335 604 1414 657 qui
1433 603 1525 645 haec

68 652 124 691 ab
158 668 208 694 eo
239 655 396 698 idcirco
431 659 494 699 ita
529 661 734 703 affirmari
766 666 1104 720 suspicarentur,
1138 673 1269 727 quod,
1301 689 1398 716 cum
1430 681 1524 732 ejus

65 723 257 780 Religio,
291 733 414 784 cujus
446 731 541 787 ipse
572 733 724 791 Caput
746 744 789 778 et
813 739 1045 782 Generalis
1066 750 1171 792 erat,
1198 747 1389 800 pendeat
1408 757 1525 791 recta

65 811 90 837 a
125 798 261 854 Papa,
297 809 341 843 et
375 805 571 858 quotidie
607 808 741 850 latius
772 821 1060 869 propagetur,
1094 820 1317 872 putaverit
1347 822 1454 877 ipse,
1487 824 1523 864 si

57 873 151 924 Jus¹
184 875 399 916 sententia
430 878 658 929 obtineret,
696 883 821 924 facilc
853 885 1052 928 futurum
1091 889 1195 939 fore,
1226 899 1276 933 ut
1307 898 1402 950 ejus
1433 895 1519 937 Re-

61 941 167 998 ligio
198 948 382 1003 majores
414 949 512 992 hinc
546 953 658 994 vires
690 964 891 1004 sumeret,
925 961 1130 1014 quoniam
1168 964 1349 1006 aliarum
1386 969 1517 1010 etiam

61 1014 358 1060 Ecclesiarum
395 1021 722 1075 administratio,
755 1033 1109 1085 repugnantibus
1138 1035 1240 1078 licet
1269 1037 1517 1096 Episcopis,

61 1088 104 1128 ei
137 1091 310 1132 concedi
338 1102 498 1149 posset,
531 1112 627 1138 cum
659 1100 788 1141 ambo
820 1102 1175 1148 Jurisdictionem
1200 1125 1326 1165 aeque
1347 1127 1372 1152 a
1394 1113 1517 1169 Papa

58 1172 307 1216 agnoscant.
369 1165 535 1208 Verum
558 1168 651 1211 haec
669 1173 960 1226 proculdubio
982 1192 1094 1219 vana
1114 1180 1307 1230 fuerunt,
1330 1198 1426 1224 cum
1450 1186 1517 1226 vir

58 1242 170 1275 esset
189 1251 371 1278 summae
394 1240 627 1295 probitatis
650 1259 697 1284 ac
725 1246 962 1302 religioniS,
992 1258 1037 1291 et
1068 1253 1137 1292 cui
1168 1254 1335 1296 fideles²
1366 1272 1514 1299 omnes

55 1306 245 1348 multum
278 1324 357 1364 pro
390 1314 573 1368 magniS,
612 1330 720 1371 quos
759 1318 804 1358 in
843 1319 1074 1363 Catholica
1108 1324 1309 1367 Ecclesia
1343 1329 1513 1371 fructus

52 1377 168 1428 fecit,
202 1382 377 1423 omnino
410 1384 626 1436 debeant,
665 1404 836 1446 egoque
870 1407 972 1434 sane
1006 1395 1128 1437 illum
1162 1413 1215 1439 ex
1247 1401 1380 1442 animi
1411 1418 1510 1444 con-

53 1451 233 1494 scientia
253 1455 315 1496 ita
336 1455 570 1512 loquutum
592 1460 724 1503 fuisse
746 1463 852 1504 mihi
875 1480 1132 1520 persuasum
1154 1470 1306 1514 habeo.

108 1524 232 1566 Latis
264 1528 447 1570 Patrum
484 1532 721 1589 suffragiis,
762 1537 970 1580 Patribus
1007 1542 1115 1583 alias
1149 1547 1406 1597 constitutis,
1437 1550 1508 1591 ad-

46 1599 254 1654 jungitur
283 1602 542 1653 Clodiensis,
565 1607 863 1659 Rossanensis,
887 1612 1164 1665 Mutinensis,
1187 1619 1506 1670 LancianensiS‚

49 1671 124 1726 qui
145 1671 384 1717 doctrinam
410 1684 452 1718 et
487 1678 686 1723 Canones
719 1697 773 1723 ex
804 1684 986 1728 Patrum
1019 1692 1233 1732 sententia
1260 1695 1507 1737 emendatos

48 1745 293 1788 restituant.
358 1750 540 1792 Interim
562 1769 665 1795 vero
698 1754 942 1798 Cardinalis
963 1760 1179 1817 AltemPS‚
1211 1779 1324 1805 unus
1345 1782 1398 1808 ex
1419 1768 1504 1810 Le-

48 1817 174 1870 gatis,
198 1821 480 1874 permittente
512 1825 601 1872 Sm0,
638 1826 736 1868 hinc
772 1828 827 1868 ad
861 1829 1104 1874 Ecclesiam
1136 1850 1261 1876 suam
1292 1840 1504 1881 Constan—

46 1889 226 1933 tiensem
260 1894 386 1935 brevi
417 1911 674 1940 reversurus
707 1899 957 1952 dimittitur,
980 1906 1057 1959 qui
1074 1913 1219 1949 tamen
1241 1909 1395 1953 deinde
1418 1913 1501 1954 Ro-

46 1976 160 2004 mam
182 1975 424 2016 revocatus,
448 1971 722 2028 consiliisque
744 1974 1002 2030 Legationis
1024 1979 1192 2022 solutus
1214 1982 1311 2025 fuit.
1372 1986 1499 2042 Epis-

45 2049 179 2091 copus
200 2039 330 2081 etiam
355 2041 592 2085 Literensis
613 2045 756 2088 dictus
784 2049 978 2091 Pantusa
1007 2054 1204 2095 mortalis
1236 2057 1364 2099 finem
1396 2060 1499 2102 vitae

43 2110 264 2165 explevit3
296 2113 508 2156 admissus
531 2117 614 2158 fuit
635 2118 678 2159 in
703 2120 925 2175 Synodum
948 2124 1199 2184 Episcopus
1231 2129 1497 2174 Premiflien-

44 2181 102 2222 sis
124 2182 318 2227 Poloniae
340 2187 477 2245 Regis
496 2189 656 2231 Orator
678 2207 796 2234 more
819 2203 1033 2238 consueto.

523 2289 694 2338 Literae
723 2292 882 2356 Regis,

520 2371 780 2436 Responsio
807 2375 1009 2440 Synodi.

520 2457 688 2503 Oratio
716 2458 944 2506 Oratoris.

94 2553 272 2602 Verum,
305 2572 403 2598 cum
439 2558 629 2618 delegati
670 2564 836 2615 Patres,
871 2567 1028 2608 diebus
1065 2569 1231 2625 aliquot
1269 2572 1313 2612 in
1349 2588 1490 2616 emen-

37 2623 179 2668 danda
199 2627 393 2671 doctrina
419 2638 463 2673 et
496 2632 751 2679 Canonibus
784 2641 1066 2697 consumptiS‚
1103 2642 1147 2683 in
1179 2659 1229 2685 eo
1261 2649 1489 2690 convenire

79 2729 87 2748 ¹
113 2731 225 2773 Cujus,
241 2734 314 2766 MS.
357 2735 460 2776 Rayn·
476 2737 529 2769 has
544 2740 621 2779 ejus.
643 2742 732 2783 1562,
747 2744 837 2775 xciii.

79 2778 92 2796 ²
115 2780 216 2822 Fides,
232 2784 303 2814 MS.
319 2787 475 2816 corrected
492 2787 570 2818 from
589 2790 689 2829 Rayn.
