1905 3254
684 328 798 361 sEss.
823 328 882 360 VI.
904 328 913 334 ·
1447 314 1526 356 183

64 446 237 490 nempe,
266 433 514 477 distributis
535 436 752 477 universis
772 436 982 478 Patribus
1008 436 1052 477 in
1083 435 1239 478 classes
1261 436 1382 486 duaS,
1416 452 1521 493 qua·

63 521 160 548 rum
197 508 335 549 altera
367 508 710 565 Theologorum,
745 510 884 551 altera
919 509 1254 551 canonistarum
1288 510 1518 559 diceretur,

63 589 196 638 atque
213 583 255 623 in
273 583 484 624 alterutra
505 583 692 638 quisque
714 591 846 639 prout
868 583 1002 625 vellet
1019 583 1350 625 describeretur.
1395 584 1518 632 Inde,

62 672 159 697 cum
182 656 235 697 de
258 662 518 712 argumento
541 655 812 712 Theologico
834 663 946 698 esset
969 656 1202 713 agendum,
1236 658 1377 712 primo
1400 658 1518 698 Prae-

61 728 141 769 lati
173 728 319 769 classis
351 727 634 784 Theologieae
663 728 902 769 sententias
936 743 1038 769 suas
1060 727 1266 775 dicerent,
1289 735 1389 783 post
1403 730 1519 785 juris

60 801 290 849 Pontificii,
326 801 404 856 qui
433 801 654 843 breviores
675 802 847 842 omnino
869 802 912 841 in
933 801 1115 842 dicendo
1136 801 1278 842 futuri
1299 802 1517 857 putaban-

59 880 146 921 tur,
183 874 368 914 materia
403 875 494 929 jam
530 889 554 915 a
589 873 818 931 theologis,
857 889 956 930 quae
998 889 1147 916 corum
1188 880 1281 915 erat
1321 874 1516 930 propria,

58 947 233 1003 plenius
255 947 516 988 examinata.
579 948 631 989 In
659 963 828 990 morum
852 963 954 990 vcro
986 948 1295 989 reformatione
1327 948 1515 989 vicissim

58 1020 306 1063 Canonistae
328 1021 474 1077 prius3
497 1021 597 1063 inde
616 1022 833 1078 Theologi
850 1021 1164 1078 responderent
1181 1039 1192 1072 3
1214 1037 1238 1063 a
1260 1036 1349 1077 quo
1370 1027 1515 1063 tamen

56 1094 230 1135 consilio
250 1101 402 1151 postea
423 1094 658 1135 discessum
678 1095 774 1143 suit,
798 1110 895 1136 cum
914 1095 1043 1136 multi
1064 1094 1108 1135 id
1128 1095 1255 1135 nimis
1271 1109 1514 1143 onerosum,

56 1173 106 1209 ut
126 1166 225 1208 huic
248 1167 318 1208 vel
337 1167 403 1208 illi
424 1167 564 1209 ordini
586 1183 740 1209 nomen
768 1180 896 1209 suum
929 1167 1098 1216 darent,
1131 1183 1223 1209 esse
1256 1168 1514 1224 interpreta-

55 1247 220 1289 rentur,
245 1248 322 1282 aut
345 1242 491 1283 verius
514 1242 639 1290 forte,
662 1241 862 1282 nonnulli
883 1241 1028 1282 minus
1050 1241 1213 1282 cruditi
1235 1242 1512 1290 verebantur,

57 1328 111 1356 ne
133 1314 176 1355 in
199 1315 367 1356 utrovis
388 1315 585 1371 catalogo
607 1314 815 1371 descripti
845 1329 1001 1355 nomen
1023 1329 1153 1354 suum
1175 1314 1375 1355 ementiti
1397 1314 1514 1356 vide-

54 1395 218 1430 rentur.

109 1461 354 1504 Adduntur
388 1462 529 1518 igitur
562 1461 755 1502 Articuli
792 1461 875 1502 viz.
913 1459 967 1501 dc
1002 1468 1273 1503 sacramento
1307 1460 1457 1502 Missae
1489 1476 1514 1502 a

52 1534 266 1593 theologis
288 1535 530 1576 minoribus
551 1533 843 1582 examinandi,
868 1534 943 1589 qui
965 1540 1222 1589 sequuntur.

109 1608 176 1650 ΡΟ.
209 1609 284 1650 An
319 1607 458 1649 Missa
489 1608 546 1649 sit
579 1606 672 1648 sola
704 1607 1055 1648 commemoratio
1088 1606 1295 1649 Sacrificii
1321 1608 1364 1648 in
1386 1622 1512 1649 cruce

51 1682 233 1738 peracti,
255 1697 340 1723 non
360 1688 507 1723 autem
528 1695 680 1722 verum
702 1680 970 1722 sacrificium.

110 1756 167 1796 2⁰.
203 1755 275 1796 An
310 1755 518 1796 sacrificio
552 1755 596 1795 in
634 1754 776 1795 Cruce
817 1760 997 1808 peracto
1037 1753 1219 1810 deroget
1254 1753 1511 1795 sacrificium

53 1826 217 1867 Missae.

108 1899 1509 1949 3&AhfissssVfflffiffihmffaestemnoemnoemmmmnmmmmb

45 1972 311 2014 ordinaverit
333 1972 548 2021 Christus,
568 1979 618 2013 ut
633 1972 835 2027 Apostoli
859 1971 1069 2013 offerrent
1090 1986 1247 2027 corpus
1269 1979 1313 2014 et
1334 1975 1508 2030 sangui-

50 2060 149 2087 nem
171 2060 300 2086 suum
324 2046 367 2085 in
390 2045 539 2086 Missa.

106 2120 165 2161 4⁰.
201 2120 274 2160 An
309 2119 565 2161 sacrificium
600 2119 720 2174 quod
750 2120 793 2160 in
832 2119 969 2160 Missa
999 2119 1060 2167 fit,
1091 2120 1230 2175 prosit
1264 2121 1404 2162 solum
1437 2137 1506 2163 su-

51 2194 210 2244 menti3
243 2208 327 2234 non
364 2193 502 2249 possit
531 2200 679 2234 autem
712 2192 858 2234 offerri
890 2208 969 2249 pro
1001 2192 1097 2233 aliis
1129 2199 1217 2233 tam
1239 2193 1354 2235 vivis
1374 2210 1507 2250 quam

49 2262 276 2314 defunctis,
299 2280 377 2306 nec
399 2281 478 2322 pro
499 2266 696 2321 ipsorum
719 2266 922 2322 peccatis,
943 2265 1328 2314 satisfactionibus,
1349 2273 1394 2309 et
1413 2268 1508 2309 aliis

48 2340 390 2382 necessitatibus.

108 2414 163 2454 5⁰.
198 2414 270 2455 An
303 2414 454 2456 Missae
484 2415 686 2470 privatae,
723 2415 766 2455 in
801 2414 964 2470 quibus
999 2414 1040 2455 S.
1075 2413 1192 2454 solus
1225 2413 1432 2456 Sacerdos
1462 2423 1507 2458 et

49 2500 133 2528 non
155 2487 230 2528 alii
252 2489 584 2537 communicant,
607 2488 785 2530 inlicitae
808 2489 895 2529 sint
915 2493 959 2529 et
981 2485 1260 2542 abrogandae.

49 2565 65 2601 ἱ
105 2560 161 2602 6⁰.
194 2563 267 2603 An
309 2562 428 2618 quod
472 2563 516 2603 in
557 2563 696 2604 Missa
736 2577 854 2619 aqua
902 2562 1003 2603 vino
1054 2560 1354 2608 admisceatur,
1405 2576 1503 2605 cum

49 2633 215 2677 Christi
235 2636 503 2678 institutione
525 2644 707 2693 pugnet.

105 2706 158 2749 7⁰.
192 2710 264 2750 An
307 2709 459 2752 Canon
502 2710 650 2752 Missae
702 2724 867 2751 errores
908 2709 1140 2757 contineat,
1192 2708 1337 2765 sitque
1378 2710 1501 2754 abro-

49 2781 228 2837 gandus.
