1905 3254
360 259 444 299 44ss
992 271 1101 301 sess.
1126 271 1201 302 vn.

364 380 563 428 decretis,
587 394 685 421 cum
707 378 774 420 his
804 394 888 420 non
909 379 1095 420 sufficiat
1127 392 1214 418 una
1235 377 1448 425 Abbatia,
1478 391 1555 417 nec
1579 391 1692 417 unus
1712 377 1816 434 Epi-

365 460 582 508 scopatus.
638 453 922 506 Prooemium-
945 467 1029 492 non
1052 451 1245 492 declarat
1281 451 1528 498 veritatem,
1557 465 1658 506 quae
1692 451 1819 494 debet

364 542 456 567 esse
479 526 611 574 nuda,
635 533 678 567 et
700 527 916 567 continere
939 526 969 567 J
974 541 1024 566 us
1046 525 1259 565 divinum.

420 600 834 641 Almeriensis—P0.
859 598 977 655 quod
1010 599 1212 639 Pastores
1235 599 1264 639 J
1270 613 1346 639 ure
1369 597 1519 638 divino
1547 597 1736 639 residere
1757 604 1817 640 te-

362 681 535 715 nentur.
598 675 724 715 Licet
753 679 1025 730 praeceptum
1049 672 1104 713 sit
1128 671 1448 717 affirmativum,
1470 670 1655 712 includit
1676 678 1820 713 tamen

362 748 636 803 negativum,
661 748 763 803 quia
790 760 961 801 semper
993 761 1094 786 oves
1124 745 1325 801 indigent
1350 745 1585 799 praesentia
1607 745 1795 785 Pastoris
1810 761 1820 795 ;

363 823 420 863 2⁰.
445 821 565 877 quod
590 821 771 877 expedit
799 820 845 860 id
876 819 1108 867 declarare,
1137 820 1267 874 juxta
1299 818 1539 864 Psahnmn,
1572 817 1821 858 Declaratio

363 910 610 936 sermonum
646 901 822 935 tuorum
857 893 1089 941 illuminat,
1126 898 1168 932 et
1201 892 1297 931 Lex
1329 891 1419 932 Dni
1451 896 1704 931 convertens
1733 889 1820 930 ani-

363 983 482 1017 mas,-
516 968 573 1007 30.
600 966 719 1022 quod
749 972 924 1007 tenetur
948 964 1160 1021 Synodus,
1183 971 1227 1005 et
1248 963 1433 1019 quisque
1455 964 1588 1004 Prum
1610 964 1694 1003 sub
1726 978 1828 1018 pec-1

364 1047 458 1082 cato
494 1039 682 1088 mortali,
711 1039 757 1079 id
786 1039 965 1079 definire
982 1055 991 1088 3
1025 1038 1106 1079 Vae-
1133 1038 1245 1078 enim
1274 1037 1361 1077 illis
1391 1036 1468 1091 qui
1499 1035 1725 1077 veritatem
1748 1036 1820 1076 ab·

364 1113 603 1164 scondunt3
635 1120 678 1154 et
710 1113 876 1154 frustra
910 1112 1006 1152 aliis
1033 1111 1167 1152 rebus
1200 1125 1354 1151 manus
1387 1109 1704 1155 admovebitur,
1739 1109 1822 1150 nisi

366 1186 421 1227 ab
444 1185 535 1233 hac,
559 1193 769 1241 tanquam
793 1185 936 1239 prima
955 1199 1098 1231 causa,
1121 1183 1359 1224 inchoetur.

423 1258 658 1298 Ilerdensis
698 1258 859 1313 probat
899 1257 1118 1297 decretum
1154 1256 1284 1297 Pauli
1324 1255 1429 1302 III„
1466 1254 1637 1296 sublata
1677 1260 1821 1295 tamen

366 1332 585 1372 occasione
613 1330 794 1379 fraudis,
828 1329 946 1385 quod
979 1329 1034 1369 ad
1066 1344 1139 1369 sex
1169 1343 1349 1374 menses,
1382 1329 1457 1369 &e
1520 1328 1589 1368 De
1610 1328 1821 1384 prooemio

364 1411 485 1446 extat
519 1405 765 1460 Extravag.
799 1404 942 1444 Innoc.
967 1402 1047 1444 VI.
1082 1406 1206 1457 cujus
1242 1402 1378 1442 verba
1407 1402 1520 1442 sumi
1552 1409 1741 1458 possent,
1764 1402 1820 1442 ob

363 1477 497 1532 idque
518 1481 612 1532 ejus
633 1477 885 1532 exemplum
909 1475 1060 1522 edidit,
1084 1475 1201 1530 quod
1222 1482 1358 1523 extat,
1376 1475 1449 1515 fol.
1515 1506 1521 1513 .
1573 1474 1700 1525 Quod
1720 1475 1820 1516 dici-

364 1557 437 1591 tur
458 1549 511 1591 dc
528 1550 810 1604 Principibus
832 1550 907 1604 qui
929 1555 1110 1589 evocent
1132 1548 1338 1603 aliquem,
1352 1563 1438 1588 non
1458 1548 1616 1604 placet,
1641 1555 1822 1604 propter

365 1623 549 1663 minores
580 1623 818 1678 Principes,
849 1622 989 1662 veluti
1014 1622 1057 1661 in
1085 1621 1241 1676 Regno
1274 1622 1582 1677 Neapolitano,
1616 1622 1821 1671 Barones,

365 1712 390 1738 a
412 1697 574 1751 quibus
610 1695 855 1737 cavendum
881 1702 957 1736 est.
1021 1695 1091 1736 Dc
1114 1695 1247 1735 Bulla
1280 1695 1325 1735 in
1354 1694 1498 1735 Coena
1527 1694 1707 1735 Domini
1737 1710 1821 1736 non

365 1769 512 1825 placet
545 1775 596 1809 ut
620 1768 665 1809 id
699 1768 998 1809 committatur
1028 1768 1287 1823 Episcopis3
1321 1782 1420 1807 nam
1457 1767 1519 1807 ibi
1550 1767 1690 1808 multa
1721 1775 1822 1808 sunt

364 1843 408 1882 in
432 1843 626 1883 favorem
651 1842 952 1883 Immunitatis
974 1842 1283 1889 Ecclesiarum,
1308 1857 1408 1897 quae
1430 1857 1514 1882 non
1539 1843 1699 1898 passim
1721 1847 1822 1883 sunt

366 1916 672 1972 promittenda.
753 1916 1039 1957 Consulerem
1072 1917 1232 1972 potius,
1268 1922 1318 1956 ut
1353 1930 1404 1956 ea
1444 1916 1578 1957 Bulla
1618 1931 1643 1957 a
1678 1922 1824 1957 sancta

368 1989 543 2045 Synodo
577 1992 795 2045 perpetua
838 1989 1161 2030 Constitutione
1195 1989 1446 2038 sanciretur,
1479 2004 1533 2030 ne
1565 2004 1736 2031 necesse
1769 1990 1824 2031 sit

367 2078 462 2105 eam
485 2064 670 2120 singulis
694 2063 814 2104 annis
834 2063 1064 2112 renovari3
1101 2069 1145 2103 et
1175 2063 1311 2117 possit
1342 2062 1388 2103 id
1419 2063 1512 2103 fieri
1542 2063 1587 2103 in
1618 2063 1823 2119 praesenti

368 2138 580 2185 Sessione,
619 2138 826 2193 quoniam
864 2137 1033 2178 tamdiu
1069 2152 1216 2178 omnes
1249 2137 1417 2192 aliquid
1447 2137 1618 2193 insigne
1652 2153 1677 2179 a
1700 2138 1824 2179 nobis

366 2217 610 2266 expectant.
687 2210 757 2250 De
799 2209 1025 2251 collatione
1063 2210 1309 2251 Beneorum
1349 2225 1553 2265 cuperem
1589 2210 1824 2267 aliquando

366 2283 516 2332 statui,
550 2290 601 2323 ut
624 2289 743 2324 certa
765 2283 849 2323 sint
870 2282 1106 2332 Beneficia,
1139 2297 1239 2337 quae
1262 2289 1409 2338 potest
1430 2283 1622 2324 conferre
1643 2284 1821 2339 Episco-

366 2372 464 2412 pus,
487 2364 531 2397 et
553 2372 656 2412 quae
678 2371 762 2397 non
782 2362 942 2412 potest,
965 2355 1154 2395 sublatis
1172 2362 1238 2396 tot
1253 2357 1621 2398 reservationibus
1643 2364 1686 2398 et
1706 2372 1821 2398 occa-

367 2430 560 2470 sionibus
580 2429 741 2471 litium.
804 2428 875 2469 De
897 2427 1234 2483 impedimentis,
1270 2444 1371 2483 quae
1395 2429 1608 2485 objiciunt
1628 2430 1758 2471 multi
1777 2430 1821 2470 in

369 2502 611 2550 residendo,
643 2503 753 2543 forte
774 2501 821 2542 id
842 2501 980 2542 simile
1003 2507 1068 2541 est
1090 2500 1208 2556 quod
1230 2501 1366 2548 aiunt,
1387 2502 1661 2544 voluntatem
1685 2502 1820 2559 aequi-

367 2575 514 2630 parari
546 2574 833 2630 impotentiae,
866 2589 979 2622 nam,
1012 2573 1048 2614 si
1085 2573 1244 2622 volent,
1278 2574 1404 2615 facile
1444 2575 1575 2616 etiam
1617 2580 1822 2630 poterunt

368 2648 573 2689 residere.

426 2720 854 2777 Buduensis-—quod
893 2736 978 2762 non
1020 2720 1197 2776 expedit
1238 2721 1457 2763 declarare
1497 2722 1818 2764 observantiam

372 2793 496 2835 Sedis
519 2795 706 2850 Aplicae.

1892 1995 1899 2227 e———v--n—sm
1892 1818 1898 1987 --v---—-‚-
1890 881 1901 1812 -..—-...--...-.-.--.-.-——,-—·-—-—.—-.---—--

1891 2426 1898 2850 -.—m«—-—-.-.-§-.—v-—

1891 2985 1898 3052 ⁴—ae-A
1891 2894 1898 2971 ——·—.
1891 2858 1897 2875 ,μ
