1905 3254
694 351 805 380 ssss.
834 352 912 381 vn.
1428 341 1513 382 470

59 454 211 511 optimi
244 455 449 495 beneficio
485 461 673 509 sequuta
706 463 819 503 sunt,
851 471 933 511 ego
963 457 1006 497 in
1040 456 1105 498 his
1132 458 1402 499 recensendis
1435 474 1518 500 non

58 527 318 567 immorabor
333 525 354 566 :¹
390 526 515 568 credo
537 527 667 567 etiam
687 542 761 568 vos
779 529 881 569 satis
903 544 1048 570 rerum
1069 537 1316 571 nostrarum
1340 538 1518 579 statum,

59 605 103 640 et
124 600 298 655 quantis
333 599 660 640 calamitatibus
693 606 787 640 tota
820 615 871 640 ea
903 601 1130 642 Provincia
1162 603 1400 659 affligatur,
1425 618 1519 659 pel·-

59 679 253 729 spectum
276 672 450 713 habere.
484 672 635 713 Unum
659 672 702 712 id
725 673 817 728 ipse
833 672 984 721 dicam,
1002 689 1171 715 omnem
1190 691 1310 731 spem
1327 684 1518 717 nostram

58 745 101 786 in
123 750 266 785 vestro
288 751 518 789 conventu,
542 746 788 800 vestrisque
812 745 998 786 decretis
1026 747 1212 801 positam
1234 762 1338 788 esse.
1401 748 1519 789 Olim

59 816 195 858 Josue
218 831 314 857 cum
353 822 571 871 pugnaret
605 816 814 858 adversus
848 818 1096 867 Philisteos,
1130 820 1211 860 etsi
1244 821 1350 861 satis
1376 836 1453 876 per
1474 837 1520 862 se

59 905 147 932 rem
173 891 368 946 juvaret,
403 897 561 938 tamen,
595 890 675 930 nisi
712 891 862 932 Aaron
899 899 941 933 ct
972 893 1147 948 Moyses
1179 895 1218 934 ei
1250 895 1520 937 orationibus

59 970 199 1005 essent
233 962 477 1018 suffragati,
513 962 592 1002 nisi
627 977 781 1003 manus
815 963 868 1004 ad
892 963 1041 1005 Coelos
1070 966 1341 1016 extulissent,
1365 974 1409 1008 et
1438 968 1520 1008 nisi

59 1051 190 1092 super
227 1043 350 1091 petra
388 1035 741 1083 conscendissent,
776 1037 1008 1078 infeliciter
1041 1039 1151 1080 sorte
1188 1055 1278 1080 rein
1315 1041 1517 1096 egissent.

58 1109 154 1151 Rex
176 1117 332 1158 noster,
369 1125 465 1150 cum
503 1124 581 1165 per
614 1116 788 1150 astatem
826 1111 1097 1166 impuberem
1134 1114 1277 1154 omnia
1311 1121 1520 1169 praestare

57 1190 263 1237 nequeat,
287 1182 459 1238 indiget
476 1182 677 1222 manibus
700 1183 852 1223 vestris
873 1185 1137 1234 sustentari3
1175 1185 1450 1241 decretisque
1473 1203 1521 1228 ac

58 1256 356 1299 sanctionibus
390 1255 600 1311 adjuvari,
642 1255 746 1295 duin
786 1271 859 1296 vos
896 1271 1028 1310 super
1059 1263 1228 1312 petram
1269 1260 1519 1307 ascendatis,

58 1327 212 1382 hicque
234 1342 300 1368 res
323 1334 489 1367 vestras
510 1328 799 1368 constituatis.
864 1327 1039 1368 Pridem
1064 1343 1141 1368 nos
1171 1329 1406 1383 petitiones
1426 1346 1519 1371 nos-

59 1407 148 1442 tras
187 1400 446 1448 obtulimus,
489 1414 599 1455 quas
646 1400 745 1440 Ill¹¹li
784 1399 946 1455 Legati
998 1401 1178 1455 polliciti
1229 1410 1331 1443 sunt
1380 1404 1521 1459 primo

60 1489 233 1530 quoque
273 1480 470 1529 tempore
508 1473 631 1513 vobis
668 1471 933 1513 definiendas
958 1488 1224 1529 proponere;
1259 1476 1376 1531 quod
1411 1477 1445 1517 si
1476 1478 1518 1518 in

59 1546 126 1588 his
158 1548 298 1589 levius
335 1546 580 1587 videbimur
616 1546 789 1593 versati,
820 1553 864 1586 et
903 1546 1053 1601 aliqua
1085 1549 1286 1603 graviora
1316 1551 1519 1597 omisisse,

59 1619 256 1668 dicimus,
280 1635 332 1661 ea
366 1634 442 1660 nos
472 1619 567 1660 loco
599 1633 678 1659 suo
712 1619 994 1673 proponenda
1016 1634 1274 1669 reservasse,
1299 1629 1348 1663 ut
1370 1637 1395 1662 a
1414 1622 1518 1663 levi-

60 1694 220 1742 oribus,
262 1701 306 1736 et
347 1709 447 1749 quae
483 1693 653 1734 facilius
690 1693 825 1747 recipi
864 1693 1028 1748 possint
1060 1693 1360 1749 inciperemus¹
1425 1696 1518 1751 Ag-

61 1769 276 1809 noscimus
296 1768 425 1816 enim,
448 1782 526 1809 nos
548 1767 590 1807 in
622 1767 774 1822 primis
797 1768 1051 1808 executione
1074 1767 1284 1823 indigere,
1307 1784 1404 1809 cum
1426 1769 1519 1809 irri-

60 1839 192 1881 deant
207 1855 284 1881 nos
298 1840 525 1887 Haeretici,
541 1839 658 1895 quod
675 1840 741 1880 hie
761 1841 922 1881 frustra
943 1841 1202 1887 laboremus
1218 1841 1392 1896 quando
1409 1841 1517 1882 nihil

61 1913 330 1955 observetur.
395 1914 441 1954 Si
463 1913 609 1954 dicent
639 1913 791 1968 aliqui,
823 1914 908 1954 imo
940 1928 1030 1954 esse
1061 1913 1153 1954 haec
1183 1914 1398 1969 graviora,
1423 1929 1518 1955 eon-

51 1985 247 2047 'siderent
268 1986 313 2026 in
335 2001 380 2027 re
413 2000 576 2042 magna
608 1985 799 2033 modum,
833 1992 883 2025 ut
916 1986 977 2026 ait
1006 1985 1169 2032 Cicero,
1204 1984 1404 2026 adhiberi
1433 2001 1518 2026 non

61 2074 206 2116 posse;
241 2066 285 2101 et
322 2065 519 2115 praestat,
553 2058 742 2099 calidum
779 2066 854 2100 aut
880 2058 1091 2114 frigidum
1121 2074 1223 2100 esse.
1287 2059 1332 2099 Si
1360 2059 1517 2107 dicent,

62 2146 136 2173 nos
158 2133 198 2173 in
227 2132 451 2187 aliquibus
484 2132 719 2172 consentire
753 2146 847 2171 cum
884 2130 1158 2179 adversariis,
1193 2131 1517 2186 respondemus,

63 2220 138 2247 nos
159 2214 391 2262 expectare
407 2205 623 2262 judicium
649 2212 857 2252 vestrum,
882 2211 933 2245 ut
949 2207 963 2226 ²
984 2205 1140 2245 nostris
1156 2209 1246 2260 jain
1270 2204 1519 2247 satisfacere

63 2281 291 2335 possimus,
315 2279 390 2321 sed
423 2280 466 2320 in
497 2279 660 2336 primis,
685 2286 734 2319 ut
757 2278 931 2320 decreta
959 2278 1205 2319 executioni
1236 2277 1518 2319 mandentur:

63 2367 161 2395 nam
183 2353 480 2409 recipiendum
505 2369 530 2394 a
554 2352 878 2393 Constantiensi
903 2351 1096 2391 Concilio
1119 2350 1225 2406 quid
1252 2351 1376 2390 nobis
1407 2350 1519 2392 illud

63 2427 241 2482 profuit,
265 2434 320 2475 et,
356 2442 409 2467 ne
442 2426 658 2467 offendam
692 2432 862 2466 teneras
895 2425 1137 2479 aliquorum
1170 2438 1296 2463 aures
1319 2423 1360 2463 in
1383 2423 1520 2465 altero

63 2500 334 2548 nominando,
365 2499 482 2555 quod
517 2507 753 2556 sequutum
793 2504 872 2545 est,
911 2497 1109 2537 videmus
1139 2496 1273 2551 quid3
1298 2495 1455 2538 deinde
1477 2504 1520 2538 et

65 2572 352 2620 Ferrariensw,
395 2573 715 2620 Florentinum,
769 2572 1078 2617 Lateranense,
1122 2568 1519 2626 Tridentinumque

66 2647 304 2701 profuerit?
366 2647 515 2687 Causa
548 2646 685 2701 igitur
718 2644 809 2685 hacc
846 2643 1057 2684 auxilium
1091 2648 1284 2682 vestrum
1314 2657 1517 2697 praesens,

66 2717 230 2774 diuque
271 2726 486 2776 optatum,
528 2719 746 2774 implorat,
785 2732 941 2772 resque
979 2717 1073 2770 ipsa
1109 2715 1276 2769 absque
1309 2716 1395 2756 alia
1426 2731 1516 2758 ora-

67 2792 182 2834 tione
204 2808 301 2834 mea
322 2793 426 2833 satis
450 2792 567 2847 apud
594 2808 668 2832 vos
691 2791 889 2846 loquitur
913 2796 956 2830 et
979 2789 1150 2829 clamat.

153 2880 160 2899 ¹
188 2883 443 2919 lmmemorabor,
458 2882 526 2912 MS.
779 2880 791 2896 ²
816 2881 866 2913 ΓΛ,
884 2879 952 2908 MS.
1204 2878 1217 2895 ³
1240 2878 1345 2917 Quod,
1363 2878 1433 2911 MS.
