1905 3254
666 273 777 303 SESS.
803 272 878 305 vn.
1429 258 1505 300 371

42 375 164 416 nulla
192 389 369 430 prorsus
408 377 575 418 ratione
615 378 724 432 pati,
768 385 819 419 ut
850 377 1037 427 dicatur,
1072 378 1198 434 Papa
1232 386 1374 421 rector
1404 381 1498 421 uni-

42 448 221 490 versalis
242 448 464 498 Ecclesiae,
498 450 690 506 alioquin
725 458 901 507 paratos
934 467 1026 493 csse
1057 453 1303 508 protestari,
1335 468 1432 494 cum
1454 468 1498 494 se

40 522 292 563 nominatim
321 523 577 564 mandatum
604 539 688 565 non
719 524 860 565 solum
893 540 918 566 a
948 525 1085 581 Rege,
1118 526 1193 567 sed
1214 528 1347 567 etiam
1370 542 1394 567 a
1419 527 1499 567 120

40 594 241 635 Praelatis
274 595 457 636 Gallicis
487 596 651 637 habere
673 596 832 645 dicant,
858 612 912 638 ne
934 599 1081 639 verbis
1111 598 1372 654 hujusmodi,
1395 614 1496 654 quae

38 674 226 724 receptae
249 668 292 708 in
315 669 474 709 Galliis
499 669 691 724 opinioni
712 676 756 710 et
777 669 936 711 scholae
960 670 1207 711 Sorbonicae
1229 671 1282 712 de
1304 671 1496 712 authori-

38 749 127 784 tate
161 742 344 784 Concilii
379 758 515 799 supra
545 743 713 798 Papam
749 744 1040 799 refragantur,
1066 745 1286 786 ullatenus
1319 745 1496 786 assenti-

39 823 192 867 antur;
225 832 270 859 se
293 824 437 860 autem
468 833 693 874 nunquam
725 818 996 859 existimasse
1028 819 1116 859 illis
1153 818 1260 860 adeo
1291 819 1498 874 explicite

37 888 116 930 hoc
148 889 414 932 authoritate
437 890 581 947 Regia
612 891 854 947 injunctum
887 892 1046 933 fuisse:
1081 893 1140 933 ait
1171 900 1402 948 praeterea,
1432 908 1495 934 re-

37 976 239 1018 pugnare
260 977 331 1004 eos
354 978 543 1018 quoquc,
567 978 620 1004 ne
652 962 835 1010 dicatur,
858 963 1103 1018 Episcopos
1125 971 1299 1005 vocatos
1327 978 1351 1005 a
1373 965 1499 1020 Papa

36 1034 80 1074 in
114 1042 287 1091 partem
328 1034 630 1083 solicitudinis,
670 1035 752 1075 nisi
793 1050 860 1076 res
900 1036 1026 1091 prius
1067 1052 1092 1077 a
1132 1036 1374 1092 Theologis
1409 1037 1494 1078 dis-

35 1113 244 1162 putetur3
266 1106 347 1147 hac
363 1113 508 1147 tamen
530 1106 583 1148 de
606 1122 651 1148 re
673 1122 744 1148 eos
767 1106 822 1147 ad
843 1109 1202 1162 protestationem
1223 1124 1308 1149 non
1325 1109 1496 1151 descen-

35 1195 169 1227 suros,
193 1180 270 1220 sed
291 1180 632 1236 disputationem
653 1181 956 1222 tantummodo
978 1190 1129 1237 aperte
1147 1184 1379 1238 petituros

94 1253 207 1294 Haec
229 1254 307 1294 ubi
330 1253 384 1294 ad
398 1255 581 1295 Patrum
602 1253 857 1301 multorum,
874 1261 918 1294 et
935 1255 1153 1310 praecipue
1167 1255 1494 1304 Lusitanorum,

37 1342 162 1369 aures
183 1327 489 1382 praeferantur,
511 1327 588 1382 qui
610 1341 653 1367 se
676 1326 913 1368 Pontificiae
936 1326 1215 1368 authoritatis
1237 1327 1495 1369 studiosissi-

35 1415 126 1441 mos
161 1400 206 1440 in
243 1400 415 1456 Synodo
456 1414 626 1455 semper
660 1399 951 1447 ostenderant,
991 1400 1127 1456 elegit
1163 1401 1311 1441 statim
1347 1416 1497 1442 corum

37 1472 197 1514 Orator
212 1472 333 1521 duos,
353 1487 463 1529 quos
484 1487 629 1513 seeum
646 1472 787 1527 Regio
808 1473 982 1513 nomine
1000 1472 1257 1522 deduxerat,
1276 1488 1496 1515 sacrarum

35 1546 289 1588 Literarum
321 1562 369 1587 ac
403 1547 527 1588 Juris
560 1546 779 1587 Pontifieii
812 1545 1003 1586 doctrina
1039 1546 1233 1603 insignes
1264 1548 1391 1595 viros,
1416 1547 1495 1587 Di-

35 1618 190 1659 dacum
224 1618 277 1659 de
309 1619 474 1674 Payva,
497 1625 540 1659 et
573 1618 806 1659 Doctorem
832 1618 1100 1666 Cornelium,
1124 1620 1199 1673 qui
1227 1634 1368 1660 coram
1387 1619 1495 1660 Ora-

35 1698 126 1733 tore
151 1692 297 1740 Gallo,
320 1691 532 1742 Lansaco,
554 1706 650 1732 eum
674 1706 826 1731 eorum
850 1692 1089 1748 Theologis
1113 1693 1296 1733 Gallicis
1318 1708 1494 1750 congre-

35 1763 226 1813 diantur,
251 1780 313 1813 ac,
339 1765 568 1805 Summum
598 1765 849 1805 Pontificem
884 1771 1091 1805 rectorem
1126 1765 1388 1806 universalis
1410 1766 1493 1807 Ec-

34 1837 173 1879 clesiae
211 1843 311 1893 jure
354 1838 680 1894 appellandum,
724 1838 986 1893 disputando
1027 1845 1250 1880 tueantur.
1317 1839 1371 1880 Id
1411 1840 1495 1895 ipsi

35 1911 214 1968 egregie
256 1912 477 1968 aggressi3
525 1926 623 1952 cum
665 1911 904 1951 multorum
953 1910 1108 1951 deinde
1160 1911 1344 1952 aliorum
1398 1927 1493 1953 con-

36 1988 175 2025 cursu¹
210 1984 335 2033 facto,
374 1985 650 2040 accensisque
688 1985 893 2039 utrinque
931 1985 1208 2025 contentione
1243 1984 1412 2034 studiis,
1450 1987 1494 2027 in

35 2072 164 2098 vanos
198 2058 406 2099 clamores
438 2058 574 2099 exiret
605 2057 860 2113 disputatio,
883 2058 1027 2098 soluto
1055 2057 1318 2113 Congressu‚
1340 2059 1491 2101 eadem

34 2138 186 2187 postea
221 2132 358 2172 literis
391 2131 664 2178 mandarunt,
690 2146 790 2185 quae
824 2131 1027 2171 omnibus
1060 2130 1270 2171 Patribus
1294 2131 1492 2174 innotue-

34 2211 149 2246 runt.

326 2295 443 2342 Haec
469 2303 579 2341 sunt
607 2295 849 2358 praecipua
874 2294 1201 2340 fundamenta.

91 2407 255 2464 Legati
287 2414 448 2455 autem,
473 2423 569 2449 cum
603 2407 695 2448 haec
729 2406 924 2463 quotidie
952 2407 1242 2447 increbescere
1264 2408 1493 2463 magisque

34 2479 245 2535 implicari
275 2479 645 2528 animadvertunt,
669 2486 893 2520 accersunt
918 2476 1213 2519 Patriarcham
1238 2477 1492 2534 Hierosoly-

36 2551 259 2601 mitanum,
292 2552 620 2600 Rossanensem,
657 2553 686 2594 J
693 2552 948 2599 adrensem,²
979 2550 1286 2606 Regillensem,
1310 2550 1492 2592 Lancia-

34 2638 221 2673 nensem‚
266 2625 577 2672 Mutinensem,
620 2625 1062 2679 Albingaunensem,³
1106 2622 1490 2677 Senogalliensem,

334 2740 339 2758 ¹
369 2742 539 2779 Conversu,
558 2741 626 2772 MS.
966 2738 978 2755 ²
1001 2738 1101 2775 Jaren,
1120 2737 1189 2767 MS.

210 2791 222 2808 ³
244 2795 391 2834 Albin-bn,
407 2800 438 2825 at
453 2795 503 2825 the
519 2795 576 2825 end
595 2795 629 2826 us
642 2794 691 2825 the
710 2794 790 2831 line3
813 2794 863 2823 the
880 2792 997 2831 ending
1014 2790 1164 2831 probably
1181 2790 1322 2821 omitted.

1141 2850 1264 2889 2132
