1905 3254
333 304 417 344 600
935 325 1047 356 sEss.
1075 327 1170 356 vin.

338 429 477 469 rerius
509 429 709 484 Portug.,
732 430 772 470 2⁵
793 429 988 471 Didacus
1018 431 1071 472 de
1103 432 1252 488 Payva
1278 432 1475 488 Portugss,
1494 433 1533 473 3S
1556 433 1727 483 Gallus,
1750 436 1797 490 <l3

337 500 623 541 Fontidonius
657 500 901 557 Hispanus,
935 504 974 543 5⁵
1007 503 1178 544 Gallus.
1242 503 1558 545 Consistebant¹
1593 506 1639 546 hi
1671 521 1693 546 e
1726 522 1789 547 re-

338 575 478 630 gione,
510 575 554 616 in
586 576 729 616 medio
752 576 946 617 Coronae.
1010 577 1182 632 Incepit
1213 576 1344 617 CardS
1364 577 1652 618 Varmiensis:
1687 579 1789 620 Om-

336 662 413 688 nes
435 662 485 688 eo
507 648 798 689 convocandos
825 664 929 697 esse,
953 664 1038 690 non
1065 650 1368 690 ostentationis
1393 656 1471 690 aut
1492 650 1788 699 contentionis,

337 719 415 759 sed
435 719 632 760 veritatis
653 726 826 761 tantum
850 721 1141 776 assequendae,
1165 736 1305 762 causa.
1370 721 1515 762 Multa
1531 723 1622 778 jam
1643 721 1687 761 in
1708 721 1789 762 hac

336 792 518 833 materia
541 808 565 832 a
586 793 748 833 Pribus
777 793 938 834 tradita
971 809 1075 843 esse,
1110 794 1185 835 sed
1217 809 1312 849 quae
1342 793 1484 835 adhuc
1517 809 1603 834 non
1644 808 1790 835 omnes

337 866 562 920 scrupulos
591 865 815 906 adimant:
852 867 897 905 in
929 881 974 906 re
1007 867 1120 907 tanti
1154 867 1361 907 momenti
1392 867 1626 922 diligenter
1647 867 1792 908 omnia

335 938 674 993 perpendenda:
707 939 902 994 Legatos
936 940 1066 994 ipsos.
1090 941 1171 980 etsi
1193 940 1376 980 Patrum
1405 939 1659 980 authoritati
1682 939 1790 980 mul-

334 1017 429 1051 tum
447 1010 656 1057 deferant,
678 1025 762 1051 non
785 1017 931 1052 tamen
954 1018 1003 1052 ut
1034 1018 1209 1052 truncos
1231 1025 1336 1059 esse,
1361 1011 1436 1065 qui
1458 1011 1604 1051 statim
1626 1011 1671 1051 in
1694 1026 1787 1052 eam
1843 1054 1853 1068 ,

334 1090 504 1138 partem
533 1098 664 1139 quam
698 1084 774 1124 alii
809 1084 1095 1139 probaverint
1126 1083 1315 1124 debeant
1351 1083 1595 1132 concedere,
1632 1084 1716 1124 nisi
1748 1091 1792 1125 et

334 1157 444 1197 ratio
486 1172 557 1197 eos
599 1157 792 1198 suadeat.
856 1157 1003 1213 Igitur
1043 1163 1242 1213 oportere
1282 1157 1525 1197 rationibus
1568 1156 1791 1212 aliquibus

334 1230 573 1279 ostendere,
610 1231 894 1286 quamobrem
930 1230 1129 1271 Ecclesia
1172 1229 1330 1270 debeat
1370 1229 1463 1270 haec
1500 1230 1791 1272 matrimonia²

331 1303 517 1349 irritare,
541 1318 651 1347 611111,
677 1303 771 1343 61115
793 1302 977 1349 casibus,
1007 1302 1085 1342 ubi
1120 1317 1170 1342 ea
1203 1303 1375 1342 irritata
1406 1302 1584 1342 fuerunt
1616 1316 1788 1357 semper

332 1376 495 1416 factum
518 1374 700 1430 aliquod
722 1374 951 1429 praecedat.
1016 1374 1127 1414 Haec
1148 1374 1286 1430 igitur
1304 1374 1359 1413 ab
1382 1374 1443 1414 eis
1464 1375 1611 1429 quiete
1630 1382 1672 1415 et
1693 1389 1789 1415 cum

333 1448 544 1489 charitate
582 1446 753 1504 agenda
783 1462 887 1488 esse.
950 1447 1074 1487 Inter
1108 1445 1356 1502 Theologos
1388 1446 1474 1487 fuit
1515 1462 1566 1487 66
1597 1447 1788 1503 primum

333 1520 604 1575 disceptatio,
638 1535 737 1574 quae
771 1519 917 1560 classis
950 1519 1186 1559 sustineret
1219 1526 1364 1573 partes
1401 1520 1554 1559 actoris
1595 1519 1666 1560 vel
1703 1520 1789 1569 rei3

332 1593 518 1648 quisque
553 1593 665 1632 enim
705 1591 985 1632 defensurum
1021 1606 1195 1631 causam
1222 1606 1345 1631 suam
1377 1592 1681 1646 profitebatur,
1705 1606 1789 1632 non

333 1665 459 1704 aliam
483 1678 810 1719 aggressurum.
873 1663 960 1712 Qui
987 1663 1165 1703 stabant
1199 1669 1348 1703 contra
1380 1663 1671 1710 matrimonia,
1706 1664 1790 1703 aie—

330 1739 449 1785 bant,
472 1739 679 1793 majorem
702 1744 872 1792 partem
895 1737 1076 1777 Patrum
1102 1737 1163 1777 ita
1184 1737 1382 1785 sensisse,
1406 1744 1450 1777 et
1472 1737 1573 1776 olim
1601 1735 1789 1777 Theolo-

332 1826 409 1867 gos
430 1811 639 1860 1ninores3
673 1810 860 1865 ideoque
886 1810 1077 1850 dicerent
1105 1810 1314 1850 minorem
1341 1825 1456 1850 nunc
1489 1816 1661 1864 partem
1692 1823 1789 1864 pro-

331 1884 599 1935 1’61·611(16111;3
632 1883 687 1924 ad
708 1899 778 1924 eos
810 1882 1026 1939 probandi
1053 1897 1160 1923 onus
1188 1889 1407 1937 spectare;
1442 1896 1539 1922 cum
1572 1881 1639 1921 illi
1665 1881 1792 1921 dubi-

332 1964 439 2006 tent,
462 1957 523 2007 hi,
543 1958 699 2013 majori
720 1958 837 2012 parti
857 1956 1084 2003 haerentes,
1108 1955 1216 1995 nihil
1243 1955 1459 1995 dubitent.
1522 1953 1592 1994 Illi
1614 1968 1790 2009 respon-

332 2029 508 2077 debant,
532 2029 669 2070 Ecclm
691 2043 782 2070 esse
805 2028 849 2068 in
876 2028 956 2068 1166
990 2027 1294 2082 antiquissima
1324 2025 1591 2081 possessione
1625 2040 1676 2066 ea
1706 2039 1790 2065 non

330 2100 555 2141 irritandi:
588 2099 684 2141 ideo
717 2101 793 2155 qui
828 2100 934 2140 velit
966 2115 1018 2140 ea
1054 2100 1242 2147 irritare,
1277 2098 1405 2138 illum
1437 2097 1622 2153 probare
1644 2096 1789 2137 debet.

331 2173 397 2214 Hi
418 2173 703 2228 replicabant,
725 2173 825 2220 imo,
848 2172 1091 2212 Ecclesiam
1108 2172 1152 2211 in
1166 2171 1318 2211 multis
1332 2171 1502 2211 casibus
1519 2169 1792 2210 matrimonia

330 2245 569 2290 damnasse,
586 2252 630 2285 et
644 2245 849 2285 irritasse.
883 2244 998 2291 Ideo,
1009 2246 1101 2300 jam
1117 2258 1209 2284 6556
1224 2245 1267 2283 111
1284 2244 1549 2298 possessione
1566 2241 1793 2283 statuendi

330 2334 464 2375 super
480 2318 770 2366 matrimonio,
787 2325 829 2358 et
843 2317 967 2363 illud,
985 2317 1163 2357 arbitrio
1178 2331 1271 2364 suo,
1288 2316 1536 2356 damnandi.
1591 2315 1790 2356 Tandem

332 2393 579 2434 Cardinalis
611 2393 821 2434 Moronus
853 2390 1075 2431 mandavit
1116 2389 1182 2430 illi
1223 2389 1359 2436 classi,
1404 2404 1504 2444 quae
1541 2389 1790 2429 infirmabat

330 2466 617 2513 matrimonia,
659 2473 708 2506 ut
748 2465 831 2520 ipsi
866 2465 1116 2519 inciperent,
1157 2477 1203 2503 ac
1238 2463 1426 2503 rationes
1460 2462 1676 2517 opinionis
1697 2476 1788 2502 suae

329 2540 587 2594 proferrent.
649 2539 768 2579 Hinc
789 2544 976 2592 sequuta
998 2546 1063 2576 est
1085 2536 1128 2581 ⁶2,
1157 2535 1416 2589 disceptatio
1449 2549 1581 2589 quam
1611 2534 1657 2574 hi
1678 2533 1788 2574 dice-

329 2613 438 2652 bant
461 2611 676 2668 agendam
699 2625 790 2651 esse
813 2616 995 2656 tantum,
1030 2610 1102 2649 An
1124 2597 1477 2662 1366165161105511
1495 2607 1682 2654 irritare,
1704 2619 1788 2646 non

372 2747 380 2764 ²
407 2747 662 2782 Considerabam,
680 2747 754 2776 MS.
798 2746 866 2776 The
888 2745 1097 2786 punctuation
1113 2743 1193 2782 here,
1209 2754 1241 2773 as
1257 2741 1435 2779 elsewhere,
1451 2742 1466 2771 I
1483 2740 1561 2771 have
1576 2740 1705 2770 altered.

370 2804 382 2821 ²
406 2806 481 2835 This
498 2815 593 2836 seems
610 2811 640 2835 to
659 2806 694 2835 be
711 2804 858 2834 intended
875 2804 916 2843 by
933 2803 983 2834 the
1000 2802 1202 2838 contractiou,
1222 2800 1325 2831 which
1341 2800 1366 2831 is
1381 2805 1434 2831 not
1450 2810 1521 2838 very
1539 2799 1637 2840 plain.

397 2859 649 2894 ²1³raest=rendam
670 2865 741 2894 MS.

1889 459 1905 844 Ξ
