1905 3254
361 331 443 371 348
988 341 1097 371 sess.
1124 341 1200 370 vn.

361 452 528 493 ratione
550 449 647 490 illos
668 448 972 495 convincimus,
993 461 1076 487 non
1099 447 1194 487 alia,
1259 446 1376 487 Nam
1399 451 1442 486 et
1464 446 1548 502 ipsi
1570 444 1816 493 ostendunt,

361 538 406 562 se
441 522 572 562 fuisse
607 528 794 568 vocatos,
830 520 999 568 electos,
1033 525 1310 563 consecratos,
1347 519 1520 566 missos3
1552 518 1692 573 igitur
1713 517 1748 557 si
1774 517 1816 556 in

365 594 543 634 Canone
566 593 735 633 dicatur
756 598 926 633 tantum
953 606 977 631 a
1000 590 1177 631 Christo
1199 591 1435 638 institutos,
1468 589 1566 629 hinc
1596 588 1818 636 inferrent,

363 667 618 708 electionem
671 665 764 706 fieri
814 671 1023 720 tanquam
1073 679 1127 704 ex
1176 663 1293 704 nudo
1343 663 1655 710 Instrumento,
1705 660 1821 717 quod

364 737 534 793 aequale
555 737 610 778 sit
631 738 674 777 in
696 737 912 782 omnibus,
935 743 1023 777 tam
1041 734 1178 790 Regis
1201 749 1329 790 quam
1352 735 1500 789 Papae.
1564 734 1619 773 3⁰.
1644 733 1763 788 quia,
1786 733 1822 773 si

364 810 627 851 Jurisdictio
650 816 741 850 tota
762 816 874 850 esset
896 824 921 849 a
952 808 1062 855 Deo,
1099 822 1182 848 non
1219 814 1366 861 posset
1397 807 1515 846 illam
1548 806 1716 852 tollere,
1746 820 1823 846 nec

363 884 597 925 transferre
621 884 664 923 in
688 884 837 930 alium,
860 884 970 922 sicut
990 896 1073 921 non
1092 887 1237 936 potest
1259 880 1490 936 prohibere
1508 887 1822 926 consecratum,

363 971 416 996 ne
439 956 621 1002 ordinet,
655 962 731 995 aut
762 955 956 995 conficiat
977 954 1315 994 Eucharistiam.
1367 953 1477 1002 Quae
1500 954 1714 993 sententia
1733 967 1822 993 om-

364 1029 497 1069 nibus
518 1028 691 1083 placere
712 1028 903 1067 maxime
927 1028 1021 1067 visa
1042 1026 1136 1066 suit.

422 1101 710 1141 Vei-cellensis
730 1125 787 1130 ——
808 1115 892 1140 non
927 1107 1044 1140 recte
1084 1098 1168 1139 dici
1207 1099 1454 1154 Episcopos
1493 1099 1742 1139 successisse
1782 1099 1826 1139 in

364 1174 519 1218 locum,
551 1173 627 1212 sed
648 1171 873 1213 succedere
894 1172 999 1219 loco,
1024 1170 1352 1226 Apostolorum.

433 1245 751 1301 Lotharingius,
781 1244 868 1299 qui,
902 1243 1103 1284 inchoata
1122 1243 1203 1284 hac
1226 1242 1539 1297 disputatione,
1564 1243 1826 1284 Tridentum

369 1319 620 1365 advenerat,
652 1333 729 1358 nec
754 1317 894 1357 adhuc
917 1317 1176 1357 sententiam
1201 1331 1323 1356 suam
1345 1315 1530 1365 dixerat,
1564 1317 1622 1357 sic
1649 1317 1824 1372 incepit.

368 1392 494 1432 Nihil
527 1390 691 1431 anobis
726 1390 875 1444 aptius
909 1388 964 1429 ad
998 1404 1089 1429 rem
1114 1388 1408 1429 Christianam
1441 1390 1626 1444 proponi
1663 1390 1823 1445 potuit,

370 1480 499 1520 quam
531 1471 582 1504 ut
611 1463 664 1504 de
698 1464 976 1503 Sacramento
1005 1461 1182 1502 Ordinis
1215 1468 1434 1516 ageretur.
1497 1462 1681 1503 Frustra
1712 1463 1827 1503 enim

368 1536 670 1577 laboraremus
690 1536 734 1576 in
755 1534 984 1575 condendis
1006 1534 1190 1574 decretis
1212 1533 1265 1574 de
1286 1534 1418 1573 rebus
1439 1533 1580 1581 sacris,
1618 1534 1699 1574 nisi
1729 1549 1826 1575 con-

371 1616 505 1650 staret
530 1610 628 1664 quis
660 1610 714 1649 sit
737 1623 868 1649 verus
901 1608 1097 1647 minister
1134 1608 1536 1657 Sacramentorum3
1570 1608 1829 1649 cavendum-

371 1696 457 1736 que
489 1681 702 1736 imprimis
733 1681 803 1728 sit,
836 1695 889 1720 ne
911 1680 983 1720 fur
1016 1686 1060 1719 et
1090 1679 1202 1719 latro
1223 1679 1266 1718 in
1287 1679 1401 1719 ovile
1425 1679 1590 1721 Christi
1612 1681 1829 1730 ascendat,

371 1753 487 1794 unde
508 1753 635 1794 hodie
656 1759 720 1793 tot
741 1752 918 1793 dissidia
940 1767 986 1792 ac
1019 1751 1430 1806 perturbabationes
1456 1752 1499 1792 in
1521 1752 1608 1793 Dei
1629 1754 1828 1795 Ecclesia

371 1827 708 1882 conspiciuntur.
773 1825 1010 1881 Optassem
1031 1831 1192 1872 autem,
1216 1831 1265 1865 ut
1292 1823 1398 1864 dum
1420 1824 1473 1865 de
1495 1825 1645 1866 ordine
1669 1827 1831 1882 agitur,

371 1897 481 1938 nihil
513 1897 811 1938 inordinatum
847 1897 890 1937 in
920 1911 969 1937 eo
1005 1897 1289 1944 inveniretur,
1325 1904 1368 1937 et
1407 1911 1554 1937 omnes
1591 1897 1834 1939 functiones

375 1977 573 2012 accurate
602 1971 647 2010 in
669 1986 718 2011 eo
741 1976 1060 2011 exercerentur.
1125 1968 1255 2019 Quod
1278 1969 1333 2009 ad
1355 1970 1549 2024 primum
1581 1977 1715 2026 caput
1747 1986 1831 2011 non

377 2044 521 2099 placet
541 2042 599 2091 id,
621 2042 709 2082 Dei
730 2042 969 2089 voluntate,
993 2041 1068 2082 sed
1090 2043 1236 2097 potius
1258 2042 1463 2083 oratione.
1527 2042 1642 2083 Mihi
1673 2043 1834 2084 deinde

374 2130 458 2155 non
479 2115 631 2169 liquet,
656 2112 913 2154 Sacerdotes
935 2128 1106 2168 semper
1124 2118 1299 2168 junctos
1320 2114 1452 2154 fuisse
1475 2114 1679 2155 sacrificio
1692 2131 1704 2165 3
1735 2115 1834 2156 ideo

375 2187 607 2228 dicendum
630 2187 673 2227 in
697 2186 813 2227 omni
844 2186 945 2241 lege
980 2201 1152 2241 semper
1175 2193 1218 2226 et
1248 2185 1490 2226 sacerdotes
1512 2193 1556 2228 et
1578 2187 1836 2228 sacrificium

376 2262 584 2302 extitisse.
626 2261 727 2300 Non
750 2259 897 2314 placet
918 2259 1049 2299 etiam
1071 2258 1115 2298 id
1132 2274 1171 2299 v.
1193 2260 1437 2305 Servatore,
1461 2274 1544 2299 non
1567 2259 1680 2300 enim
1701 2260 1836 2302 habet

376 2335 555 2376 eandem
580 2334 666 2374 vim
697 2349 745 2374 ac
767 2333 984 2374 Salvator.
1047 2330 1219 2372 Deinde
1241 2331 1439 2372 Ecclesia
1460 2338 1536 2379 est,
1566 2338 1618 2373 ut
1638 2339 1837 2374 matrona

377 2408 551 2464 pudica,
585 2414 628 2449 et
649 2407 895 2448 affectiones
915 2405 1220 2446 meretricibus
1241 2404 1465 2459 relinquit.
1530 2405 1583 2446 In
1604 2406 1648 2446 3⁰
1668 2421 1759 2462 cap.
1783 2406 1839 2447 ad

379 2481 449 2528 ν.,1
471 2480 655 2521 materia
682 2486 726 2520 et
761 2479 912 2527 forma,
934 2493 1018 2518 non
1055 2478 1160 2533 quia
1186 2477 1278 2517 haec
1303 2477 1438 2517 verba
1471 2477 1739 2532 displiceant,
1762 2478 1838 2519 sed

379 2553 584 2607 quoniam
623 2559 776 2608 aperte
826 2551 1011 2592 materia
1044 2551 1087 2590 in
1127 2550 1205 2590 hoc
1249 2550 1526 2591 Sacramento
1565 2567 1650 2592 non
1690 2558 1839 2608 potest

380 2624 612 2679 designari.
676 2624 897 2679 Cuperem
918 2624 1010 2664 fieri
1030 2622 1288 2663 mentionem
1305 2622 1593 2676 impositionis
1614 2639 1836 2672 manuum,

382 2701 508 2751 cujus
530 2705 573 2738 et
593 2698 637 2737 in
651 2697 935 2738 Testamento
955 2696 1094 2736 veteri
1115 2702 1158 2736 et
1181 2694 1374 2734 crebrius
1394 2694 1438 2734 in
1460 2710 1570 2737 novo
1592 2696 1640 2736 fit
1662 2696 1836 2743 mentio,

382 2770 626 2825 vellemque
663 2770 747 2810 dici
784 2786 836 2810 ox
876 2769 1076 2824 legitima
1111 2767 1387 2815 successione,
1430 2768 1528 2817 viz„
1570 2776 1621 2810 ut
1663 2783 1835 2824 semper

1014 2856 1020 2872 ¹
1049 2856 1200 2885 Verbum.
