1905 3254
1479 254 1504 293 (Ξῖ

702 269 814 300 sEss.
840 269 897 301 vi.
1450 253 1475 292 ¹·2
1507 255 1533 292 5

412 391 622 438 Libellus
647 390 881 438 Caesareae
908 390 1190 455 Majestatis.

137 493 248 535 Ofes
278 494 363 549 ipsi
396 493 624 548 postulata
657 493 749 534 haec
781 493 969 534 Caesaris
999 493 1171 533 nomine
1199 492 1382 548 Legatis
1405 498 1533 533 antea

73 566 368 615 reddiderant,
399 581 602 622 nuncque
635 567 690 607 ab
724 567 775 606 iis
808 581 1081 621 summopere
1118 566 1451 612 contendebant,
1484 572 1534 606 ut

74 639 187 680 inter
218 639 309 680 haec
345 654 445 695 quae
477 638 531 680 de
560 639 868 680 reformatione
901 637 1073 695 agenda
1104 646 1259 685 essent,
1292 639 1460 694 aliquot
1479 653 1533 679 ex

74 712 307 768 postulatis
320 712 506 753 Caesaris
522 713 831 753 insererentur.
878 711 988 752 Haec
1004 727 1118 760 vcro,
1134 728 1232 753 cum
1251 713 1532 754 maturiorem

74 784 434 826 deliberationem
452 785 737 841 postularent,
753 785 840 826 duo
853 785 1028 826 interim
1048 800 1101 826 ex
1115 800 1165 826 co
1181 785 1369 826 Caesaris
1382 786 1533 827 libello

75 857 238 913 Legati
257 857 432 912 excerpi
449 857 609 912 jubent
631 872 733 913 quae
756 857 965 898 Patribus
997 866 1314 914 proponantur,
1338 873 1390 900 ne
1412 873 1533 914 pror-

74 944 146 971 sus
180 930 380 986 neglecta
413 930 532 971 illius
565 930 811 971 authoritas
843 930 981 972 videri
1012 932 1161 986 possit.
1224 932 1421 972 Primum
1450 931 1535 972 fuit

72 1003 185 1044 illud
205 1003 259 1044 de
281 1003 511 1059 disciplina
532 1010 576 1044 et
602 1003 724 1044 cultu
749 1003 1032 1051 Clericorum,
1066 1019 1199 1059 quam
1222 1003 1334 1045 inter
1354 1004 1447 1045 haec
1470 1019 1534 1045 re-

74 1075 382 1117 formationum
423 1076 568 1131 capita
599 1078 740 1132 primo
775 1077 867 1118 loco
901 1077 1177 1124 collocarunt,
1215 1083 1265 1117 ut
1302 1083 1536 1133 agnoscant

78 1148 190 1191 Ofes
229 1150 470 1207 majestatis
505 1165 595 1190 suae
632 1150 676 1190 in
717 1151 868 1206 primis
900 1151 1111 1192 rationem
1149 1150 1344 1192 habitam
1387 1151 1534 1192 fuisse.

77 1223 285 1264 Alterum
320 1223 417 1272 fuit,
452 1222 504 1264 dc
537 1223 768 1280 diligentia
802 1230 846 1264 et
878 1223 1028 1264 ordine
1062 1223 1308 1265 adhibendo
1343 1224 1386 1264 in
1428 1224 1536 1264 cclc-

76 1296 251 1337 brandis
273 1296 430 1337 divinis
451 1297 621 1337 officiis:
647 1296 763 1352 quod
787 1303 921 1352 caput
943 1297 1054 1338 inter
1077 1298 1242 1338 abusus
1264 1297 1406 1338 missa:
1428 1297 1535 1338 rela-

77 1375 170 1410 tum
194 1369 294 1418 fuit,
315 1368 369 1410 de
393 1369 556 1425 quibus
577 1369 710 1425 paulo
732 1376 831 1425 post
853 1369 1058 1411 dicemus.

108 1473 332 1524 Eduntur
387 1477 536 1539 igitur
585 1475 811 1522 Patribus
859 1475 1277 1523 Reformationum
1329 1474 1504 1540 Capita

401 1557 476 1603 N⁰.
518 1560 591 1613 14,
627 1573 735 1619 quae
771 1557 838 1602 ita
874 1574 921 1603 se
961 1556 1215 1603 habebant.

494 1654 534 1701 C
541 1671 717 1701 anones
744 1653 1126 1701 Reformationis.
1427 1687 1447 1706 ,

135 1764 307 1806 Eadem
352 1764 631 1804 Sacrosancta
674 1762 875 1818 Synodus
919 1761 1259 1802 Reformationis
1309 1763 1536 1818 negotium

79 1838 288 1894 prosequi
317 1837 547 1878 intendens
568 1838 613 1878 in
636 1837 843 1893 praesenti
866 1837 1052 1878 sessione
1074 1842 1207 1892 prout
1228 1837 1430 1892 sequitur
1451 1843 1536 1879 sta-

77 1911 290 1952 tuendum
311 1911 489 1951 censuit.

136 1985 186 2025 P⁵
222 1983 383 2024 Canon.
430 1982 556 2023 Nihil
587 1988 652 2023 est
688 1982 807 2038 quod
840 1983 946 2023 alios
979 1982 1121 2038 magis
1155 1981 1210 2022 ad
1242 1982 1452 2038 pietatem
1491 1998 1538 2024 ac

81 2057 168 2098 Dei
190 2056 355 2098 cultum
379 2055 550 2097 assiduo
571 2056 773 2104 instruat,
788 2070 922 2111 quam
940 2070 1089 2096 eorum
1105 2054 1198 2095 vita
1216 2061 1260 2096 et
1272 2055 1536 2111 exemplum,

81 2129 157 2185 qui
188 2144 232 2170 se
265 2129 413 2170 divino
445 2128 685 2170 ministerio
717 2127 987 2169 dedicarunt.
1053 2127 1166 2168 Cum
1200 2128 1314 2168 enim
1348 2142 1374 2168 a
1405 2129 1539 2180 rebus

81 2203 229 2244 saeculi
260 2204 304 2243 in
336 2203 530 2244 altiorem
564 2202 727 2243 sublati
759 2202 900 2243 locum
924 2201 1259 2257 conspiciantur,
1284 2201 1328 2242 in
1351 2216 1422 2243 cos
1444 2209 1538 2243 tan—

82 2290 214 2331 quam
247 2276 291 2316 in
322 2275 549 2332 speculum
581 2275 741 2331 reliqui
775 2275 923 2315 oculos
948 2275 1191 2330 conjiciant,
1214 2289 1268 2315 ex
1290 2273 1446 2330 hisque
1467 2291 1538 2316 su-

82 2353 204 2388 mant
224 2347 341 2402 quod
360 2348 617 2398 imitentur,
660 2353 934 2403 quapropter
966 2346 1025 2387 sic
1061 2345 1183 2386 decet
1204 2345 1378 2386 omnino
1402 2345 1539 2387 Cleri·

83 2435 153 2462 cos
175 2421 231 2462 ad
251 2421 432 2463 Domini
453 2437 614 2462 munus
635 2422 802 2469 electos,
827 2421 976 2469 vitam,
1000 2434 1229 2475 moresque
1261 2434 1360 2460 suos
1391 2434 1540 2461 omnes

83 2508 352 2550 componere,
393 2501 444 2536 ut
481 2494 652 2543 habitu,
695 2501 841 2550 gestu,
883 2494 1064 2541 incessu,
1101 2507 1311 2539 sermone,
1355 2493 1539 2549 aliisque

84 2568 282 2609 omnibus
322 2569 466 2615 rebus,
508 2568 570 2608 nil
609 2568 691 2608 nisi
735 2582 884 2623 grave,
929 2567 1217 2614 moderatum,
1271 2581 1318 2607 ac
1361 2567 1539 2608 numine

85 2639 276 2695 plenum,
304 2655 398 2696 prae
427 2656 471 2682 se
503 2641 659 2682 ferant.
721 2640 859 2681 Levia
882 2641 1016 2681 etiam
1039 2639 1209 2688 delicta,
1245 2654 1347 2695 quae
1370 2639 1414 2680 in
1435 2640 1541 2695 ipsis

84 2714 272 2755 maxima
312 2720 467 2762 essent,
510 2713 740 2769 effugiant,
783 2718 832 2754 ut
873 2727 1023 2754 corum
1069 2712 1254 2753 actiones
1291 2712 1456 2753 cunctis
1496 2718 1540 2754 et
