1905 3254
359 269 437 310 164
986 284 1098 313 SESS.
1127 284 1165 313 v,

355 391 541 432 suetudo
563 392 736 431 omnino
757 389 1015 444 excipienda
1032 406 1042 438 3
1075 403 1163 443 qua
1184 389 1403 429 occasione
1425 388 1640 444 optabant
1667 389 1806 437 multi,

356 472 407 506 ut
447 465 491 505 id
525 466 654 505 etiam
691 464 1069 511 determinaretur,
1103 477 1157 502 ne
1192 461 1479 517 Episcopales
1522 461 1805 502 Cancellariae

357 537 490 593 vulgo
511 537 632 578 dictae
660 538 943 592 imposterum
976 535 1174 576 mercede
1203 535 1472 585 locarentur3
1505 535 1580 575 sed
1601 536 1805 590 quoniam

354 625 439 650 non
473 610 616 650 fuerat
648 609 727 650 1100
760 609 880 650 initio
916 609 1203 664 propositum,
1240 615 1283 649 et
1315 608 1501 663 suspicio
1532 614 1637 654 erat,
1669 623 1723 648 ne
1758 622 1806 648 eo

354 683 575 738 prohibito
599 683 685 723 alia
704 683 835 738 longe
859 682 1071 738 graviora,
1104 688 1147 722 et
1168 681 1385 721 maturius
1407 679 1693 735 expendenda
1721 677 1805 719 huc

353 757 735 813 detorquerentur,
764 756 874 803 ideo,
907 756 986 797 hoc
1005 755 1312 811 praetermisso,
1335 754 1508 809 reliqua
1528 760 1660 809 prout
1678 752 1806 794 hodie

350 830 393 870 in
416 829 589 870 decreto
611 835 762 869 extant
782 835 957 884 recepta
978 828 1166 869 fuerunt.

411 904 463 944 In
498 903 633 943 altero
665 902 869 944 Decreto.
905 917 991 957 quo
1029 901 1081 941 de
1118 901 1296 941 Clericis
1332 899 1386 940 ad
1425 906 1590 940 certum
1623 899 1803 939 titulum

309 1003 321 1007 —
351 977 600 1017 ordinandis
621 977 783 1032 agitur,
807 991 965 1031 magna
987 975 1073 1015 fuit
1091 974 1351 1030 quandoque
1367 973 1641 1029 disceptatio.
1689 973 1804 1013 Nam

351 1049 554 1090 dicebant
596 1049 740 1091 multi.
781 1049 885 1089 satis
926 1063 1017 1088 esse
1061 1047 1280 1088 Clericum
1322 1046 1503 1087 honesto
1539 1047 1805 1087 Patrimonio

350 1123 568 1163 munitum
591 1138 695 1171 esse,
720 1122 837 1178 quod
868 1122 907 1162 ei
940 1121 1059 1162 tituli
1087 1121 1177 1162 loco
1210 1121 1468 1176 assignetur,
1501 1128 1632 1175 prout
1653 1121 1696 1160 in
1718 1120 1803 1160 Ec-

351 1196 479 1236 clesia
500 1211 605 1236 usus
625 1196 813 1250 recepit3
849 1195 955 1250 quia
988 1194 1187 1234 Clericali
1210 1194 1367 1234 militia
1397 1208 1468 1234 eos
1501 1208 1586 1233 non
1612 1193 1801 1248 repellit,

349 1269 513 1324 quibus
535 1268 709 1308 aliunde
742 1269 885 1308 vietus
916 1268 1094 1308 honeste
1125 1268 1338 1322 suppetit,
1373 1267 1475 1307 licet
1496 1273 1611 1307 certo
1637 1281 1722 1306 non
1749 1267 1804 1307 sit

347 1341 584 1382 sacerdotio
624 1341 885 1382 destinatus.
959 1341 1053 1382 Alii
1093 1341 1405 1397 repugnabant
1442 1342 1645 1389 maxime,
1685 1339 1803 1396 quod

347 1415 441 1456 haec
474 1415 735 1471 imaginaria
767 1414 968 1470 quaedam
1008 1414 1222 1455 ordinatio
1255 1422 1512 1463 censeretur,
1548 1429 1646 1470 quae
1681 1414 1803 1454 nullo

347 1489 523 1545 proprio
553 1489 693 1529 labori
727 1495 804 1528 aut
832 1491 946 1528 certa
973 1487 1193 1527 functione
1222 1487 1520 1537 contineatur3
1553 1487 1801 1544 idcircoque

348 1561 402 1601 ad
422 1575 604 1615 magnos
624 1560 721 1600 hinc
751 1561 795 1600 in
826 1560 962 1601 Εο03ΠΙ
978 1560 1140 1600 abusus
1173 1559 1339 1600 aditum
1371 1560 1579 1614 patuisse,
1617 1575 1714 1600 cum
1740 1558 1804 1600 ita

347 1633 533 1688 promoti
556 1632 730 1681 Clerici,
754 1640 962 1688 tanquam
985 1633 1137 1673 solutis
1158 1632 1274 1681 loris,
1293 1647 1418 1688 aeque
1439 1633 1613 1674 incertis
1642 1634 1801 1688 partim

345 1705 523 1746 sedibus
555 1713 787 1761 vagentur.
852 1706 973 1746 Inter
1004 1712 1180 1746 caeteros
1212 1706 1339 1762 Epus
1372 1706 1636 1748 Mutinensis
1669 1706 1800 1747 Chal-

343 1779 578 1820 cedonense
620 1779 867 1820 Concilium
914 1778 1140 1827 afferebat,
1188 1779 1306 1834 quod
1345 1781 1559 1822 neminem
1601 1781 1800 1822 absolute

343 1852 506 1893 initiari
528 1853 751 1908 praecepit,
773 1852 855 1892 11131
887 1858 1002 1892 certo
1036 1851 1320 1892 ecclesiastico
1340 1852 1578 1894 ministerio
1611 1854 1798 1895 ascriba-

343 1931 427 1964 tur.
487 1924 550 1965 Et
580 1924 779 1979 quamvis
813 1923 1010 1980 vulgaris
1043 1924 1269 1965 translatio
1302 1924 1419 1965 illius
1453 1925 1656 1975 Canonis,
1691 1926 1796 1968 dum

343 1997 608 2052 praediorum
631 1998 921 2053 possessiones
946 1998 1154 2045 nominat,
1180 1997 1401 2039 diversum
1427 1998 1535 2054 quid
1555 1999 1798 2055 significare

344 2070 556 2117 videatur,
580 2071 699 2126 quod
725 2071 856 2127 longe
887 2077 1035 2112 tamen
1064 2070 1133 2112 hic
1164 2086 1314 2112 sensus
1336 2087 1361 2112 a
1384 2072 1538 2113 Graeco
1559 2073 1799 2128 exemplari

343 2149 474 2198 atque
498 2159 522 2183 a
546 2143 736 2184 Canonis
768 2144 890 2184 illius
922 2145 1136 2184 sententia
1167 2145 1294 2193 absit,
1323 2146 1519 2201 apertius
1552 2153 1618 2188 est
1639 2149 1794 2202 quam¹

342 2222 393 2256 ut
417 2216 561 2255 verbis
594 2216 690 2256 aliis
717 2217 773 2256 sit
803 2216 1186 2271 comprobandum.
1252 2216 1339 2257 Sed
1369 2217 1437 2258 1110
1464 2218 1553 2274 Epi
1585 2218 1728 2267 multi,
1752 2225 1796 2259 et

342 2289 586 2343 praesertim
613 2291 691 2344 qui
712 2290 756 2330 in
778 2290 933 2345 Regno
954 2290 1265 2346 NeapolitanO,
1295 2291 1455 2339 Ι3ῖΥ1ῑι,2
1475 2291 1715 2340 Dalmatia,
1749 2306 1797 2332 ao

343 2362 531 2409 Graecia,
569 2362 786 2403 Ecclesias
827 2363 1039 2411 obtinent,
1078 2362 1205 2403 valde
1238 2363 1506 2404 fremebant:
1555 2363 1674 2414 Quid
1707 2378 1795 2413 nOS,

341 2436 528 2483 aiebant,
570 2436 613 2476 in
652 2436 860 2476 Ecclesiis
898 2436 1055 2477 nostris
1096 2436 1317 2488 faciemus,
1357 2437 1437 2478 ubi
1476 2452 1655 2493 perrara
1693 2445 1796 2479 sunt

339 2510 560 2558 beneficia,
582 2524 722 2565 eaque
751 2509 858 2550 adeo
879 2510 1042 2557 tenuia,
1072 2516 1122 2551 ut
1141 2525 1218 2551 nec
1239 2511 1372 2566 plura
1392 2519 1646 2553 coacervata
1665 2512 1795 2553 simul

340 2582 540 2623 decenter
573 2582 792 2622 Clericum
822 2582 987 2636 possint
1007 2582 1234 2630 sustinere,
1259 2583 1476 2638 quomodo
1502 2584 1679 2640 populis
1700 2599 1794 2625 nos-

383 2699 391 2717 ¹
419 2696 523 2735 Quod,
543 2697 615 2727 MS.

381 2752 394 2770 ²
416 2755 481 2785 The
505 2766 597 2785 name
624 2755 650 2785 is
675 2766 707 2785 so
734 2755 905 2794 disfigured
931 2756 973 2795 by
990 2756 1152 2786 alteration
1179 2757 1258 2786 from
1286 2756 1336 2787 the
1359 2756 1502 2797 original,
1518 2757 1585 2788 that
1604 2758 1619 2788 1
1642 2757 1712 2797 give
1734 2757 1795 2788 this

337 2803 453 2844 simply
467 2815 505 2834 on
522 2805 707 2845 conjecture,
725 2804 854 2844 guided‚
870 2804 1020 2844 however,
1037 2805 1079 2845 by
1094 2816 1179 2836 some
1194 2805 1372 2846 similarity.
