1905 3254
365 299 447 340 546
988 310 1102 341 sess,
1126 310 1204 339 vn.

368 419 485 474 scopi
505 418 644 467 alieni,
667 418 742 473 qui
773 431 850 458 nec
881 429 1075 471 unquam
1096 414 1232 455 vitam
1264 414 1375 454 bene
1401 413 1646 460 instituent,
1678 426 1821 467 neque

368 491 608 532 functiones
646 488 974 531 Ecclesiasticas
1007 487 1286 534 exercebunt,
1320 486 1402 526 nisi
1436 486 1488 526 iis
1525 485 1676 541 praesit
1706 499 1821 526 unus

367 564 612 605 moderator
644 564 908 619 Episcopus,
928 562 1005 617 qui
1041 560 1166 616 quasi
1200 560 1243 599 in
1276 560 1452 615 specula
1485 566 1549 600 est
1580 559 1821 607 collocatus,

368 643 418 677 ut
458 636 602 677 omnia
641 635 889 691 prospiciat,
923 633 1175 680 consideret,
1217 631 1490 681 moderetur3
1542 631 1737 686 nihilque
1778 632 1820 671 in

368 709 567 750 Ecclesia
594 709 683 757 fiat,
719 707 835 763 quod
868 708 960 764 ejus
990 706 1224 761 imperium
1259 711 1391 760 atque
1426 704 1733 745 authoritatem
1755 705 1820 745 fu-

368 781 486 837 giat3
520 780 572 821 de
603 795 690 835 qua
720 795 766 820 re
795 786 915 820 extat
935 787 1116 820 octavus
1139 777 1290 818 Canon
1325 777 1510 817 Concilii
1534 776 1821 818 Chalcedon.:

366 854 507 894 multa
522 869 699 909 quoque
727 859 902 908 possent
934 867 986 893 ex
1013 851 1129 891 omni
1150 850 1406 906 antiquitate
1431 850 1587 890 adduci
1609 849 1663 890 ad
1683 857 1821 891 osten-

366 926 557 967 dendum
598 941 731 981 quam
768 926 917 966 fuerit¹
953 924 1139 964 solemne
1175 923 1261 963 illis
1293 923 1578 978 temporibus,
1607 938 1821 964 summam

364 1014 509 1040 rerum
542 997 946 1039 Ecclesiasticarum
979 996 1034 1037 ad
1068 996 1339 1051 Episcopum
1373 995 1550 1045 referri3
1594 995 1711 1050 quod
1742 996 1824 1036 nisi

366 1087 477 1112 nunc
500 1086 679 1127 quoque
706 1072 795 1119 fiat,
829 1085 1054 1125 nunquam
1089 1069 1144 1109 ab
1166 1068 1365 1110 Ecclesia
1387 1068 1529 1109 aberit
1554 1069 1757 1116 confusio,
1780 1076 1824 1110 et

366 1161 537 1186 summa
558 1145 751 1185 omnium
773 1158 917 1184 rerum
941 1143 1175 1198 perversio.

423 1217 595 1258 Vellem
628 1231 803 1272 quoque
826 1215 976 1257 videre
1009 1214 1179 1270 praxim
1209 1213 1322 1254 sexti
1348 1213 1457 1254 Can.
1489 1214 1657 1256 Concil.
1692 1214 1822 1255 Chal-

366 1289 538 1339 cedon.;
561 1304 613 1329 ex
638 1290 763 1344 cujus
784 1304 866 1328 usu
890 1294 999 1343 quot
1020 1293 1062 1327 et
1084 1286 1260 1341 quantis
1281 1286 1489 1327 Ecclesiae
1513 1287 1639 1327 malis
1660 1287 1824 1328 mederi

366 1363 596 1418 possimus,
618 1361 809 1402 ostendit
831 1361 898 1401 vir
921 1360 1100 1415 quidam
1123 1359 1400 1400 doctissimus
1421 1360 1464 1400 in
1488 1360 1648 1407 libello,
1670 1361 1713 1401 in
1735 1376 1822 1417 quo

364 1434 479 1475 hunc
503 1434 723 1474 Canonem
748 1440 811 1474 est
832 1434 1159 1487 interpretatus.

424 1507 543 1547 Huic
576 1506 744 1546 Canoni
785 1504 1056 1562 adjungatur
1093 1504 1244 1544 Canon
1272 1519 1313 1544 x.
1349 1510 1393 1544 et
1417 1518 1489 1544 xx.
1523 1504 1718 1560 ejusdem
1744 1505 1821 1560 Sy-

364 1579 480 1627 nodi‚
504 1594 688 1635 quorum
717 1585 903 1633 uterque
928 1577 1097 1625 statuit,
1122 1576 1314 1617 Clericos
1345 1576 1387 1616 in
1421 1576 1595 1617 duabus
1617 1577 1823 1618 Ecclesiis

365 1653 517 1694 eodem
553 1658 749 1707 tempore
783 1651 987 1691 constitui
1018 1665 1101 1690 non
1129 1649 1314 1691 debere:
1347 1650 1424 1705 qui
1457 1651 1621 1691 abusus
1656 1657 1823 1706 quanta

363 1725 633 1766 incommoda
669 1724 879 1765 Ecclesiae
906 1723 1123 1764 invexerit
1152 1722 1355 1778 ignorare
1383 1723 1570 1764 arbitror
1595 1724 1820 1765 neminem.

364 1799 460 1840 Nec
489 1799 627 1854 probo
657 1797 957 1852 exceptionem
990 1796 1141 1846 ullam,
1174 1802 1224 1836 ut
1253 1796 1297 1836 in
1330 1811 1422 1853 cap.
1456 1796 1508 1837 de
1541 1797 1705 1848 multa3
1736 1813 1822 1839 non

364 1873 478 1913 enim
501 1878 603 1913 sunt
623 1870 836 1927 ponendae
858 1870 1132 1925 exceptiones
1152 1869 1197 1909 in
1218 1868 1403 1924 legibus,
1423 1869 1499 1910 sed
1521 1869 1822 1912 universaliter

363 1945 566 1987 ferendae.

423 2020 649 2060 Postremo
672 2019 799 2074 cupio
820 2018 876 2066 id,
901 2016 1019 2073 quod
1039 2016 1121 2057 nisi
1142 2015 1376 2065 habeatur,
1397 2017 1560 2058 frustra
1579 2017 1622 2057 in
1643 2018 1821 2074 legibus

364 2093 599 2134 scribendis
649 2092 975 2141 laborabimus3
1024 2105 1139 2138 nam,
1190 2090 1272 2130 nisi
1314 2089 1540 2131 Canonum
1581 2091 1822 2133 authoritas

363 2165 545 2223 posthac
589 2166 775 2206 sanctior
816 2164 967 2204 futura
999 2163 1053 2204 sit
1085 2178 1218 2218 quam
1261 2162 1402 2203 adhuc
1444 2164 1540 2211 fuit,
1583 2164 1627 2204 in
1668 2164 1819 2206 iisdem

362 2237 642 2279 incommodis
682 2251 856 2291 semper
909 2236 1206 2286 versabimur3
1257 2250 1335 2276 nec
1374 2250 1566 2290 unquam
1608 2235 1661 2277 de
1701 2243 1818 2278 statu

363 2311 476 2351 Eccae
496 2309 677 2350 meliora
708 2322 883 2364 sperare
913 2307 1088 2348 licebit:
1123 2307 1241 2363 quod
1262 2322 1346 2348 non
1369 2308 1413 2348 in
1445 2323 1537 2348 eam
1560 2311 1817 2350 sententiam

364 2398 389 2423 a
423 2397 491 2423 me
527 2381 692 2422 dictum
729 2380 999 2427 existimetis,
1037 2380 1163 2435 quasi
1200 2379 1333 2421 velim
1360 2379 1503 2436 legem
1536 2381 1816 2435 praescribere

364 2457 441 2497 S¹¹¹⁰
459 2456 516 2496 D.
541 2455 598 2495 N.
624 2469 754 2510 quem
777 2454 961 2494 sciamus
980 2454 1114 2494 nullis
1140 2453 1432 2494 humanarum
1454 2454 1605 2510 legum
1634 2454 1817 2495 vinculis

362 2544 453 2570 esse
475 2528 736 2584 obligatum,
758 2527 956 2582 nullique
978 2527 1228 2567 mortalium
1247 2526 1412 2581 judicio
1434 2527 1697 2583 subjectum.

421 2601 550 2643 Addo
582 2602 715 2642 etiam
748 2600 874 2648 illud,
908 2600 1281 2656 dispensationum
1303 2600 1658 2641 consuetudinem
1688 2601 1814 2642 inter-

361 2675 464 2716 dum
488 2689 579 2715 esse
601 2673 884 2714 necessariam
904 2689 912 2713 :
946 2688 1061 2721 nam,
1086 2679 1135 2713 ut
1157 2673 1264 2713 alias
1294 2680 1358 2714 est
1381 2689 1406 2714 a
1427 2689 1494 2714 me
1516 2673 1694 2723 dictum,
1719 2689 1814 2715 cum

360 2749 573 2789 actionum
608 2746 900 2788 humanarum
935 2753 1093 2786 natura
1122 2746 1178 2786 sit
1200 2746 1402 2786 varietati
1423 2753 1468 2788 et
1488 2747 1719 2788 mutationi
1741 2747 1814 2787 ob-

969 2832 977 2851 ¹
1001 2834 1128 2872 Poterit,
1146 2834 1179 2864 M
1187 2835 1216 2865 S.
