1905 3254
644 323 649 329 ,
668 291 777 322 sess.
798 291 876 321 vn.
1416 278 1500 317 495

373 396 709 445 Summarium
734 414 899 445 eorum
925 415 1032 461 quae
1058 408 1176 446 acta.

99 504 205 545 Post
245 503 419 544 Moroni
459 503 714 552 adventum,
753 504 960 544 Oratores
999 503 1205 552 Caesarei,
1247 503 1418 550 Gallici,
1457 509 1500 543 et

43 576 247 632 Hispani,
293 575 514 624 Lusitani,
563 591 650 616 una
691 576 885 631 Legatos
933 576 1209 624 conveniunt,
1258 576 1314 616 ab
1360 575 1500 630 iisque

41 662 199 704 magno
221 647 366 689 studio
391 654 563 703 petunt,
589 654 641 688 ut
663 647 910 689 absentium
937 651 1058 703 justa
1090 662 1143 688 ex
1169 662 1300 688 causa
1320 648 1500 702 Episco-

42 733 197 776 porum
219 717 401 760 Pfores¹
424 719 468 759 in
490 719 713 776 Synodum
736 734 760 760 a
782 719 1006 767 Patribus,
1030 734 1127 760 cum
1149 719 1384 760 definitivae
1405 733 1499 759 sen-

42 792 192 832 tentiae
220 798 453 847 potestate,
478 791 782 833 admittantur.
844 792 1020 848 Legati,
1042 796 1136 847 ejus
1165 790 1283 847 quod
1304 792 1403 847 jure
1425 797 1502 832 aut

43 866 269 907 voluntate
302 866 437 906 Prum
474 866 615 911 liceat,
651 865 842 906 libenter
878 866 1178 920 permissuros,
1218 864 1500 920 pollicentur3

41 953 89 980 ac
123 938 248 980 Juris
286 937 455 994 aliquot
487 938 645 994 peritis
686 937 912 993 negotium
944 936 1023 978 hoc
1058 936 1393 978 consultandum
1424 936 1501 976 im-

41 1017 222 1067 ponunt.
283 1009 348 1050 Hi
369 1025 461 1051 rem
490 1016 661 1050 mature
692 1009 935 1053 excutiunt,
972 1023 1032 1058 ac,
1056 1009 1244 1050 clarioris
1263 1009 1502 1065 investiga-

42 1083 172 1124 tionis
187 1083 342 1138 gratia,
358 1097 531 1123 causam
549 1082 594 1121 in
611 1087 799 1137 quatuor
817 1081 1023 1122 articulos
1039 1082 1317 1137 partiuntur:
1349 1081 1417 1122 P0.
1430 1081 1502 1121 An

43 1155 201 1197 Pfores
235 1155 483 1196 absentium
519 1155 582 1195 ita
615 1152 872 1194 admittendi
906 1154 1004 1201 sint,
1043 1159 1093 1193 ut
1125 1152 1265 1193 solum
1301 1153 1503 1193 intersint

42 1228 320 1285 generalibus
343 1228 476 1267 Prum
501 1226 955 1281 Congrcgationibus:
989 1226 1044 1265 2⁰.
1069 1226 1142 1265 An
1166 1226 1296 1265 etiam
1320 1224 1406 1264 illis
1429 1228 1502 1279 jus

40 1299 253 1356 suffragii,
300 1298 419 1354 quod
464 1298 756 1339 consultivum
804 1296 977 1343 dicitur,
1029 1297 1084 1337 sit
1129 1295 1500 1351 permittendum:

41 1373 93 1413 3⁰.
132 1373 205 1413 An
239 1374 313 1428 jus
355 1386 530 1427 quoque
567 1370 768 1425 suffragii
800 1369 1038 1410 definitivi:
1084 1370 1142 1409 40.
1178 1370 1250 1409 An
1292 1368 1406 1409 idem
1448 1369 1502 1409 de

41 1447 286 1502 Episcopis‚
308 1445 385 1500 qui
409 1445 566 1486 Prores
594 1444 922 1484 constituuntur
949 1442 1005 1483 sit
1026 1442 1312 1483 sentiendum.
1376 1442 1502 1483 Com-

39 1519 215 1575 periunt
247 1524 394 1558 autem
426 1517 471 1557 in
507 1516 730 1572 prioribus
762 1515 905 1556 tribus
947 1515 1142 1556 articulis
1175 1516 1205 1556 J
1211 1530 1289 1556 ure
1322 1515 1500 1570 quidem

40 1591 144 1632 satis
163 1590 342 1646 probari
363 1604 506 1645 posse,
529 1588 885 1643 procuratoribus
900 1587 1040 1627 locum
1062 1586 1255 1627 dandum
1277 1601 1362 1627 non
1384 1602 1477 1628 esse
1490 1603 1501 1636 3

40 1678 154 1711 nam,
177 1677 275 1703 cum
307 1661 361 1702 de
383 1661 516 1702 rebus
542 1660 643 1700 fidei
673 1659 956 1700 decernendis
988 1666 1161 1714 agatur,
1191 1674 1286 1714 quae
1314 1659 1370 1700 ab
1391 1659 1502 1713 Epi-

0 1777 1 1781 ,
40 1735 194 1790 scopis,
213 1733 483 1780 Abbatibus,
509 1731 893 1785 Generalibusque
918 1729 1147 1777 ordinum,
1172 1736 1380 1785 tanquam
1403 1729 1501 1784 Spi-

39 1807 128 1848 ritu
165 1806 322 1846 Sancto
355 1805 411 1845 ob
443 1819 604 1844 munus
638 1802 756 1858 quod
787 1809 949 1857 gerunt
984 1802 1152 1849 afflatis,
1186 1801 1502 1849 deliberantur,

0 1867 1 1874 ἵ
40 1893 124 1920 non
146 1884 329 1934 possunt
359 1877 451 1917 haec
482 1877 526 1917 in
555 1876 661 1916 alios
690 1875 928 1921 transferri,
952 1874 1114 1929 quibus
1135 1888 1332 1928 personae
1354 1873 1502 1914 indus-

41 1952 127 1994 tria
158 1951 365 2007 adjuncta
401 1956 479 1990 cst.
545 1948 761 1998 Quoniam
803 1953 949 1987 tamen
984 1953 1184 1986 veterum
1225 1945 1394 2000 aliquot
1429 1960 1502 1986 ex-

42 2023 189 2079 empla
211 2022 509 2063 Conciliorum
533 2035 655 2061 secus
677 2018 861 2060 suadere
884 2016 1178 2058 videbantur?
1231 2016 1284 2056 In
1305 2017 1350 2056 4⁰
1372 2017 1502 2057 etiam

41 2095 224 2137 articulo
272 2095 459 2136 rationes
498 2093 706 2147 utrinque
747 2090 901 2131 multae
942 2103 1027 2129 non
1061 2088 1254 2128 deerant.
1338 2087 1504 2128 Idcirco

42 2168 202 2224 triplex
231 2167 416 2223 Legatis
456 2165 683 2207 consilium
717 2163 852 2219 hujus
892 2162 956 2202 rei
996 2158 1282 2201 terminandae
1321 2160 1505 2214 proponi

45 2253 172 2295 posse
194 2239 357 2286 vident,
391 2252 575 2294 quorum
597 2244 744 2278 tamen
778 2242 1036 2281 extremum,
1069 2239 1119 2273 ut
1139 2233 1292 2280 tutius,
1315 2232 1503 2286 proban-

44 2311 149 2354 dum
172 2318 368 2352 censent:
400 2310 468 2351 P⁰.
487 2316 537 2350 ut
557 2309 721 2365 Legati
742 2307 914 2349 Bullam
938 2305 1070 2346 Pauli
1093 2304 1235 2345 Tertii
1264 2318 1311 2344 ac
1333 2303 1401 2344 Pii
1424 2303 1503 2344 IV.

46 2383 285 2440 proferant,
319 2382 482 2437 quibus
513 2382 670 2423 Prores
704 2380 877 2421 admitti
912 2376 1226 2432 prohibentur:
1260 2374 1328 2414 hic
1361 2381 1506 2415 tamen

45 2462 266 2501 verentur,
282 2469 336 2495 ne
351 2461 542 2495 oratores
559 2453 719 2500 dicant,
739 2450 923 2492 Concilii
941 2449 1193 2488 libertatem
1210 2445 1324 2492 laedi,
1343 2449 1504 2501 jusque

44 2524 277 2582 Episcopis
298 2540 544 2567 concessum
568 2524 724 2565 adimi:
758 2524 813 2563 2⁰.
838 2520 1041 2577 quoniam
1058 2518 1213 2566 sciunt,
1230 2517 1384 2558 Patres
1405 2518 1506 2559 huic

45 2595 278 2639 Oratorum
301 2604 402 2638 voto
424 2597 613 2638 maxime
634 2607 897 2651 repugnare,
921 2592 1058 2639 aiunt,
1076 2596 1127 2630 ut
1144 2602 1274 2629 causa
1296 2587 1388 2628 haec
1411 2595 1505 2630 tota

44 2668 99 2711 ad
121 2670 345 2726 Synodum
372 2670 602 2717 referatur,
632 2683 680 2709 ac
708 2668 862 2708 Patres
893 2664 978 2719 ipsi
1010 2661 1126 2717 quod
1147 2660 1427 2702 statuendum
1449 2661 1506 2702 sit

169 2765 177 2782 ¹
201 2769 432 2800 Procuratores.
681 2765 694 2784 ²
716 2764 900 2802 Something
916 2763 941 2793 is
958 2760 1120 2798 evidently
1139 2760 1278 2798 wanting
1294 2760 1374 2790 here.
