<?xml version="1.0" encoding="UTF-8"?>
<!DOCTYPE html PUBLIC "-//W3C//DTD XHTML 1.0 Transitional//EN"
    "http://www.w3.org/TR/xhtml1/DTD/xhtml1-transitional.dtd">
<html xmlns="http://www.w3.org/1999/xhtml" xml:lang="en" lang="en">
 <head>
  <title>
</title>
<meta http-equiv="Content-Type" content="text/html;charset=utf-8" />
  <meta name='ocr-system' content='tesseract 3.04.00' />
  <meta name='ocr-capabilities' content='ocr_page ocr_carea ocr_par ocr_line ocrx_word'/>
</head>
<body>
  <div class='ocr_page' id='page_1' title='image "actaconciliitrid00paleuoft_0590.png"; bbox 0 0 1905 3254; ppageno 0'>
   <div class='ocr_carea' id='block_1_1' title="bbox 372 266 1204 308">
    <p class='ocr_par' dir='ltr' id='par_1_1' title="bbox 372 266 1204 308">
     <span class='ocr_line' id='line_1_1' title="bbox 372 266 1204 308; baseline 0.004 -3"><span class='ocrx_word' id='word_1_1' title='bbox 372 266 455 306; x_wconf 75' lang='lat'>426</span> <span class='ocrx_word' id='word_1_2' title='bbox 993 277 1102 308; x_wconf 62' lang='lat' dir='ltr'>smss.</span> <span class='ocrx_word' id='word_1_3' title='bbox 1128 278 1204 307; x_wconf 82' lang='lat' dir='ltr'>vn.</span> 
     </span>
    </p>
   </div>
   <div class='ocr_carea' id='block_1_2' title="bbox 372 383 1836 2848">
    <p class='ocr_par' dir='ltr' id='par_1_2' title="bbox 372 383 1835 1246">
     <span class='ocr_line' id='line_1_2' title="bbox 429 383 1829 441; baseline -0.001 -15"><span class='ocrx_word' id='word_1_4' title='bbox 429 386 739 427; x_wconf 86' lang='lat' dir='ltr'>Lancianensis</span> <span class='ocrx_word' id='word_1_5' title='bbox 772 386 941 441; x_wconf 85' lang='lat' dir='ltr'>copiose</span> <span class='ocrx_word' id='word_1_6' title='bbox 974 391 1018 426; x_wconf 89' lang='lat' dir='ltr'>et</span> <span class='ocrx_word' id='word_1_7' title='bbox 1051 384 1280 426; x_wconf 89' lang='lat' dir='ltr'>efficaciter</span> <span class='ocrx_word' id='word_1_8' title='bbox 1311 384 1453 425; x_wconf 89' lang='lat' dir='ltr'>multa</span> <span class='ocrx_word' id='word_1_9' title='bbox 1482 383 1536 425; x_wconf 90' lang='lat' dir='ltr'>de</span> <span class='ocrx_word' id='word_1_10' title='bbox 1563 383 1829 431; x_wconf 86' lang='lat' dir='ltr'>Residentia,</span> 
     </span>
     <span class='ocr_line' id='line_1_3' title="bbox 374 457 1831 515; baseline -0.001 -16"><span class='ocrx_word' id='word_1_11' title='bbox 374 465 417 499; x_wconf 92' lang='lat' dir='ltr'>et</span> <span class='ocrx_word' id='word_1_12' title='bbox 446 460 540 515; x_wconf 87' lang='lat' dir='ltr'>ejus</span> <span class='ocrx_word' id='word_1_13' title='bbox 572 458 827 499; x_wconf 80' lang='lat' dir='ltr'>necessitate</span> <span class='ocrx_word' id='word_1_14' title='bbox 857 459 1030 499; x_wconf 89' lang='lat' dir='ltr'>locutus</span> <span class='ocrx_word' id='word_1_15' title='bbox 1062 459 1161 500; x_wconf 89' lang='lat' dir='ltr'>fuit.</span> <span class='ocrx_word' id='word_1_16' title='bbox 1223 457 1448 499; x_wconf 89' lang='lat' dir='ltr'>Laudavit</span> <span class='ocrx_word' id='word_1_17' title='bbox 1479 457 1700 498; x_wconf 91' lang='lat' dir='ltr'>decretum</span> <span class='ocrx_word' id='word_1_18' title='bbox 1722 472 1831 513; x_wconf 88' lang='lat' dir='ltr'>prae-</span> 
     </span>
     <span class='ocr_line' id='line_1_4' title="bbox 373 529 1832 587; baseline -0.001 -15"><span class='ocrx_word' id='word_1_19' title='bbox 373 547 485 580; x_wconf 91' lang='lat' dir='ltr'>sens,</span> <span class='ocrx_word' id='word_1_20' title='bbox 507 546 586 573; x_wconf 92' lang='lat' dir='ltr'>nec</span> <span class='ocrx_word' id='word_1_21' title='bbox 607 531 817 587; x_wconf 86' lang='lat' dir='ltr'>probavit</span> <span class='ocrx_word' id='word_1_22' title='bbox 847 531 1095 586; x_wconf 84' lang='lat' dir='ltr'>opinionem</span> <span class='ocrx_word' id='word_1_23' title='bbox 1122 530 1384 587; x_wconf 88' lang='lat' dir='ltr'>petentium,</span> <span class='ocrx_word' id='word_1_24' title='bbox 1407 529 1618 572; x_wconf 87' lang='lat' dir='ltr'>declarari</span> <span class='ocrx_word' id='word_1_25' title='bbox 1637 529 1718 571; x_wconf 89' lang='lat' dir='ltr'>hoc</span> <span class='ocrx_word' id='word_1_26' title='bbox 1739 544 1832 570; x_wconf 90' lang='lat' dir='ltr'>esse</span> 
     </span>
     <span class='ocr_line' id='line_1_5' title="bbox 373 604 1831 660; baseline -0.002 -13"><span class='ocrx_word' id='word_1_27' title='bbox 373 606 404 647; x_wconf 88' lang='lat' dir='ltr'>J</span> <span class='ocrx_word' id='word_1_28' title='bbox 409 605 498 646; x_wconf 91' lang='lat' dir='ltr'>uris</span> <span class='ocrx_word' id='word_1_29' title='bbox 531 604 681 652; x_wconf 80' lang='lat' dir='ltr'>divini,</span> <span class='ocrx_word' id='word_1_30' title='bbox 717 605 825 660; x_wconf 91' lang='lat' dir='ltr'>quia</span> <span class='ocrx_word' id='word_1_31' title='bbox 855 619 905 646; x_wconf 95' lang='lat' dir='ltr'>eo</span> <span class='ocrx_word' id='word_1_32' title='bbox 938 611 1115 645; x_wconf 88' lang='lat' dir='ltr'>ventum</span> <span class='ocrx_word' id='word_1_33' title='bbox 1147 611 1224 653; x_wconf 88' lang='lat' dir='ltr'>est,</span> <span class='ocrx_word' id='word_1_34' title='bbox 1253 612 1435 660; x_wconf 89' lang='lat' dir='ltr'>propter</span> <span class='ocrx_word' id='word_1_35' title='bbox 1465 610 1643 660; x_wconf 84' lang='lat' dir='ltr'>peccata</span> <span class='ocrx_word' id='word_1_36' title='bbox 1674 610 1831 652; x_wconf 89' lang='lat' dir='ltr'>nostra,</span> 
     </span>
     <span class='ocr_line' id='line_1_6' title="bbox 375 677 1834 734; baseline -0.001 -14"><span class='ocrx_word' id='word_1_37' title='bbox 375 685 449 720; x_wconf 81' lang='lat' dir='ltr'>ut¹</span> <span class='ocrx_word' id='word_1_38' title='bbox 473 678 609 719; x_wconf 78' lang='lat' dir='ltr'>nullae</span> <span class='ocrx_word' id='word_1_39' title='bbox 631 679 718 719; x_wconf 89' lang='lat' dir='ltr'>sint</span> <span class='ocrx_word' id='word_1_40' title='bbox 738 678 860 734; x_wconf 83' lang='lat' dir='ltr'>leges</span> <span class='ocrx_word' id='word_1_41' title='bbox 881 692 981 733; x_wconf 84' lang='lat' dir='ltr'>quae</span> <span class='ocrx_word' id='word_1_42' title='bbox 1001 678 1142 734; x_wconf 85' lang='lat' dir='ltr'>ligare</span> <span class='ocrx_word' id='word_1_43' title='bbox 1163 678 1328 733; x_wconf 88' lang='lat' dir='ltr'>possint</span> <span class='ocrx_word' id='word_1_44' title='bbox 1346 677 1538 718; x_wconf 90' lang='lat' dir='ltr'>homines</span> <span class='ocrx_word' id='word_1_45' title='bbox 1565 677 1763 718; x_wconf 84' lang='lat' dir='ltr'>nolentes</span> <span class='ocrx_word' id='word_1_46' title='bbox 1782 692 1834 718; x_wconf 87' lang='lat' dir='ltr'>ea</span> 
     </span>
     <span class='ocr_line' id='line_1_7' title="bbox 374 751 1835 807; baseline -0.001 -14"><span class='ocrx_word' id='word_1_47' title='bbox 374 753 529 800; x_wconf 81' lang='lat' dir='ltr'>facere,</span> <span class='ocrx_word' id='word_1_48' title='bbox 553 767 653 807; x_wconf 74' lang='lat' dir='ltr'>quae</span> <span class='ocrx_word' id='word_1_49' title='bbox 686 767 741 793; x_wconf 88' lang='lat' dir='ltr'>ex</span> <span class='ocrx_word' id='word_1_50' title='bbox 774 751 910 793; x_wconf 87' lang='lat' dir='ltr'>officio</span> <span class='ocrx_word' id='word_1_51' title='bbox 931 751 1122 802; x_wconf 77' lang='lat' dir='ltr'>debent3</span> <span class='ocrx_word' id='word_1_52' title='bbox 1154 758 1198 793; x_wconf 88' lang='lat' dir='ltr'>et</span> <span class='ocrx_word' id='word_1_53' title='bbox 1228 751 1338 800; x_wconf 90' lang='lat' dir='ltr'>ideo,</span> <span class='ocrx_word' id='word_1_54' title='bbox 1375 766 1473 792; x_wconf 93' lang='lat' dir='ltr'>cum</span> <span class='ocrx_word' id='word_1_55' title='bbox 1511 751 1648 806; x_wconf 86' lang='lat' dir='ltr'>aliqui</span> <span class='ocrx_word' id='word_1_56' title='bbox 1679 751 1835 792; x_wconf 86' lang='lat' dir='ltr'>Patres</span> 
     </span>
     <span class='ocr_line' id='line_1_8' title="bbox 375 824 1833 873; baseline -0.001 -6"><span class='ocrx_word' id='word_1_57' title='bbox 375 826 553 868; x_wconf 83' lang='lat' dir='ltr'>credant</span> <span class='ocrx_word' id='word_1_58' title='bbox 575 832 819 866; x_wconf 89' lang='lat' dir='ltr'>extremum</span> <span class='ocrx_word' id='word_1_59' title='bbox 851 824 930 866; x_wconf 91' lang='lat' dir='ltr'>hoc</span> <span class='ocrx_word' id='word_1_60' title='bbox 964 840 1056 866; x_wconf 90' lang='lat' dir='ltr'>esse</span> <span class='ocrx_word' id='word_1_61' title='bbox 1088 824 1343 871; x_wconf 91' lang='lat' dir='ltr'>remedium,</span> <span class='ocrx_word' id='word_1_62' title='bbox 1378 831 1428 865; x_wconf 92' lang='lat' dir='ltr'>ut</span> <span class='ocrx_word' id='word_1_63' title='bbox 1460 824 1539 866; x_wconf 91' lang='lat' dir='ltr'>hoc</span> <span class='ocrx_word' id='word_1_64' title='bbox 1571 824 1833 873; x_wconf 83' lang='lat' dir='ltr'>declaretur,</span> 
     </span>
     <span class='ocr_line' id='line_1_9' title="bbox 372 897 1833 955; baseline 0 -16"><span class='ocrx_word' id='word_1_65' title='bbox 372 900 467 955; x_wconf 91' lang='lat' dir='ltr'>ipse</span> <span class='ocrx_word' id='word_1_66' title='bbox 489 904 636 939; x_wconf 86' lang='lat' dir='ltr'>contra</span> <span class='ocrx_word' id='word_1_67' title='bbox 656 897 904 952; x_wconf 86' lang='lat' dir='ltr'>respondet,</span> <span class='ocrx_word' id='word_1_68' title='bbox 938 913 990 938; x_wconf 93' lang='lat' dir='ltr'>ne</span> <span class='ocrx_word' id='word_1_69' title='bbox 1020 898 1230 952; x_wconf 85' lang='lat' dir='ltr'>incipiant</span> <span class='ocrx_word' id='word_1_70' title='bbox 1252 904 1351 954; x_wconf 91' lang='lat' dir='ltr'>post</span> <span class='ocrx_word' id='word_1_71' title='bbox 1373 897 1605 953; x_wconf 87' lang='lat' dir='ltr'>desperare</span> <span class='ocrx_word' id='word_1_72' title='bbox 1624 897 1833 946; x_wconf 86' lang='lat' dir='ltr'>homines,</span> 
     </span>
     <span class='ocr_line' id='line_1_10' title="bbox 373 971 1834 1026; baseline -0.001 -13"><span class='ocrx_word' id='word_1_73' title='bbox 373 987 472 1013; x_wconf 90' lang='lat' dir='ltr'>cum</span> <span class='ocrx_word' id='word_1_74' title='bbox 505 971 695 1012; x_wconf 90' lang='lat' dir='ltr'>viderint</span> <span class='ocrx_word' id='word_1_75' title='bbox 726 971 930 1012; x_wconf 87' lang='lat' dir='ltr'>Pastores</span> <span class='ocrx_word' id='word_1_76' title='bbox 962 985 1040 1012; x_wconf 92' lang='lat' dir='ltr'>nec</span> <span class='ocrx_word' id='word_1_77' title='bbox 1074 978 1179 1011; x_wconf 92' lang='lat' dir='ltr'>tunc</span> <span class='ocrx_word' id='word_1_78' title='bbox 1207 971 1393 1012; x_wconf 90' lang='lat' dir='ltr'>residere</span> <span class='ocrx_word' id='word_1_79' title='bbox 1411 987 1422 1021; x_wconf 80' lang='lat'>3</span> <span class='ocrx_word' id='word_1_80' title='bbox 1456 971 1729 1026; x_wconf 86' lang='lat' dir='ltr'>adduxitque</span> <span class='ocrx_word' id='word_1_81' title='bbox 1761 987 1834 1012; x_wconf 87' lang='lat' dir='ltr'>ex-</span> 
     </span>
     <span class='ocr_line' id='line_1_11' title="bbox 373 1043 1834 1100; baseline -0.001 -14"><span class='ocrx_word' id='word_1_82' title='bbox 373 1045 568 1100; x_wconf 87' lang='lat' dir='ltr'>emplum</span> <span class='ocrx_word' id='word_1_83' title='bbox 604 1043 788 1085; x_wconf 87' lang='lat' dir='ltr'>Concilii</span> <span class='ocrx_word' id='word_1_84' title='bbox 815 1043 1077 1085; x_wconf 83' lang='lat' dir='ltr'>Viennensis</span> <span class='ocrx_word' id='word_1_85' title='bbox 1109 1044 1153 1084; x_wconf 90' lang='lat' dir='ltr'>in</span> <span class='ocrx_word' id='word_1_86' title='bbox 1190 1043 1326 1084; x_wconf 89' lang='lat' dir='ltr'>Clem.</span> <span class='ocrx_word' id='word_1_87' title='bbox 1361 1053 1410 1099; x_wconf 76' lang='lat' dir='ltr'>pa</span> <span class='ocrx_word' id='word_1_88' title='bbox 1441 1043 1495 1085; x_wconf 87' lang='lat' dir='ltr'>de</span> <span class='ocrx_word' id='word_1_89' title='bbox 1525 1044 1697 1093; x_wconf 73' lang='lat' dir='ltr'>Usuris,</span> <span class='ocrx_word' id='word_1_90' title='bbox 1733 1059 1834 1100; x_wconf 87' lang='lat' dir='ltr'>quae</span> 
     </span>
     <span class='ocr_line' id='line_1_12' title="bbox 374 1116 1833 1174; baseline 0.001 -15"><span class='ocrx_word' id='word_1_91' title='bbox 374 1133 529 1159; x_wconf 90' lang='lat' dir='ltr'>usuras</span> <span class='ocrx_word' id='word_1_92' title='bbox 561 1125 770 1174; x_wconf 86' lang='lat' dir='ltr'>tanquam</span> <span class='ocrx_word' id='word_1_93' title='bbox 806 1118 920 1159; x_wconf 86' lang='lat' dir='ltr'>Jure</span> <span class='ocrx_word' id='word_1_94' title='bbox 955 1117 1102 1158; x_wconf 90' lang='lat' dir='ltr'>divino</span> <span class='ocrx_word' id='word_1_95' title='bbox 1135 1117 1294 1158; x_wconf 84' lang='lat' dir='ltr'>vetitas</span> <span class='ocrx_word' id='word_1_96' title='bbox 1334 1116 1570 1167; x_wconf 84' lang='lat' dir='ltr'>interdixit,</span> <span class='ocrx_word' id='word_1_97' title='bbox 1607 1122 1652 1159; x_wconf 92' lang='lat' dir='ltr'>et</span> <span class='ocrx_word' id='word_1_98' title='bbox 1686 1123 1833 1160; x_wconf 89' lang='lat' dir='ltr'>tamen</span> 
     </span>
     <span class='ocr_line' id='line_1_13' title="bbox 376 1191 1026 1246; baseline -0.002 -15"><span class='ocrx_word' id='word_1_99' title='bbox 376 1191 541 1245; x_wconf 87' lang='lat' dir='ltr'>ubique</span> <span class='ocrx_word' id='word_1_100' title='bbox 563 1191 653 1232; x_wconf 90' lang='lat' dir='ltr'>fere</span> <span class='ocrx_word' id='word_1_101' title='bbox 674 1191 1026 1246; x_wconf 83' lang='lat' dir='ltr'>frequentantur.</span> 
     </span>
    </p>

    <p class='ocr_par' dir='ltr' id='par_1_3' title="bbox 373 1262 1836 2109">
     <span class='ocr_line' id='line_1_14' title="bbox 433 1262 1832 1319; baseline 0.001 -16"><span class='ocrx_word' id='word_1_102' title='bbox 433 1262 646 1304; x_wconf 90' lang='lat' dir='ltr'>Cavensis</span> <span class='ocrx_word' id='word_1_103' title='bbox 674 1264 855 1318; x_wconf 81' lang='lat' dir='ltr'>primus,</span> <span class='ocrx_word' id='word_1_104' title='bbox 887 1263 967 1304; x_wconf 94' lang='lat' dir='ltr'>hoc</span> <span class='ocrx_word' id='word_1_105' title='bbox 1000 1262 1224 1304; x_wconf 89' lang='lat' dir='ltr'>decretum</span> <span class='ocrx_word' id='word_1_106' title='bbox 1253 1262 1296 1302; x_wconf 91' lang='lat' dir='ltr'>in</span> <span class='ocrx_word' id='word_1_107' title='bbox 1317 1262 1524 1318; x_wconf 85' lang='lat' dir='ltr'>pluribus</span> <span class='ocrx_word' id='word_1_108' title='bbox 1546 1262 1832 1319; x_wconf 88' lang='lat' dir='ltr'>improbavit,</span> 
     </span>
     <span class='ocr_line' id='line_1_15' title="bbox 375 1335 1836 1391; baseline 0.001 -15"><span class='ocrx_word' id='word_1_109' title='bbox 375 1342 586 1391; x_wconf 84' lang='lat' dir='ltr'>tanquam</span> <span class='ocrx_word' id='word_1_110' title='bbox 615 1335 820 1376; x_wconf 87' lang='lat' dir='ltr'>daturum</span> <span class='ocrx_word' id='word_1_111' title='bbox 848 1350 997 1376; x_wconf 90' lang='lat' dir='ltr'>ansam</span> <span class='ocrx_word' id='word_1_112' title='bbox 1026 1336 1078 1375; x_wconf 90' lang='lat' dir='ltr'>iis</span> <span class='ocrx_word' id='word_1_113' title='bbox 1110 1335 1186 1390; x_wconf 88' lang='lat' dir='ltr'>qui</span> <span class='ocrx_word' id='word_1_114' title='bbox 1218 1341 1438 1376; x_wconf 89' lang='lat' dir='ltr'>steterunt</span> <span class='ocrx_word' id='word_1_115' title='bbox 1467 1342 1511 1376; x_wconf 89' lang='lat' dir='ltr'>et</span> <span class='ocrx_word' id='word_1_116' title='bbox 1540 1343 1836 1378; x_wconf 84' lang='lat' dir='ltr'>convenerunt</span> 
     </span>
     <span class='ocr_line' id='line_1_16' title="bbox 375 1406 1833 1465; baseline 0.001 -16"><span class='ocrx_word' id='word_1_117' title='bbox 375 1407 583 1449; x_wconf 87' lang='lat' dir='ltr'>adversus</span> <span class='ocrx_word' id='word_1_118' title='bbox 616 1407 858 1449; x_wconf 88' lang='lat' dir='ltr'>Dominum</span> <span class='ocrx_word' id='word_1_119' title='bbox 896 1413 939 1449; x_wconf 92' lang='lat' dir='ltr'>et</span> <span class='ocrx_word' id='word_1_120' title='bbox 976 1407 1187 1448; x_wconf 89' lang='lat' dir='ltr'>adversus</span> <span class='ocrx_word' id='word_1_121' title='bbox 1224 1406 1451 1449; x_wconf 87' lang='lat' dir='ltr'>Christum</span> <span class='ocrx_word' id='word_1_122' title='bbox 1487 1412 1598 1463; x_wconf 83' lang='lat' dir='ltr'>ejus,</span> <span class='ocrx_word' id='word_1_123' title='bbox 1637 1415 1682 1449; x_wconf 92' lang='lat' dir='ltr'>et</span> <span class='ocrx_word' id='word_1_124' title='bbox 1714 1424 1833 1465; x_wconf 77' lang='lat' dir='ltr'>quae-</span> 
     </span>
     <span class='ocr_line' id='line_1_17' title="bbox 374 1480 1832 1535; baseline 0.001 -14"><span class='ocrx_word' id='word_1_125' title='bbox 374 1496 547 1535; x_wconf 90' lang='lat' dir='ltr'>cunque</span> <span class='ocrx_word' id='word_1_126' title='bbox 582 1481 816 1529; x_wconf 84' lang='lat' dir='ltr'>voluerint,</span> <span class='ocrx_word' id='word_1_127' title='bbox 849 1480 1101 1535; x_wconf 84' lang='lat' dir='ltr'>prolixitate</span> <span class='ocrx_word' id='word_1_128' title='bbox 1131 1480 1329 1528; x_wconf 81' lang='lat' dir='ltr'>Concilii,</span> <span class='ocrx_word' id='word_1_129' title='bbox 1357 1481 1610 1522; x_wconf 87' lang='lat' dir='ltr'>moliuntur.</span> <span class='ocrx_word' id='word_1_130' title='bbox 1666 1482 1832 1523; x_wconf 88' lang='lat' dir='ltr'>Recen-</span> 
     </span>
     <span class='ocr_line' id='line_1_18' title="bbox 374 1553 1833 1612; baseline 0.001 -18"><span class='ocrx_word' id='word_1_131' title='bbox 374 1554 461 1594; x_wconf 89' lang='lat' dir='ltr'>suit</span> <span class='ocrx_word' id='word_1_132' title='bbox 482 1553 763 1595; x_wconf 88' lang='lat' dir='ltr'>difficultates</span> <span class='ocrx_word' id='word_1_133' title='bbox 785 1569 895 1608; x_wconf 90' lang='lat' dir='ltr'>quas</span> <span class='ocrx_word' id='word_1_134' title='bbox 916 1554 1151 1609; x_wconf 88' lang='lat' dir='ltr'>patiuntur</span> <span class='ocrx_word' id='word_1_135' title='bbox 1165 1554 1390 1609; x_wconf 86' lang='lat' dir='ltr'>Episcopi,</span> <span class='ocrx_word' id='word_1_136' title='bbox 1407 1554 1593 1595; x_wconf 89' lang='lat' dir='ltr'>maxime</span> <span class='ocrx_word' id='word_1_137' title='bbox 1614 1555 1658 1594; x_wconf 92' lang='lat' dir='ltr'>in</span> <span class='ocrx_word' id='word_1_138' title='bbox 1679 1554 1833 1612; x_wconf 88' lang='lat' dir='ltr'>Regno</span> 
     </span>
     <span class='ocr_line' id='line_1_19' title="bbox 374 1626 1835 1683; baseline 0.002 -16"><span class='ocrx_word' id='word_1_139' title='bbox 374 1627 682 1682; x_wconf 86' lang='lat' dir='ltr'>Neapolitano.</span> <span class='ocrx_word' id='word_1_140' title='bbox 746 1627 921 1683; x_wconf 86' lang='lat' dir='ltr'>Hyeme</span> <span class='ocrx_word' id='word_1_141' title='bbox 944 1628 1141 1668; x_wconf 90' lang='lat' dir='ltr'>sentiunt</span> <span class='ocrx_word' id='word_1_142' title='bbox 1176 1626 1289 1668; x_wconf 87' lang='lat' dir='ltr'>aeris</span> <span class='ocrx_word' id='word_1_143' title='bbox 1318 1627 1621 1683; x_wconf 89' lang='lat' dir='ltr'>intemperiem</span> <span class='ocrx_word' id='word_1_144' title='bbox 1639 1644 1650 1677; x_wconf 81' lang='lat'>3</span> <span class='ocrx_word' id='word_1_145' title='bbox 1685 1635 1835 1670; x_wconf 84' lang='lat' dir='ltr'>aestate</span> 
     </span>
     <span class='ocr_line' id='line_1_20' title="bbox 373 1700 1832 1756; baseline 0.001 -14"><span class='ocrx_word' id='word_1_146' title='bbox 373 1702 620 1743; x_wconf 86' lang='lat' dir='ltr'>Turcarum</span> <span class='ocrx_word' id='word_1_147' title='bbox 660 1701 881 1756; x_wconf 81' lang='lat' dir='ltr'>pericula3</span> <span class='ocrx_word' id='word_1_148' title='bbox 924 1715 1187 1756; x_wconf 91' lang='lat' dir='ltr'>quocunque</span> <span class='ocrx_word' id='word_1_149' title='bbox 1222 1707 1420 1756; x_wconf 88' lang='lat' dir='ltr'>tempore</span> <span class='ocrx_word' id='word_1_150' title='bbox 1456 1700 1680 1742; x_wconf 88' lang='lat' dir='ltr'>latronum</span> <span class='ocrx_word' id='word_1_151' title='bbox 1712 1703 1832 1743; x_wconf 90' lang='lat' dir='ltr'>inva-</span> 
     </span>
     <span class='ocr_line' id='line_1_21' title="bbox 374 1774 1834 1830; baseline 0.001 -15"><span class='ocrx_word' id='word_1_152' title='bbox 374 1775 525 1823; x_wconf 88' lang='lat' dir='ltr'>siones,</span> <span class='ocrx_word' id='word_1_153' title='bbox 542 1775 764 1815; x_wconf 78' lang='lat' dir='ltr'>Bai-onum</span> <span class='ocrx_word' id='word_1_154' title='bbox 783 1775 978 1830; x_wconf 86' lang='lat' dir='ltr'>injurias,</span> <span class='ocrx_word' id='word_1_155' title='bbox 996 1774 1108 1823; x_wconf 83' lang='lat' dir='ltr'>lites,</span> <span class='ocrx_word' id='word_1_156' title='bbox 1127 1775 1202 1816; x_wconf 66' lang='lat' dir='ltr'>Sec.</span> <span class='ocrx_word' id='word_1_157' title='bbox 1248 1774 1507 1815; x_wconf 86' lang='lat' dir='ltr'>Clausulam</span> <span class='ocrx_word' id='word_1_158' title='bbox 1529 1774 1582 1815; x_wconf 91' lang='lat' dir='ltr'>de</span> <span class='ocrx_word' id='word_1_159' title='bbox 1605 1774 1834 1817; x_wconf 87' lang='lat' dir='ltr'>collatione</span> 
     </span>
     <span class='ocr_line' id='line_1_22' title="bbox 374 1847 1832 1898; baseline 0.001 -10"><span class='ocrx_word' id='word_1_160' title='bbox 374 1848 690 1888; x_wconf 88' lang='lat' dir='ltr'>Beneficiorum</span> <span class='ocrx_word' id='word_1_161' title='bbox 713 1847 849 1889; x_wconf 90' lang='lat' dir='ltr'>credit</span> <span class='ocrx_word' id='word_1_162' title='bbox 874 1848 1130 1888; x_wconf 82' lang='lat' dir='ltr'>fabricatam</span> <span class='ocrx_word' id='word_1_163' title='bbox 1152 1862 1244 1888; x_wconf 89' lang='lat' dir='ltr'>esse</span> <span class='ocrx_word' id='word_1_164' title='bbox 1267 1862 1292 1888; x_wconf 88' lang='lat' dir='ltr'>a</span> <span class='ocrx_word' id='word_1_165' title='bbox 1312 1847 1509 1888; x_wconf 88' lang='lat' dir='ltr'>Notariis</span> <span class='ocrx_word' id='word_1_166' title='bbox 1531 1847 1686 1898; x_wconf 82' lang='lat' dir='ltr'>Rotae3</span> <span class='ocrx_word' id='word_1_167' title='bbox 1719 1863 1832 1898; x_wconf 89' lang='lat' dir='ltr'>nam,</span> 
     </span>
     <span class='ocr_line' id='line_1_23' title="bbox 374 1919 1831 1976; baseline 0.001 -14"><span class='ocrx_word' id='word_1_168' title='bbox 374 1937 472 1962; x_wconf 89' lang='lat' dir='ltr'>cum</span> <span class='ocrx_word' id='word_1_169' title='bbox 501 1936 555 1962; x_wconf 88' lang='lat' dir='ltr'>ex</span> <span class='ocrx_word' id='word_1_170' title='bbox 586 1921 664 1961; x_wconf 91' lang='lat' dir='ltr'>illa</span> <span class='ocrx_word' id='word_1_171' title='bbox 684 1921 835 1962; x_wconf 80' lang='lat' dir='ltr'>multae</span> <span class='ocrx_word' id='word_1_172' title='bbox 857 1921 960 1961; x_wconf 91' lang='lat' dir='ltr'>oriri</span> <span class='ocrx_word' id='word_1_173' title='bbox 982 1920 1148 1976; x_wconf 88' lang='lat' dir='ltr'>possint</span> <span class='ocrx_word' id='word_1_174' title='bbox 1169 1920 1280 1967; x_wconf 84' lang='lat' dir='ltr'>lites,</span> <span class='ocrx_word' id='word_1_175' title='bbox 1314 1919 1429 1961; x_wconf 88' lang='lat' dir='ltr'>unde</span> <span class='ocrx_word' id='word_1_176' title='bbox 1450 1920 1608 1961; x_wconf 89' lang='lat' dir='ltr'>intrusi</span> <span class='ocrx_word' id='word_1_177' title='bbox 1628 1922 1673 1962; x_wconf 91' lang='lat' dir='ltr'>in</span> <span class='ocrx_word' id='word_1_178' title='bbox 1694 1922 1831 1963; x_wconf 89' lang='lat' dir='ltr'>Bene-</span> 
     </span>
     <span class='ocr_line' id='line_1_24' title="bbox 373 1992 1830 2049; baseline 0.002 -15"><span class='ocrx_word' id='word_1_179' title='bbox 373 1994 479 2035; x_wconf 90' lang='lat' dir='ltr'>ficiis</span> <span class='ocrx_word' id='word_1_180' title='bbox 504 2009 548 2035; x_wconf 88' lang='lat' dir='ltr'>se</span> <span class='ocrx_word' id='word_1_181' title='bbox 570 1994 614 2034; x_wconf 90' lang='lat' dir='ltr'>in</span> <span class='ocrx_word' id='word_1_182' title='bbox 636 1994 878 2034; x_wconf 88' lang='lat' dir='ltr'>intrusione</span> <span class='ocrx_word' id='word_1_183' title='bbox 901 1993 1052 2049; x_wconf 85' lang='lat' dir='ltr'>clypeo</span> <span class='ocrx_word' id='word_1_184' title='bbox 1079 1992 1211 2049; x_wconf 86' lang='lat' dir='ltr'>hujus</span> <span class='ocrx_word' id='word_1_185' title='bbox 1233 1993 1440 2034; x_wconf 79' lang='lat' dir='ltr'>clausulae</span> <span class='ocrx_word' id='word_1_186' title='bbox 1473 1993 1665 2044; x_wconf 88' lang='lat' dir='ltr'>foveant,</span> <span class='ocrx_word' id='word_1_187' title='bbox 1698 1995 1830 2037; x_wconf 85' lang='lat' dir='ltr'>credi-</span> 
     </span>
     <span class='ocr_line' id='line_1_25' title="bbox 377 2066 1568 2109; baseline -0.001 0"><span class='ocrx_word' id='word_1_188' title='bbox 377 2067 539 2109; x_wconf 87' lang='lat' dir='ltr'>derunt</span> <span class='ocrx_word' id='word_1_189' title='bbox 561 2067 721 2108; x_wconf 85' lang='lat' dir='ltr'>Rotam</span> <span class='ocrx_word' id='word_1_190' title='bbox 742 2067 913 2108; x_wconf 85' lang='lat' dir='ltr'>interim</span> <span class='ocrx_word' id='word_1_191' title='bbox 937 2073 1079 2108; x_wconf 86' lang='lat' dir='ltr'>rotare</span> <span class='ocrx_word' id='word_1_192' title='bbox 1102 2066 1263 2108; x_wconf 88' lang='lat' dir='ltr'>debere</span> <span class='ocrx_word' id='word_1_193' title='bbox 1285 2081 1404 2108; x_wconf 89' lang='lat' dir='ltr'>more</span> <span class='ocrx_word' id='word_1_194' title='bbox 1426 2066 1568 2108; x_wconf 91' lang='lat' dir='ltr'>solito.</span> 
     </span>
    </p>

    <p class='ocr_par' dir='ltr' id='par_1_4' title="bbox 433 2139 1022 2182">
     <span class='ocr_line' id='line_1_26' title="bbox 433 2139 1022 2182; baseline -0.003 -1"><span class='ocrx_word' id='word_1_195' title='bbox 433 2140 677 2182; x_wconf 89' lang='lat' dir='ltr'>Miletensis</span> <span class='ocrx_word' id='word_1_196' title='bbox 699 2155 796 2180; x_wconf 88' lang='lat' dir='ltr'>cum</span> <span class='ocrx_word' id='word_1_197' title='bbox 821 2139 1022 2181; x_wconf 91' lang='lat' dir='ltr'>Cavensi.</span> 
     </span>
    </p>

    <p class='ocr_par' dir='ltr' id='par_1_5' title="bbox 434 2212 1599 2269">
     <span class='ocr_line' id='line_1_27' title="bbox 434 2212 1599 2269; baseline -0.001 -14"><span class='ocrx_word' id='word_1_198' title='bbox 434 2213 700 2255; x_wconf 87' lang='lat' dir='ltr'>Catharinus</span> <span class='ocrx_word' id='word_1_199' title='bbox 720 2228 773 2254; x_wconf 89' lang='lat' dir='ltr'>ex</span> <span class='ocrx_word' id='word_1_200' title='bbox 795 2213 958 2269; x_wconf 90' lang='lat' dir='ltr'>scripto</span> <span class='ocrx_word' id='word_1_201' title='bbox 980 2212 1091 2253; x_wconf 88' lang='lat' dir='ltr'>dixit</span> <span class='ocrx_word' id='word_1_202' title='bbox 1112 2212 1255 2253; x_wconf 88' lang='lat' dir='ltr'>multa</span> <span class='ocrx_word' id='word_1_203' title='bbox 1275 2212 1329 2253; x_wconf 90' lang='lat' dir='ltr'>de</span> <span class='ocrx_word' id='word_1_204' title='bbox 1351 2212 1599 2255; x_wconf 89' lang='lat' dir='ltr'>residentia.</span> 
     </span>
    </p>

    <p class='ocr_par' dir='ltr' id='par_1_6' title="bbox 373 2285 1831 2773">
     <span class='ocr_line' id='line_1_28' title="bbox 431 2285 1831 2344; baseline 0 -14"><span class='ocrx_word' id='word_1_205' title='bbox 431 2286 842 2342; x_wconf 89' lang='lat' dir='ltr'>Pientinus——quod</span> <span class='ocrx_word' id='word_1_206' title='bbox 859 2293 1055 2342; x_wconf 89' lang='lat' dir='ltr'>tempore</span> <span class='ocrx_word' id='word_1_207' title='bbox 1073 2286 1203 2327; x_wconf 86' lang='lat' dir='ltr'>Pauli</span> <span class='ocrx_word' id='word_1_208' title='bbox 1219 2285 1359 2327; x_wconf 92' lang='lat' dir='ltr'>Tertii</span> <span class='ocrx_word' id='word_1_209' title='bbox 1372 2287 1511 2328; x_wconf 86' lang='lat' dir='ltr'>vocati</span> <span class='ocrx_word' id='word_1_210' title='bbox 1529 2287 1708 2329; x_wconf 89' lang='lat' dir='ltr'>fuerunt</span> <span class='ocrx_word' id='word_1_211' title='bbox 1720 2288 1831 2344; x_wconf 84' lang='lat' dir='ltr'>Epi-</span> 
     </span>
     <span class='ocr_line' id='line_1_29' title="bbox 373 2358 1830 2418; baseline -0.001 -15"><span class='ocrx_word' id='word_1_212' title='bbox 373 2361 493 2418; x_wconf 87' lang='lat' dir='ltr'>scopi</span> <span class='ocrx_word' id='word_1_213' title='bbox 526 2359 822 2416; x_wconf 85' lang='lat' dir='ltr'>Septuaginta</span> <span class='ocrx_word' id='word_1_214' title='bbox 854 2358 939 2399; x_wconf 88' lang='lat' dir='ltr'>duo</span> <span class='ocrx_word' id='word_1_215' title='bbox 971 2358 1049 2413; x_wconf 91' lang='lat' dir='ltr'>qui</span> <span class='ocrx_word' id='word_1_216' title='bbox 1080 2365 1205 2399; x_wconf 89' lang='lat' dir='ltr'>erant</span> <span class='ocrx_word' id='word_1_217' title='bbox 1235 2358 1280 2398; x_wconf 91' lang='lat' dir='ltr'>in</span> <span class='ocrx_word' id='word_1_218' title='bbox 1317 2358 1464 2406; x_wconf 79' lang='lat' dir='ltr'>Curia,</span> <span class='ocrx_word' id='word_1_219' title='bbox 1498 2367 1542 2400; x_wconf 87' lang='lat' dir='ltr'>et</span> <span class='ocrx_word' id='word_1_220' title='bbox 1575 2360 1830 2401; x_wconf 89' lang='lat' dir='ltr'>mandatum</span> 
     </span>
     <span class='ocr_line' id='line_1_30' title="bbox 373 2430 1829 2487; baseline 0 -13"><span class='ocrx_word' id='word_1_221' title='bbox 373 2434 587 2482; x_wconf 80' lang='lat' dir='ltr'>omnibus,</span> <span class='ocrx_word' id='word_1_222' title='bbox 608 2439 657 2474; x_wconf 85' lang='lat' dir='ltr'>ut</span> <span class='ocrx_word' id='word_1_223' title='bbox 673 2432 728 2473; x_wconf 85' lang='lat' dir='ltr'>ad</span> <span class='ocrx_word' id='word_1_224' title='bbox 744 2432 963 2473; x_wconf 88' lang='lat' dir='ltr'>Ecclesias</span> <span class='ocrx_word' id='word_1_225' title='bbox 985 2446 1084 2472; x_wconf 88' lang='lat' dir='ltr'>suas</span> <span class='ocrx_word' id='word_1_226' title='bbox 1106 2430 1369 2472; x_wconf 85' lang='lat' dir='ltr'>accederent.</span> <span class='ocrx_word' id='word_1_227' title='bbox 1431 2431 1710 2487; x_wconf 89' lang='lat' dir='ltr'>Responsum</span> <span class='ocrx_word' id='word_1_228' title='bbox 1731 2433 1829 2481; x_wconf 89' lang='lat' dir='ltr'>fuit,</span> 
     </span>
     <span class='ocr_line' id='line_1_31' title="bbox 375 2504 1831 2560; baseline -0.001 -13"><span class='ocrx_word' id='word_1_229' title='bbox 375 2512 423 2546; x_wconf 91' lang='lat' dir='ltr'>ut</span> <span class='ocrx_word' id='word_1_230' title='bbox 446 2512 751 2547; x_wconf 85' lang='lat' dir='ltr'>amoverentur</span> <span class='ocrx_word' id='word_1_231' title='bbox 783 2504 1075 2550; x_wconf 89' lang='lat' dir='ltr'>difficultates,</span> <span class='ocrx_word' id='word_1_232' title='bbox 1107 2504 1292 2545; x_wconf 86' lang='lat' dir='ltr'>orientes</span> <span class='ocrx_word' id='word_1_233' title='bbox 1319 2505 1545 2560; x_wconf 61' lang='lat' dir='ltr'>praecipue</span> <span class='ocrx_word' id='word_1_234' title='bbox 1579 2519 1604 2546; x_wconf 92' lang='lat' dir='ltr'>a</span> <span class='ocrx_word' id='word_1_235' title='bbox 1633 2505 1831 2547; x_wconf 87' lang='lat' dir='ltr'>Romana</span> 
     </span>
     <span class='ocr_line' id='line_1_32' title="bbox 376 2577 1831 2633; baseline 0.001 -14"><span class='ocrx_word' id='word_1_236' title='bbox 376 2578 530 2627; x_wconf 84' lang='lat' dir='ltr'>Curia,</span> <span class='ocrx_word' id='word_1_237' title='bbox 569 2585 611 2619; x_wconf 90' lang='lat' dir='ltr'>et</span> <span class='ocrx_word' id='word_1_238' title='bbox 643 2593 668 2619; x_wconf 92' lang='lat' dir='ltr'>a</span> <span class='ocrx_word' id='word_1_239' title='bbox 701 2578 979 2633; x_wconf 88' lang='lat' dir='ltr'>Principibus</span> <span class='ocrx_word' id='word_1_240' title='bbox 1022 2577 1327 2619; x_wconf 75' lang='lat' dir='ltr'>Saecularibus.</span> <span class='ocrx_word' id='word_1_241' title='bbox 1390 2579 1656 2620; x_wconf 89' lang='lat' dir='ltr'>Promissum</span> <span class='ocrx_word' id='word_1_242' title='bbox 1691 2579 1737 2620; x_wconf 90' lang='lat' dir='ltr'>id</span> <span class='ocrx_word' id='word_1_243' title='bbox 1770 2580 1831 2621; x_wconf 87' lang='lat' dir='ltr'>eis</span> 
     </span>
     <span class='ocr_line' id='line_1_33' title="bbox 374 2650 1830 2707; baseline 0.001 -16"><span class='ocrx_word' id='word_1_244' title='bbox 374 2652 480 2692; x_wconf 88' lang='lat' dir='ltr'>fuit:</span> <span class='ocrx_word' id='word_1_245' title='bbox 513 2658 710 2707; x_wconf 88' lang='lat' dir='ltr'>expecta,</span> <span class='ocrx_word' id='word_1_246' title='bbox 742 2658 988 2707; x_wconf 85' lang='lat' dir='ltr'>reexpecta,</span> <span class='ocrx_word' id='word_1_247' title='bbox 1020 2650 1130 2692; x_wconf 92' lang='lat' dir='ltr'>nihil</span> <span class='ocrx_word' id='word_1_248' title='bbox 1163 2666 1359 2706; x_wconf 89' lang='lat' dir='ltr'>unquam</span> <span class='ocrx_word' id='word_1_249' title='bbox 1393 2658 1536 2692; x_wconf 85' lang='lat' dir='ltr'>actum</span> <span class='ocrx_word' id='word_1_250' title='bbox 1568 2658 1643 2693; x_wconf 89' lang='lat' dir='ltr'>est.</span> <span class='ocrx_word' id='word_1_251' title='bbox 1706 2651 1830 2693; x_wconf 90' lang='lat' dir='ltr'>Missi</span> 
     </span>
     <span class='ocr_line' id='line_1_34' title="bbox 374 2723 1828 2773; baseline 0.003 -10"><span class='ocrx_word' id='word_1_252' title='bbox 374 2724 528 2766; x_wconf 86' lang='lat' dir='ltr'>deinde</span> <span class='ocrx_word' id='word_1_253' title='bbox 561 2724 740 2765; x_wconf 89' lang='lat' dir='ltr'>fuerunt</span> <span class='ocrx_word' id='word_1_254' title='bbox 771 2723 825 2765; x_wconf 83' lang='lat' dir='ltr'>ad</span> <span class='ocrx_word' id='word_1_255' title='bbox 862 2724 1105 2766; x_wconf 87' lang='lat' dir='ltr'>Concilium</span> <span class='ocrx_word' id='word_1_256' title='bbox 1141 2723 1463 2773; x_wconf 83' lang='lat' dir='ltr'>Tridentinum,</span> <span class='ocrx_word' id='word_1_257' title='bbox 1498 2739 1594 2766; x_wconf 87' lang='lat' dir='ltr'>cum</span> <span class='ocrx_word' id='word_1_258' title='bbox 1625 2724 1678 2766; x_wconf 89' lang='lat' dir='ltr'>de</span> <span class='ocrx_word' id='word_1_259' title='bbox 1710 2725 1828 2767; x_wconf 86' lang='lat' dir='ltr'>Resi-</span> 
     </span>
    </p>

    <p class='ocr_par' dir='ltr' id='par_1_7' title="bbox 1010 2811 1188 2848">
     <span class='ocr_line' id='line_1_35' title="bbox 1010 2811 1188 2848; baseline 0.011 -8"><span class='ocrx_word' id='word_1_260' title='bbox 1010 2811 1019 2829; x_wconf 87' lang='lat'>¹</span> <span class='ocrx_word' id='word_1_261' title='bbox 1045 2812 1098 2848; x_wconf 77' lang='lat' dir='ltr'>Et,</span> <span class='ocrx_word' id='word_1_262' title='bbox 1117 2812 1188 2842; x_wconf 85' lang='lat' dir='ltr'>MS.</span> 
     </span>
    </p>
   </div>
   <div class='ocr_carea' id='block_1_3' title="bbox 1882 0 1890 232">
    <p class='ocr_par' dir='ltr' id='par_1_8' title="bbox 1882 0 1890 232">
     <span class='ocr_line' id='line_1_36' title="bbox 1882 0 1890 232; textangle 90"><span class='ocrx_word' id='word_1_263' title='bbox 1887 219 1890 232; x_wconf 70' lang='lat'>.-</span> <span class='ocrx_word' id='word_1_264' title='bbox 1887 201 1890 210; x_wconf 79' lang='grc'>-</span> <span class='ocrx_word' id='word_1_265' title='bbox 1885 176 1890 193; x_wconf 29' lang='grc' dir='ltr'>Α..</span> <span class='ocrx_word' id='word_1_266' title='bbox 1885 138 1890 166; x_wconf 53' lang='lat' dir='ltr'>..a</span> <span class='ocrx_word' id='word_1_267' title='bbox 1882 0 1890 131; x_wconf 41' lang='grc' dir='ltr'>..ᾳ-αβ-</span> 
     </span>
    </p>
   </div>
   <div class='ocr_carea' id='block_1_4' title="bbox 1890 701 1905 1747">
    <p class='ocr_par' dir='ltr' id='par_1_9' title="bbox 1890 701 1905 1747">
     <span class='ocr_line' id='line_1_37' title="bbox 1890 701 1905 1747; textangle 90"><span class='ocrx_word' id='word_1_268' title='bbox 1900 1740 1903 1747; x_wconf 28' lang='lat' dir='ltr'>i</span> <span class='ocrx_word' id='word_1_269' title='bbox 1899 1697 1904 1728; x_wconf 30' lang='grc' dir='ltr'>..Α</span> <span class='ocrx_word' id='word_1_270' title='bbox 1898 1670 1904 1688; x_wconf 56' lang='lat'>1...</span> <span class='ocrx_word' id='word_1_271' title='bbox 1898 1622 1905 1662; x_wconf 38' lang='grc' dir='ltr'>ἡ,</span> <span class='ocrx_word' id='word_1_272' title='bbox 1899 1610 1900 1613; x_wconf 29' lang='grc' dir='ltr'><em>Α</em></span> <span class='ocrx_word' id='word_1_273' title='bbox 1898 1573 1905 1602; x_wconf 53' lang='grc' dir='ltr'>ψ,</span> <span class='ocrx_word' id='word_1_274' title='bbox 1897 1533 1902 1557; x_wconf 53' lang='grc' dir='ltr'>,μ</span> <span class='ocrx_word' id='word_1_275' title='bbox 1897 1476 1903 1526; x_wconf 62' lang='grc' dir='ltr'>«η-</span> <span class='ocrx_word' id='word_1_276' title='bbox 1894 1126 1905 1469; x_wconf 47' lang='grc' dir='ltr'>-εῑἘ-,τ-φνπμαν-ωε--ε-</span> <span class='ocrx_word' id='word_1_277' title='bbox 1892 962 1901 1113; x_wconf 34' lang='grc' dir='ltr'>σῴην-«μου.Μ</span> <span class='ocrx_word' id='word_1_278' title='bbox 1892 833 1898 953; x_wconf 33' lang='grc' dir='ltr'>...ψ-μιν...</span> <span class='ocrx_word' id='word_1_279' title='bbox 1891 798 1896 823; x_wconf 59' lang='lat'>„-</span> <span class='ocrx_word' id='word_1_280' title='bbox 1893 779 1896 787; x_wconf 79' lang='grc'><strong>.</strong></span> <span class='ocrx_word' id='word_1_281' title='bbox 1890 701 1896 754; x_wconf 47' lang='grc' dir='ltr'>...ἢ</span> 
     </span>
    </p>
   </div>
  </div>
 </body>
</html>
