<?xml version="1.0" encoding="UTF-8"?>
<!DOCTYPE html PUBLIC "-//W3C//DTD XHTML 1.0 Transitional//EN"
    "http://www.w3.org/TR/xhtml1/DTD/xhtml1-transitional.dtd">
<html xmlns="http://www.w3.org/1999/xhtml" xml:lang="en" lang="en">
 <head>
  <title>
</title>
<meta http-equiv="Content-Type" content="text/html;charset=utf-8" />
  <meta name='ocr-system' content='tesseract 3.04.00' />
  <meta name='ocr-capabilities' content='ocr_page ocr_carea ocr_par ocr_line ocrx_word'/>
</head>
<body>
  <div class='ocr_page' id='page_1' title='image "actaconciliitrid00paleuoft_0321.png"; bbox 0 0 1905 3254; ppageno 0'>
   <div class='ocr_carea' id='block_1_1' title="bbox 688 239 1513 288">
    <p class='ocr_par' dir='ltr' id='par_1_1' title="bbox 688 239 1513 288">
     <span class='ocr_line' id='line_1_1' title="bbox 688 239 1513 288; baseline -0.01 -2"><span class='ocrx_word' id='word_1_1' title='bbox 688 256 797 288; x_wconf 63' lang='lat' dir='ltr'>sess.</span> <span class='ocrx_word' id='word_1_2' title='bbox 819 256 878 286; x_wconf 76' lang='lat' dir='ltr'>vi.</span> <span class='ocrx_word' id='word_1_3' title='bbox 1428 239 1513 279; x_wconf 74' lang='lat'>223</span> 
     </span>
    </p>
   </div>
   <div class='ocr_carea' id='block_1_2' title="bbox 50 360 1513 2682">
    <p class='ocr_par' dir='ltr' id='par_1_2' title="bbox 53 360 1511 932">
     <span class='ocr_line' id='line_1_2' title="bbox 57 360 1510 420; baseline -0.002 -16"><span class='ocrx_word' id='word_1_4' title='bbox 57 364 185 411; x_wconf 87' lang='lat' dir='ltr'>cavit,</span> <span class='ocrx_word' id='word_1_5' title='bbox 219 378 305 419; x_wconf 92' lang='lat' dir='ltr'>quo</span> <span class='ocrx_word' id='word_1_6' title='bbox 321 362 584 420; x_wconf 90' lang='lat' dir='ltr'>jampridem</span> <span class='ocrx_word' id='word_1_7' title='bbox 608 364 894 412; x_wconf 82' lang='lat' dir='ltr'>incumberet,</span> <span class='ocrx_word' id='word_1_8' title='bbox 922 362 977 404; x_wconf 87' lang='lat' dir='ltr'>ad</span> <span class='ocrx_word' id='word_1_9' title='bbox 999 377 1092 403; x_wconf 87' lang='lat' dir='ltr'>eam</span> <span class='ocrx_word' id='word_1_10' title='bbox 1115 377 1205 403; x_wconf 85' lang='lat' dir='ltr'>rem</span> <span class='ocrx_word' id='word_1_11' title='bbox 1228 360 1510 403; x_wconf 86' lang='lat' dir='ltr'>obtinendam</span> 
     </span>
     <span class='ocr_line' id='line_1_3' title="bbox 56 433 1510 492; baseline -0.002 -15"><span class='ocrx_word' id='word_1_12' title='bbox 56 437 100 477; x_wconf 93' lang='lat' dir='ltr'>in</span> <span class='ocrx_word' id='word_1_13' title='bbox 125 436 388 477; x_wconf 73' lang='lat' dir='ltr'>Christianae</span> <span class='ocrx_word' id='word_1_14' title='bbox 410 435 524 492; x_wconf 86' lang='lat' dir='ltr'>Reip</span> <span class='ocrx_word' id='word_1_15' title='bbox 580 437 906 478; x_wconf 89' lang='lat' dir='ltr'>incrementum.</span> <span class='ocrx_word' id='word_1_16' title='bbox 964 435 1063 476; x_wconf 87' lang='lat' dir='ltr'>Hac</span> <span class='ocrx_word' id='word_1_17' title='bbox 1094 434 1148 476; x_wconf 92' lang='lat' dir='ltr'>de</span> <span class='ocrx_word' id='word_1_18' title='bbox 1175 449 1306 476; x_wconf 86' lang='lat' dir='ltr'>causa</span> <span class='ocrx_word' id='word_1_19' title='bbox 1330 433 1510 475; x_wconf 89' lang='lat' dir='ltr'>Archie·</span> 
     </span>
     <span class='ocr_line' id='line_1_4' title="bbox 55 507 1511 566; baseline -0.003 -15"><span class='ocrx_word' id='word_1_20' title='bbox 55 526 161 566; x_wconf 91' lang='lat' dir='ltr'>pum</span> <span class='ocrx_word' id='word_1_21' title='bbox 195 511 459 566; x_wconf 84' lang='lat' dir='ltr'>Pragensem</span> <span class='ocrx_word' id='word_1_22' title='bbox 495 510 550 550; x_wconf 91' lang='lat' dir='ltr'>ab</span> <span class='ocrx_word' id='word_1_23' title='bbox 583 525 633 550; x_wconf 93' lang='lat' dir='ltr'>eo</span> <span class='ocrx_word' id='word_1_24' title='bbox 666 524 809 565; x_wconf 86' lang='lat' dir='ltr'>nuper</span> <span class='ocrx_word' id='word_1_25' title='bbox 834 509 918 550; x_wconf 89' lang='lat' dir='ltr'>huc</span> <span class='ocrx_word' id='word_1_26' title='bbox 949 509 1127 549; x_wconf 88' lang='lat' dir='ltr'>missum</span> <span class='ocrx_word' id='word_1_27' title='bbox 1159 507 1400 555; x_wconf 86' lang='lat' dir='ltr'>advenisse,</span> <span class='ocrx_word' id='word_1_28' title='bbox 1434 507 1511 563; x_wconf 90' lang='lat' dir='ltr'>qui</span> 
     </span>
     <span class='ocr_line' id='line_1_5' title="bbox 56 580 1508 639; baseline -0.001 -16"><span class='ocrx_word' id='word_1_29' title='bbox 56 583 343 624; x_wconf 80' lang='lat' dir='ltr'>vehementur</span> <span class='ocrx_word' id='word_1_30' title='bbox 370 584 462 639; x_wconf 89' lang='lat' dir='ltr'>ejus</span> <span class='ocrx_word' id='word_1_31' title='bbox 491 582 571 623; x_wconf 88' lang='lat' dir='ltr'>hac</span> <span class='ocrx_word' id='word_1_32' title='bbox 601 582 654 623; x_wconf 92' lang='lat' dir='ltr'>de</span> <span class='ocrx_word' id='word_1_33' title='bbox 686 597 732 623; x_wconf 86' lang='lat' dir='ltr'>re</span> <span class='ocrx_word' id='word_1_34' title='bbox 762 582 894 622; x_wconf 89' lang='lat' dir='ltr'>animi</span> <span class='ocrx_word' id='word_1_35' title='bbox 917 580 1235 622; x_wconf 82' lang='lat' dir='ltr'>contentionem</span> <span class='ocrx_word' id='word_1_36' title='bbox 1258 581 1508 629; x_wconf 78' lang='lat' dir='ltr'>renunciet3</span> 
     </span>
     <span class='ocr_line' id='line_1_6' title="bbox 53 653 1510 711; baseline -0.002 -15"><span class='ocrx_word' id='word_1_37' title='bbox 53 656 172 696; x_wconf 88' lang='lat' dir='ltr'>illius</span> <span class='ocrx_word' id='word_1_38' title='bbox 193 656 414 711; x_wconf 78' lang='lat' dir='ltr'>praecipue</span> <span class='ocrx_word' id='word_1_39' title='bbox 436 654 682 696; x_wconf 83' lang='lat' dir='ltr'>habendam</span> <span class='ocrx_word' id='word_1_40' title='bbox 701 669 793 695; x_wconf 90' lang='lat' dir='ltr'>esse</span> <span class='ocrx_word' id='word_1_41' title='bbox 814 654 1041 701; x_wconf 88' lang='lat' dir='ltr'>rationem,</span> <span class='ocrx_word' id='word_1_42' title='bbox 1059 657 1186 708; x_wconf 85' lang='lat' dir='ltr'>cujus</span> <span class='ocrx_word' id='word_1_43' title='bbox 1209 653 1389 708; x_wconf 88' lang='lat' dir='ltr'>pietate,</span> <span class='ocrx_word' id='word_1_44' title='bbox 1411 653 1510 694; x_wconf 87' lang='lat' dir='ltr'>reli-</span> 
     </span>
     <span class='ocr_line' id='line_1_7' title="bbox 55 728 1510 785; baseline 0 -16"><span class='ocrx_word' id='word_1_45' title='bbox 55 729 198 785; x_wconf 87' lang='lat' dir='ltr'>gione,</span> <span class='ocrx_word' id='word_1_46' title='bbox 222 744 269 769; x_wconf 88' lang='lat' dir='ltr'>ac</span> <span class='ocrx_word' id='word_1_47' title='bbox 289 729 529 785; x_wconf 86' lang='lat' dir='ltr'>patrocinio</span> <span class='ocrx_word' id='word_1_48' title='bbox 559 728 759 785; x_wconf 84' lang='lat' dir='ltr'>inprimis</span> <span class='ocrx_word' id='word_1_49' title='bbox 779 728 960 776; x_wconf 84' lang='lat' dir='ltr'>nitatur,</span> <span class='ocrx_word' id='word_1_50' title='bbox 983 731 1198 784; x_wconf 87' lang='lat' dir='ltr'>cujusque</span> <span class='ocrx_word' id='word_1_51' title='bbox 1220 728 1424 784; x_wconf 67' lang='lat' dir='ltr'>praesidio</span> <span class='ocrx_word' id='word_1_52' title='bbox 1446 729 1510 770; x_wconf 87' lang='lat' dir='ltr'>ita</span> 
     </span>
     <span class='ocr_line' id='line_1_8' title="bbox 54 801 1509 859; baseline -0.001 -15"><span class='ocrx_word' id='word_1_53' title='bbox 54 804 223 844; x_wconf 85' lang='lat' dir='ltr'>munita</span> <span class='ocrx_word' id='word_1_54' title='bbox 255 818 303 844; x_wconf 89' lang='lat' dir='ltr'>ac</span> <span class='ocrx_word' id='word_1_55' title='bbox 335 803 502 844; x_wconf 89' lang='lat' dir='ltr'>vallata</span> <span class='ocrx_word' id='word_1_56' title='bbox 534 803 601 851; x_wconf 85' lang='lat' dir='ltr'>sit,</span> <span class='ocrx_word' id='word_1_57' title='bbox 638 808 699 851; x_wconf 85' lang='lat' dir='ltr'>ut,</span> <span class='ocrx_word' id='word_1_58' title='bbox 731 817 781 843; x_wconf 88' lang='lat' dir='ltr'>eo</span> <span class='ocrx_word' id='word_1_59' title='bbox 809 801 997 850; x_wconf 85' lang='lat' dir='ltr'>sublat0,</span> <span class='ocrx_word' id='word_1_60' title='bbox 1019 816 1097 843; x_wconf 86' lang='lat' dir='ltr'>nec</span> <span class='ocrx_word' id='word_1_61' title='bbox 1119 802 1389 843; x_wconf 89' lang='lat' dir='ltr'>commodum</span> <span class='ocrx_word' id='word_1_62' title='bbox 1412 818 1509 859; x_wconf 89' lang='lat' dir='ltr'>pro-</span> 
     </span>
     <span class='ocr_line' id='line_1_9' title="bbox 54 875 1295 932; baseline -0.001 -16"><span class='ocrx_word' id='word_1_63' title='bbox 54 890 266 932; x_wconf 84' lang='lat' dir='ltr'>gressum,</span> <span class='ocrx_word' id='word_1_64' title='bbox 287 876 519 931; x_wconf 90' lang='lat' dir='ltr'>minusque</span> <span class='ocrx_word' id='word_1_65' title='bbox 541 875 705 916; x_wconf 87' lang='lat' dir='ltr'>felicem</span> <span class='ocrx_word' id='word_1_66' title='bbox 729 876 897 917; x_wconf 84' lang='lat' dir='ltr'>exitum</span> <span class='ocrx_word' id='word_1_67' title='bbox 922 875 977 915; x_wconf 87' lang='lat' dir='ltr'>sit</span> <span class='ocrx_word' id='word_1_68' title='bbox 999 882 1295 916; x_wconf 83' lang='lat' dir='ltr'>consecutura.</span> 
     </span>
    </p>

    <p class='ocr_par' dir='ltr' id='par_1_3' title="bbox 51 948 1510 1497">
     <span class='ocr_line' id='line_1_10' title="bbox 111 948 1508 1005; baseline -0.001 -15"><span class='ocrx_word' id='word_1_69' title='bbox 111 948 198 990; x_wconf 91' lang='lat' dir='ltr'>His</span> <span class='ocrx_word' id='word_1_70' title='bbox 221 950 368 990; x_wconf 79' lang='lat' dir='ltr'>verbis</span> <span class='ocrx_word' id='word_1_71' title='bbox 396 950 550 990; x_wconf 88' lang='lat' dir='ltr'>Patres</span> <span class='ocrx_word' id='word_1_72' title='bbox 575 949 719 996; x_wconf 90' lang='lat' dir='ltr'>multi,</span> <span class='ocrx_word' id='word_1_73' title='bbox 751 948 1036 989; x_wconf 83' lang='lat' dir='ltr'>admiratione</span> <span class='ocrx_word' id='word_1_74' title='bbox 1069 963 1230 1005; x_wconf 82' lang='lat' dir='ltr'>magna</span> <span class='ocrx_word' id='word_1_75' title='bbox 1260 956 1363 989; x_wconf 89' lang='lat' dir='ltr'>sunt</span> <span class='ocrx_word' id='word_1_76' title='bbox 1398 963 1508 989; x_wconf 86' lang='lat' dir='ltr'>com-</span> 
     </span>
     <span class='ocr_line' id='line_1_11' title="bbox 54 1021 1509 1078; baseline -0.001 -15"><span class='ocrx_word' id='word_1_77' title='bbox 54 1022 174 1070; x_wconf 89' lang='lat' dir='ltr'>moti,</span> <span class='ocrx_word' id='word_1_78' title='bbox 198 1022 316 1078; x_wconf 90' lang='lat' dir='ltr'>quod</span> <span class='ocrx_word' id='word_1_79' title='bbox 338 1022 634 1062; x_wconf 87' lang='lat' dir='ltr'>Mantuanum</span> <span class='ocrx_word' id='word_1_80' title='bbox 658 1037 826 1062; x_wconf 89' lang='lat' dir='ltr'>summo</span> <span class='ocrx_word' id='word_1_81' title='bbox 849 1022 981 1061; x_wconf 89' lang='lat' dir='ltr'>animi</span> <span class='ocrx_word' id='word_1_82' title='bbox 1009 1021 1160 1062; x_wconf 88' lang='lat' dir='ltr'>ardore</span> <span class='ocrx_word' id='word_1_83' title='bbox 1181 1023 1409 1077; x_wconf 81' lang='lat' dir='ltr'>negotium</span> <span class='ocrx_word' id='word_1_84' title='bbox 1430 1021 1509 1062; x_wconf 90' lang='lat' dir='ltr'>hoc</span> 
     </span>
     <span class='ocr_line' id='line_1_12' title="bbox 52 1092 1509 1150; baseline -0.001 -16"><span class='ocrx_word' id='word_1_85' title='bbox 52 1095 303 1150; x_wconf 85' lang='lat' dir='ltr'>suscepisse,</span> <span class='ocrx_word' id='word_1_86' title='bbox 338 1094 573 1149; x_wconf 85' lang='lat' dir='ltr'>verbisque</span> <span class='ocrx_word' id='word_1_87' title='bbox 601 1108 684 1134; x_wconf 89' lang='lat' dir='ltr'>non</span> <span class='ocrx_word' id='word_1_88' title='bbox 715 1093 977 1149; x_wconf 78' lang='lat' dir='ltr'>vulgaribus</span> <span class='ocrx_word' id='word_1_89' title='bbox 1005 1092 1323 1133; x_wconf 86' lang='lat' dir='ltr'>commendasse</span> <span class='ocrx_word' id='word_1_90' title='bbox 1345 1093 1509 1148; x_wconf 89' lang='lat' dir='ltr'>conspi-</span> 
     </span>
     <span class='ocr_line' id='line_1_13' title="bbox 52 1165 1509 1221; baseline -0.001 -14"><span class='ocrx_word' id='word_1_91' title='bbox 52 1167 249 1216; x_wconf 89' lang='lat' dir='ltr'>ciebant;</span> <span class='ocrx_word' id='word_1_92' title='bbox 285 1182 331 1207; x_wconf 89' lang='lat' dir='ltr'>ac</span> <span class='ocrx_word' id='word_1_93' title='bbox 368 1167 680 1207; x_wconf 83' lang='lat' dir='ltr'>existimabant</span> <span class='ocrx_word' id='word_1_94' title='bbox 708 1166 901 1221; x_wconf 87' lang='lat' dir='ltr'>quidem,</span> <span class='ocrx_word' id='word_1_95' title='bbox 930 1180 1012 1205; x_wconf 92' lang='lat' dir='ltr'>non</span> <span class='ocrx_word' id='word_1_96' title='bbox 1037 1180 1136 1205; x_wconf 90' lang='lat' dir='ltr'>eum</span> <span class='ocrx_word' id='word_1_97' title='bbox 1161 1165 1215 1205; x_wconf 89' lang='lat' dir='ltr'>ad</span> <span class='ocrx_word' id='word_1_98' title='bbox 1236 1166 1333 1205; x_wconf 90' lang='lat' dir='ltr'>illos</span> <span class='ocrx_word' id='word_1_99' title='bbox 1354 1181 1509 1206; x_wconf 90' lang='lat' dir='ltr'>sermo-</span> 
     </span>
     <span class='ocr_line' id='line_1_14' title="bbox 53 1237 1507 1286; baseline -0.001 -8"><span class='ocrx_word' id='word_1_100' title='bbox 53 1253 164 1286; x_wconf 88' lang='lat' dir='ltr'>nem,</span> <span class='ocrx_word' id='word_1_101' title='bbox 188 1239 270 1280; x_wconf 86' lang='lat' dir='ltr'>nisi</span> <span class='ocrx_word' id='word_1_102' title='bbox 293 1254 346 1280; x_wconf 84' lang='lat' dir='ltr'>ex</span> <span class='ocrx_word' id='word_1_103' title='bbox 370 1239 599 1279; x_wconf 84' lang='lat' dir='ltr'>voluntate</span> <span class='ocrx_word' id='word_1_104' title='bbox 624 1239 857 1285; x_wconf 89' lang='lat' dir='ltr'>Pontificis,</span> <span class='ocrx_word' id='word_1_105' title='bbox 876 1238 1007 1278; x_wconf 88' lang='lat' dir='ltr'>fuisse</span> <span class='ocrx_word' id='word_1_106' title='bbox 1025 1237 1297 1278; x_wconf 87' lang='lat' dir='ltr'>habiturum.</span> <span class='ocrx_word' id='word_1_107' title='bbox 1343 1238 1507 1279; x_wconf 88' lang='lat' dir='ltr'>Verum</span> 
     </span>
     <span class='ocr_line' id='line_1_15' title="bbox 53 1308 1510 1366; baseline -0.001 -15"><span class='ocrx_word' id='word_1_108' title='bbox 53 1325 149 1352; x_wconf 90' lang='lat' dir='ltr'>cum</span> <span class='ocrx_word' id='word_1_109' title='bbox 185 1310 369 1351; x_wconf 84' lang='lat' dir='ltr'>dixisset</span> <span class='ocrx_word' id='word_1_110' title='bbox 406 1310 627 1366; x_wconf 66' lang='lat' dir='ltr'>Synodum</span> <span class='ocrx_word' id='word_1_111' title='bbox 662 1309 770 1350; x_wconf 83' lang='lat' dir='ltr'>hanc</span> <span class='ocrx_word' id='word_1_112' title='bbox 801 1310 844 1350; x_wconf 88' lang='lat' dir='ltr'>in</span> <span class='ocrx_word' id='word_1_113' title='bbox 881 1308 1064 1350; x_wconf 74' lang='lat' dir='ltr'>Caesaris</span> <span class='ocrx_word' id='word_1_114' title='bbox 1093 1310 1334 1365; x_wconf 85' lang='lat' dir='ltr'>patrocinio</span> <span class='ocrx_word' id='word_1_115' title='bbox 1365 1311 1510 1365; x_wconf 89' lang='lat' dir='ltr'>acqui-</span> 
     </span>
     <span class='ocr_line' id='line_1_16' title="bbox 53 1381 1510 1438; baseline -0.001 -15"><span class='ocrx_word' id='word_1_116' title='bbox 53 1397 210 1429; x_wconf 89' lang='lat' dir='ltr'>escere,</span> <span class='ocrx_word' id='word_1_117' title='bbox 228 1382 384 1423; x_wconf 90' lang='lat' dir='ltr'>mirum</span> <span class='ocrx_word' id='word_1_118' title='bbox 405 1381 652 1429; x_wconf 79' lang='lat' dir='ltr'>videbatur,</span> <span class='ocrx_word' id='word_1_119' title='bbox 675 1381 845 1422; x_wconf 89' lang='lat' dir='ltr'>nullam</span> <span class='ocrx_word' id='word_1_120' title='bbox 862 1381 930 1422; x_wconf 92' lang='lat' dir='ltr'>hic</span> <span class='ocrx_word' id='word_1_121' title='bbox 953 1381 1214 1422; x_wconf 85' lang='lat' dir='ltr'>mentionem</span> <span class='ocrx_word' id='word_1_122' title='bbox 1241 1381 1310 1421; x_wconf 81' lang='lat' dir='ltr'>S¹¹¹i</span> <span class='ocrx_word' id='word_1_123' title='bbox 1335 1397 1510 1438; x_wconf 89' lang='lat' dir='ltr'>quoquc</span> 
     </span>
     <span class='ocr_line' id='line_1_17' title="bbox 51 1455 509 1497; baseline -0.002 0"><span class='ocrx_word' id='word_1_124' title='bbox 51 1457 116 1497; x_wconf 91' lang='lat' dir='ltr'>nri</span> <span class='ocrx_word' id='word_1_125' title='bbox 138 1455 334 1497; x_wconf 87' lang='lat' dir='ltr'>habitam</span> <span class='ocrx_word' id='word_1_126' title='bbox 358 1456 509 1496; x_wconf 89' lang='lat' dir='ltr'>fuisse.</span> 
     </span>
    </p>

    <p class='ocr_par' dir='ltr' id='par_1_4' title="bbox 50 1529 1513 2682">
     <span class='ocr_line' id='line_1_18' title="bbox 110 1529 1506 1585; baseline -0.001 -15"><span class='ocrx_word' id='word_1_127' title='bbox 110 1529 197 1571; x_wconf 86' lang='lat' dir='ltr'>His</span> <span class='ocrx_word' id='word_1_128' title='bbox 235 1537 368 1585; x_wconf 89' lang='lat' dir='ltr'>atque</span> <span class='ocrx_word' id='word_1_129' title='bbox 402 1529 495 1569; x_wconf 84' lang='lat' dir='ltr'>aliis</span> <span class='ocrx_word' id='word_1_130' title='bbox 527 1529 782 1585; x_wconf 86' lang='lat' dir='ltr'>hujusmodi</span> <span class='ocrx_word' id='word_1_131' title='bbox 814 1529 957 1575; x_wconf 89' lang='lat' dir='ltr'>rebus,</span> <span class='ocrx_word' id='word_1_132' title='bbox 991 1543 1088 1568; x_wconf 89' lang='lat' dir='ltr'>cum</span> <span class='ocrx_word' id='word_1_133' title='bbox 1120 1543 1280 1583; x_wconf 82' lang='lat' dir='ltr'>magna</span> <span class='ocrx_word' id='word_1_134' title='bbox 1313 1529 1506 1569; x_wconf 91' lang='lat' dir='ltr'>omnium</span> 
     </span>
     <span class='ocr_line' id='line_1_19' title="bbox 52 1601 1510 1660; baseline -0.001 -16"><span class='ocrx_word' id='word_1_135' title='bbox 52 1603 302 1660; x_wconf 84' lang='lat' dir='ltr'>expectatio</span> <span class='ocrx_word' id='word_1_136' title='bbox 339 1603 530 1643; x_wconf 82' lang='lat' dir='ltr'>excitata</span> <span class='ocrx_word' id='word_1_137' title='bbox 563 1610 688 1649; x_wconf 85' lang='lat' dir='ltr'>esset,</span> <span class='ocrx_word' id='word_1_138' title='bbox 725 1617 856 1657; x_wconf 89' lang='lat' dir='ltr'>quem</span> <span class='ocrx_word' id='word_1_139' title='bbox 889 1601 1063 1642; x_wconf 85' lang='lat' dir='ltr'>tandem</span> <span class='ocrx_word' id='word_1_140' title='bbox 1098 1601 1263 1641; x_wconf 88' lang='lat' dir='ltr'>exitum</span> <span class='ocrx_word' id='word_1_141' title='bbox 1298 1616 1365 1641; x_wconf 87' lang='lat' dir='ltr'>res</span> <span class='ocrx_word' id='word_1_142' title='bbox 1397 1610 1510 1642; x_wconf 89' lang='lat' dir='ltr'>esset</span> 
     </span>
     <span class='ocr_line' id='line_1_20' title="bbox 52 1674 1507 1729; baseline -0.002 -11"><span class='ocrx_word' id='word_1_143' title='bbox 52 1677 275 1724; x_wconf 86' lang='lat' dir='ltr'>habitura,</span> <span class='ocrx_word' id='word_1_144' title='bbox 301 1675 422 1716; x_wconf 90' lang='lat' dir='ltr'>varia</span> <span class='ocrx_word' id='word_1_145' title='bbox 443 1675 614 1716; x_wconf 89' lang='lat' dir='ltr'>interim</span> <span class='ocrx_word' id='word_1_146' title='bbox 636 1675 771 1715; x_wconf 88' lang='lat' dir='ltr'>Prum</span> <span class='ocrx_word' id='word_1_147' title='bbox 791 1674 958 1729; x_wconf 86' lang='lat' dir='ltr'>judicia</span> <span class='ocrx_word' id='word_1_148' title='bbox 979 1674 1402 1723; x_wconf 81' lang='lat' dir='ltr'>disseminabantur3</span> <span class='ocrx_word' id='word_1_149' title='bbox 1436 1689 1507 1716; x_wconf 88' lang='lat' dir='ltr'>ne-</span> 
     </span>
     <span class='ocr_line' id='line_1_21' title="bbox 51 1745 1508 1806; baseline -0.003 -14"><span class='ocrx_word' id='word_1_150' title='bbox 51 1765 210 1806; x_wconf 89' lang='lat' dir='ltr'>moque</span> <span class='ocrx_word' id='word_1_151' title='bbox 233 1755 340 1797; x_wconf 88' lang='lat' dir='ltr'>erat,</span> <span class='ocrx_word' id='word_1_152' title='bbox 363 1748 439 1804; x_wconf 91' lang='lat' dir='ltr'>qui</span> <span class='ocrx_word' id='word_1_153' title='bbox 460 1762 544 1788; x_wconf 89' lang='lat' dir='ltr'>non</span> <span class='ocrx_word' id='word_1_154' title='bbox 566 1763 656 1788; x_wconf 89' lang='lat' dir='ltr'>rem</span> <span class='ocrx_word' id='word_1_155' title='bbox 681 1748 997 1803; x_wconf 81' lang='lat' dir='ltr'>gravissimam.</span> <span class='ocrx_word' id='word_1_156' title='bbox 1029 1762 1215 1801; x_wconf 76' lang='lat' dir='ltr'>vereque</span> <span class='ocrx_word' id='word_1_157' title='bbox 1238 1745 1373 1802; x_wconf 88' lang='lat' dir='ltr'>hujus</span> <span class='ocrx_word' id='word_1_158' title='bbox 1397 1746 1508 1788; x_wconf 85' lang='lat' dir='ltr'>Con-</span> 
     </span>
     <span class='ocr_line' id='line_1_22' title="bbox 53 1819 1509 1878; baseline -0.002 -13"><span class='ocrx_word' id='word_1_159' title='bbox 53 1825 140 1865; x_wconf 90' lang='lat' dir='ltr'>cilii</span> <span class='ocrx_word' id='word_1_160' title='bbox 162 1822 410 1878; x_wconf 86' lang='lat' dir='ltr'>frequentia</span> <span class='ocrx_word' id='word_1_161' title='bbox 430 1837 479 1862; x_wconf 90' lang='lat' dir='ltr'>ac</span> <span class='ocrx_word' id='word_1_162' title='bbox 501 1821 754 1862; x_wconf 86' lang='lat' dir='ltr'>celebritate</span> <span class='ocrx_word' id='word_1_163' title='bbox 775 1820 953 1875; x_wconf 83' lang='lat' dir='ltr'>dignam</span> <span class='ocrx_word' id='word_1_164' title='bbox 975 1819 1270 1875; x_wconf 84' lang='lat' dir='ltr'>responderet.</span> <span class='ocrx_word' id='word_1_165' title='bbox 1326 1820 1509 1862; x_wconf 89' lang='lat' dir='ltr'>Minime</span> 
     </span>
     <span class='ocr_line' id='line_1_23' title="bbox 54 1892 1507 1949; baseline -0.001 -11"><span class='ocrx_word' id='word_1_166' title='bbox 54 1905 201 1938; x_wconf 87' lang='lat' dir='ltr'>autem</span> <span class='ocrx_word' id='word_1_167' title='bbox 236 1896 283 1936; x_wconf 89' lang='lat' dir='ltr'>id</span> <span class='ocrx_word' id='word_1_168' title='bbox 315 1895 536 1942; x_wconf 83' lang='lat' dir='ltr'>satisfecit,</span> <span class='ocrx_word' id='word_1_169' title='bbox 574 1893 691 1949; x_wconf 90' lang='lat' dir='ltr'>quod</span> <span class='ocrx_word' id='word_1_170' title='bbox 723 1909 818 1934; x_wconf 92' lang='lat' dir='ltr'>cum</span> <span class='ocrx_word' id='word_1_171' title='bbox 851 1893 893 1933; x_wconf 93' lang='lat' dir='ltr'>in</span> <span class='ocrx_word' id='word_1_172' title='bbox 927 1892 1109 1933; x_wconf 88' lang='lat' dir='ltr'>eandem</span> <span class='ocrx_word' id='word_1_173' title='bbox 1147 1909 1295 1935; x_wconf 90' lang='lat' dir='ltr'>omnes</span> <span class='ocrx_word' id='word_1_174' title='bbox 1319 1902 1394 1935; x_wconf 88' lang='lat' dir='ltr'>aut</span> <span class='ocrx_word' id='word_1_175' title='bbox 1423 1909 1507 1936; x_wconf 91' lang='lat' dir='ltr'>non</span> 
     </span>
     <span class='ocr_line' id='line_1_24' title="bbox 50 1965 1508 2022; baseline -0.001 -11"><span class='ocrx_word' id='word_1_176' title='bbox 50 1970 249 2011; x_wconf 88' lang='lat' dir='ltr'>similem¹</span> <span class='ocrx_word' id='word_1_177' title='bbox 286 1968 412 2010; x_wconf 89' lang='lat' dir='ltr'>valde</span> <span class='ocrx_word' id='word_1_178' title='bbox 447 1967 706 2009; x_wconf 84' lang='lat' dir='ltr'>sententiam</span> <span class='ocrx_word' id='word_1_179' title='bbox 736 1967 888 2007; x_wconf 89' lang='lat' dir='ltr'>Patres</span> <span class='ocrx_word' id='word_1_180' title='bbox 912 1965 1174 2006; x_wconf 88' lang='lat' dir='ltr'>discessuros</span> <span class='ocrx_word' id='word_1_181' title='bbox 1195 1968 1423 2022; x_wconf 85' lang='lat' dir='ltr'>probabile</span> <span class='ocrx_word' id='word_1_182' title='bbox 1446 1969 1508 2009; x_wconf 81' lang='lat' dir='ltr'>vi-</span> 
     </span>
     <span class='ocr_line' id='line_1_25' title="bbox 53 2038 1509 2097; baseline -0.001 -15"><span class='ocrx_word' id='word_1_183' title='bbox 53 2041 247 2089; x_wconf 85' lang='lat' dir='ltr'>deretur,</span> <span class='ocrx_word' id='word_1_184' title='bbox 280 2047 515 2097; x_wconf 84' lang='lat' dir='ltr'>propterca</span> <span class='ocrx_word' id='word_1_185' title='bbox 545 2038 677 2095; x_wconf 83' lang='lat' dir='ltr'>quod,</span> <span class='ocrx_word' id='word_1_186' title='bbox 711 2038 747 2079; x_wconf 90' lang='lat' dir='ltr'>si</span> <span class='ocrx_word' id='word_1_187' title='bbox 777 2053 865 2093; x_wconf 87' lang='lat' dir='ltr'>qua</span> <span class='ocrx_word' id='word_1_188' title='bbox 896 2052 1089 2093; x_wconf 87' lang='lat' dir='ltr'>unquam</span> <span class='ocrx_word' id='word_1_189' title='bbox 1123 2038 1168 2077; x_wconf 88' lang='lat' dir='ltr'>iu</span> <span class='ocrx_word' id='word_1_190' title='bbox 1201 2053 1247 2079; x_wconf 90' lang='lat' dir='ltr'>re</span> <span class='ocrx_word' id='word_1_191' title='bbox 1269 2040 1509 2080; x_wconf 86' lang='lat' dir='ltr'>existimari</span> 
     </span>
     <span class='ocr_line' id='line_1_26' title="bbox 53 2109 1510 2171; baseline -0.002 -15"><span class='ocrx_word' id='word_1_192' title='bbox 53 2115 198 2171; x_wconf 89' lang='lat' dir='ltr'>potuit</span> <span class='ocrx_word' id='word_1_193' title='bbox 219 2129 370 2155; x_wconf 90' lang='lat' dir='ltr'>eorum</span> <span class='ocrx_word' id='word_1_194' title='bbox 395 2114 558 2154; x_wconf 91' lang='lat' dir='ltr'>animos</span> <span class='ocrx_word' id='word_1_195' title='bbox 580 2113 622 2152; x_wconf 92' lang='lat' dir='ltr'>in</span> <span class='ocrx_word' id='word_1_196' title='bbox 646 2110 823 2152; x_wconf 85' lang='lat' dir='ltr'>ferendo</span> <span class='ocrx_word' id='word_1_197' title='bbox 845 2110 1054 2166; x_wconf 83' lang='lat' dir='ltr'>suffragio</span> <span class='ocrx_word' id='word_1_198' title='bbox 1079 2109 1281 2151; x_wconf 86' lang='lat' dir='ltr'>candidos</span> <span class='ocrx_word' id='word_1_199' title='bbox 1302 2113 1510 2168; x_wconf 88' lang='lat' dir='ltr'>omnique</span> 
     </span>
     <span class='ocr_line' id='line_1_27' title="bbox 53 2183 1508 2242; baseline -0.001 -13"><span class='ocrx_word' id='word_1_200' title='bbox 53 2187 325 2229; x_wconf 86' lang='lat' dir='ltr'>solicitudine</span> <span class='ocrx_word' id='word_1_201' title='bbox 359 2202 406 2228; x_wconf 86' lang='lat' dir='ltr'>ac</span> <span class='ocrx_word' id='word_1_202' title='bbox 438 2186 681 2242; x_wconf 87' lang='lat' dir='ltr'>cupiditate</span> <span class='ocrx_word' id='word_1_203' title='bbox 715 2199 875 2225; x_wconf 82' lang='lat' dir='ltr'>vacuos</span> <span class='ocrx_word' id='word_1_204' title='bbox 906 2185 1129 2232; x_wconf 78' lang='lat' dir='ltr'>extituros,</span> <span class='ocrx_word' id='word_1_205' title='bbox 1164 2183 1241 2225; x_wconf 87' lang='lat' dir='ltr'>hoc</span> <span class='ocrx_word' id='word_1_206' title='bbox 1264 2192 1380 2226; x_wconf 88' lang='lat' dir='ltr'>certe</span> <span class='ocrx_word' id='word_1_207' title='bbox 1402 2186 1508 2235; x_wconf 84' lang='lat' dir='ltr'>loco,</span> 
     </span>
     <span class='ocr_line' id='line_1_28' title="bbox 54 2257 1511 2313; baseline -0.001 -12"><span class='ocrx_word' id='word_1_208' title='bbox 54 2275 150 2301; x_wconf 90' lang='lat' dir='ltr'>cum</span> <span class='ocrx_word' id='word_1_209' title='bbox 174 2275 258 2308; x_wconf 91' lang='lat' dir='ltr'>eos,</span> <span class='ocrx_word' id='word_1_210' title='bbox 281 2275 358 2301; x_wconf 89' lang='lat' dir='ltr'>nec</span> <span class='ocrx_word' id='word_1_211' title='bbox 381 2259 676 2300; x_wconf 89' lang='lat' dir='ltr'>Bohemorum</span> <span class='ocrx_word' id='word_1_212' title='bbox 699 2258 782 2298; x_wconf 91' lang='lat' dir='ltr'>illis</span> <span class='ocrx_word' id='word_1_213' title='bbox 798 2259 1045 2313; x_wconf 85' lang='lat' dir='ltr'>ignotorum</span> <span class='ocrx_word' id='word_1_214' title='bbox 1065 2272 1206 2304; x_wconf 86' lang='lat' dir='ltr'>causa,</span> <span class='ocrx_word' id='word_1_215' title='bbox 1229 2272 1305 2297; x_wconf 92' lang='lat' dir='ltr'>nec</span> <span class='ocrx_word' id='word_1_216' title='bbox 1322 2257 1511 2300; x_wconf 75' lang='lat' dir='ltr'>Caesaris</span> 
     </span>
     <span class='ocr_line' id='line_1_29' title="bbox 53 2331 1513 2387; baseline -0.001 -12"><span class='ocrx_word' id='word_1_217' title='bbox 53 2335 162 2375; x_wconf 84' lang='lat' dir='ltr'>ratio</span> <span class='ocrx_word' id='word_1_218' title='bbox 196 2334 474 2376; x_wconf 80' lang='lat' dir='ltr'>Pontificisvc</span> <span class='ocrx_word' id='word_1_219' title='bbox 512 2333 747 2373; x_wconf 84' lang='lat' dir='ltr'>auctoritas</span> <span class='ocrx_word' id='word_1_220' title='bbox 780 2331 859 2372; x_wconf 87' lang='lat' dir='ltr'>hac</span> <span class='ocrx_word' id='word_1_221' title='bbox 896 2331 939 2371; x_wconf 92' lang='lat' dir='ltr'>in</span> <span class='ocrx_word' id='word_1_222' title='bbox 975 2339 1101 2387; x_wconf 83' lang='lat' dir='ltr'>parte</span> <span class='ocrx_word' id='word_1_223' title='bbox 1138 2331 1386 2386; x_wconf 76' lang='lat' dir='ltr'>equalibus²</span> <span class='ocrx_word' id='word_1_224' title='bbox 1419 2348 1513 2374; x_wconf 92' lang='lat' dir='ltr'>mo-</span> 
     </span>
     <span class='ocr_line' id='line_1_30' title="bbox 54 2405 1510 2461; baseline 0.001 -14"><span class='ocrx_word' id='word_1_225' title='bbox 54 2415 188 2456; x_wconf 86' lang='lat' dir='ltr'>veret,</span> <span class='ocrx_word' id='word_1_226' title='bbox 230 2422 302 2448; x_wconf 90' lang='lat' dir='ltr'>eos</span> <span class='ocrx_word' id='word_1_227' title='bbox 344 2405 577 2447; x_wconf 84' lang='lat' dir='ltr'>admodum</span> <span class='ocrx_word' id='word_1_228' title='bbox 615 2406 841 2446; x_wconf 84' lang='lat' dir='ltr'>unanimes</span> <span class='ocrx_word' id='word_1_229' title='bbox 883 2406 1054 2446; x_wconf 88' lang='lat' dir='ltr'>futuros</span> <span class='ocrx_word' id='word_1_230' title='bbox 1095 2405 1242 2461; x_wconf 87' lang='lat' dir='ltr'>opinio</span> <span class='ocrx_word' id='word_1_231' title='bbox 1278 2412 1385 2448; x_wconf 88' lang='lat' dir='ltr'>erat.</span> <span class='ocrx_word' id='word_1_232' title='bbox 1446 2407 1510 2448; x_wconf 89' lang='lat' dir='ltr'>Et</span> 
     </span>
     <span class='ocr_line' id='line_1_31' title="bbox 54 2477 1509 2535; baseline -0.001 -13"><span class='ocrx_word' id='word_1_233' title='bbox 54 2486 209 2528; x_wconf 83' lang='lat' dir='ltr'>tamen,</span> <span class='ocrx_word' id='word_1_234' title='bbox 245 2479 353 2521; x_wconf 89' lang='lat' dir='ltr'>adeo</span> <span class='ocrx_word' id='word_1_235' title='bbox 384 2479 555 2520; x_wconf 88' lang='lat' dir='ltr'>diversa</span> <span class='ocrx_word' id='word_1_236' title='bbox 588 2479 942 2535; x_wconf 85' lang='lat' dir='ltr'>multipliciaque</span> <span class='ocrx_word' id='word_1_237' title='bbox 976 2493 1125 2518; x_wconf 87' lang='lat' dir='ltr'>eorum</span> <span class='ocrx_word' id='word_1_238' title='bbox 1155 2477 1325 2533; x_wconf 84' lang='lat' dir='ltr'>judicia</span> <span class='ocrx_word' id='word_1_239' title='bbox 1352 2480 1509 2521; x_wconf 81' lang='lat' dir='ltr'>extite-</span> 
     </span>
     <span class='ocr_line' id='line_1_32' title="bbox 53 2552 1508 2609; baseline 0 -15"><span class='ocrx_word' id='word_1_240' title='bbox 53 2560 166 2603; x_wconf 89' lang='lat' dir='ltr'>runt,</span> <span class='ocrx_word' id='word_1_241' title='bbox 189 2560 239 2594; x_wconf 93' lang='lat' dir='ltr'>ut</span> <span class='ocrx_word' id='word_1_242' title='bbox 260 2552 471 2594; x_wconf 83' lang='lat' dir='ltr'>hactenus</span> <span class='ocrx_word' id='word_1_243' title='bbox 494 2552 615 2593; x_wconf 88' lang='lat' dir='ltr'>nulla</span> <span class='ocrx_word' id='word_1_244' title='bbox 639 2552 726 2593; x_wconf 85' lang='lat' dir='ltr'>alia</span> <span class='ocrx_word' id='word_1_245' title='bbox 747 2552 1038 2593; x_wconf 86' lang='lat' dir='ltr'>controversia</span> <span class='ocrx_word' id='word_1_246' title='bbox 1059 2558 1146 2592; x_wconf 88' lang='lat' dir='ltr'>tam</span> <span class='ocrx_word' id='word_1_247' title='bbox 1175 2552 1316 2592; x_wconf 88' lang='lat' dir='ltr'>varias</span> <span class='ocrx_word' id='word_1_248' title='bbox 1350 2554 1508 2609; x_wconf 87' lang='lat' dir='ltr'>ancipi-</span> 
     </span>
     <span class='ocr_line' id='line_1_33' title="bbox 55 2625 1507 2682; baseline 0 -15"><span class='ocrx_word' id='word_1_249' title='bbox 55 2632 205 2682; x_wconf 90' lang='lat' dir='ltr'>tesque</span> <span class='ocrx_word' id='word_1_250' title='bbox 219 2626 426 2667; x_wconf 89' lang='lat' dir='ltr'>habuerit</span> <span class='ocrx_word' id='word_1_251' title='bbox 440 2625 688 2666; x_wconf 83' lang='lat' dir='ltr'>sententias.</span> <span class='ocrx_word' id='word_1_252' title='bbox 724 2625 891 2665; x_wconf 86' lang='lat' dir='ltr'>Earum</span> <span class='ocrx_word' id='word_1_253' title='bbox 911 2640 994 2680; x_wconf 86' lang='lat' dir='ltr'>ego</span> <span class='ocrx_word' id='word_1_254' title='bbox 1011 2639 1223 2665; x_wconf 87' lang='lat' dir='ltr'>summam</span> <span class='ocrx_word' id='word_1_255' title='bbox 1240 2639 1507 2681; x_wconf 86' lang='lat' dir='ltr'>quamquam</span> 
     </span>
    </p>
   </div>
   <div class='ocr_carea' id='block_1_3' title="bbox 96 2730 824 2815">
    <p class='ocr_par' dir='ltr' id='par_1_5' title="bbox 96 2730 824 2815">
     <span class='ocr_line' id='line_1_34' title="bbox 97 2730 357 2762; baseline -0.012 1"><span class='ocrx_word' id='word_1_256' title='bbox 97 2730 105 2749; x_wconf 91' lang='lat'>¹</span> <span class='ocrx_word' id='word_1_257' title='bbox 133 2731 328 2762; x_wconf 85' lang='lat' dir='ltr'>Dissimilem</span> <span class='ocrx_word' id='word_1_258' title='bbox 342 2730 357 2760; x_wconf 63' lang='grc' dir='ltr'>’ἓ</span> 
     </span>
     <span class='ocr_line' id='line_1_35' title="bbox 96 2783 824 2815; baseline -0.001 0"><span class='ocrx_word' id='word_1_259' title='bbox 96 2783 109 2802; x_wconf 84' lang='lat'><strong>¹</strong></span> <span class='ocrx_word' id='word_1_260' title='bbox 134 2786 147 2815; x_wconf 86' lang='lat'>1</span> <span class='ocrx_word' id='word_1_261' title='bbox 165 2789 277 2815; x_wconf 83' lang='lat' dir='ltr'>cannot</span> <span class='ocrx_word' id='word_1_262' title='bbox 293 2784 346 2814; x_wconf 85' lang='lat' dir='ltr'>tell</span> <span class='ocrx_word' id='word_1_263' title='bbox 364 2784 446 2814; x_wconf 80' lang='lat' dir='ltr'>what</span> <span class='ocrx_word' id='word_1_264' title='bbox 462 2783 523 2813; x_wconf 54' lang='lat' dir='ltr'>this</span> <span class='ocrx_word' id='word_1_265' title='bbox 539 2784 622 2814; x_wconf 85' lang='lat' dir='ltr'>word</span> <span class='ocrx_word' id='word_1_266' title='bbox 640 2783 754 2813; x_wconf 71' lang='lat' dir='ltr'>should</span> <span class='ocrx_word' id='word_1_267' title='bbox 776 2784 824 2814; x_wconf 80' lang='lat' dir='ltr'>be.</span> 
     </span>
    </p>
   </div>
  </div>
 </body>
</html>
