1905 3254
347 302 431 343 638
981 317 1087 347 31138.
1112 318 1171 348 ix.

350 437 498 463 omnes
519 422 701 464 Praelati
722 421 766 463 id
788 437 873 464 uno
894 437 967 464 ore
989 423 1319 479 responderunt,
1344 423 1586 464 Concilium
1608 422 1678 463 die
1694 438 1802 479 prae-

348 495 510 550 scripta
529 495 777 545 finiendum,
810 501 853 537 et
884 494 1058 536 decreta
1088 495 1190 546 duo,
1223 495 1408 536 alterum
1441 495 1496 536 de
1527 496 1803 552 Purgatorio,

350 567 535 607 alterum
552 567 605 607 de
628 567 919 623 Imaginibus,
938 582 985 608 ac
1007 568 1302 609 Veneratione
1322 569 1592 617 Sanctorum,
1609 569 1804 609 breviter

348 638 640 693 concipienda,
670 639 750 679 ubi
783 640 947 679 abusus
984 646 1155 680 tantum
1188 646 1509 687 recenseantur,
1544 646 1588 680 et
1619 654 1719 694 quae
1741 640 1803 680 in-

348 710 553 753 dubitata
575 719 677 754 sunt
698 712 907 769 dogmata
922 714 1173 754 firmentur:
1207 713 1378 768 reliqua
1392 712 1801 768 praetermittantur.

748 851 840 899 Die
867 854 929 899 29
957 852 1242 899 Novembris
1272 854 1413 898 1563.

406 974 563 1016 Comes
583 975 802 1016 Lunensis
815 982 1022 1016 convocat
1042 990 1186 1016 omnes
1202 975 1413 1016 Praelatos
1437 975 1659 1031 Hispanos
1681 975 1802 1017 domi

346 1049 468 1093 suae,¹
493 1051 537 1086 et
567 1061 924 1102 unumquemque
947 1047 1080 1088 etiam
1108 1046 1397 1103 jurejurando
1429 1047 1580 1103 adigit,
1603 1062 1656 1087 ne
1684 1048 1804 1103 quic-

346 1134 478 1175 quam
494 1120 612 1176 quod
627 1121 739 1161 inter
752 1136 823 1162 eos
839 1128 1072 1162 tractatum
1088 1128 1437 1176 conventumque
1455 1121 1589 1162 fuerit
1602 1121 1804 1177 cuiquam

346 1192 516 1248 aperire
558 1193 761 1234 audeant.
836 1195 948 1234 Haec
988 1209 1057 1234 res
1096 1194 1203 1234 mire
1245 1193 1447 1234 omnibus
1487 1192 1722 1249 displicuit,
1762 1200 1806 1235 et

346 1267 559 1321 quamvis,
604 1267 714 1322 quid
753 1268 865 1308 inter
901 1283 973 1308 eos
1008 1275 1153 1309 actum
1194 1267 1327 1308 fuerit
1362 1274 1527 1308 certum
1562 1283 1645 1309 non
1680 1275 1804 1317 esset,

346 1340 533 1396 suspicio
565 1347 711 1382 tamen
743 1348 836 1382 erat
863 1357 946 1382 non
982 1342 1103 1389 levis,
1127 1356 1198 1382 eos
1232 1342 1509 1390 consultasse,
1533 1357 1619 1397 qua
1639 1343 1806 1384 ratione

346 1429 538 1469 praesens
562 1414 746 1456 Concilii
777 1415 872 1456 finis
903 1416 1039 1471 possit
1070 1415 1297 1470 impediri3
1333 1415 1463 1471 quod,
1487 1416 1590 1465 scil.,
1614 1417 1803 1465 aiebant,

345 1488 591 1543 neglectam
615 1488 754 1529 videri
785 1504 909 1544 posse
933 1488 1070 1544 Regis
1103 1488 1304 1544 Philippi
1336 1488 1659 1537 authoritatem,
1683 1491 1732 1538 si,
1756 1505 1805 1532 eo

344 1561 588 1617 ignorante,
613 1567 735 1602 tanta
755 1576 823 1602 res
845 1576 994 1602 eorum
1018 1575 1227 1602 consensu
1241 1561 1558 1602 terminaretur.

404 1634 584 1674 Postero
612 1633 682 1674 die
716 1633 834 1674 idem
868 1633 1025 1675 Comes
1049 1633 1266 1674 Lunensis
1297 1634 1511 1675 Praelatos
1541 1635 1632 1675 sere
1653 1649 1801 1677 omnes

348 1707 497 1754 Italos,
521 1707 597 1762 qui
617 1706 802 1763 subjecti
831 1714 930 1748 sunt
964 1706 1118 1747 ditioni
1140 1713 1182 1747 et
1218 1706 1400 1762 imperio
1422 1708 1559 1763 Regis
1595 1707 1805 1765 Philippi,

346 1781 591 1838 praesertim
615 1782 659 1821 in
682 1781 839 1836 Regno
871 1781 1173 1836 Neapolitano
1196 1781 1388 1830 accersit,
1413 1781 1489 1837 qui
1520 1782 1698 1824 fuerunt
1729 1783 1805 1824 cir-

345 1854 450 1894 citer
489 1853 559 1900 40,
602 1852 856 1909 eisdemque
899 1854 1132 1894 nonnullas
1173 1854 1354 1910 exponit
1398 1855 1600 1903 rationes,
1645 1855 1805 1911 quibus

348 1925 705 1966 consentiendum
737 1941 821 1967 non
855 1927 923 1975 sit,
958 1934 1008 1968 ut
1042 1927 1139 1967 finis
1163 1927 1348 1968 Concilii
1384 1928 1584 1983 proxima
1618 1929 1804 1970 sessione

346 1999 579 2048 habeatur,
615 2000 839 2056 praecipue
873 2015 974 2041 vero
1007 2001 1111 2056 quia
1143 2001 1337 2041 materiae
1373 2016 1532 2051 omnes
1563 2017 1663 2057 quae
1699 2002 1805 2059 dog-

347 2081 514 2115 matum
565 2081 679 2123 sunt,
719 2082 889 2116 mature
931 2089 1016 2115 non
1057 2075 1142 2115 sint
1183 2074 1381 2131 digestae,
1423 2091 1501 2116 nec
1540 2076 1693 2117 deceat
1733 2092 1805 2118 eas

346 2154 509 2188 temere
559 2148 860 2202 praecipitare:
912 2147 1080 2197 deinde,
1134 2149 1238 2203 quia
1293 2148 1487 2204 Philippi
1541 2149 1677 2205 Regis
1729 2165 1806 2191 nec

346 2234 586 2265 consensus,
610 2234 689 2260 nec
709 2220 864 2260 notitia
884 2220 989 2268 ulla,
1011 2220 1055 2260 in
1090 2220 1170 2261 hac
1192 2236 1238 2261 re
1259 2221 1498 2262 intercedit.
1559 2221 1666 2262 Fuit
1688 2223 1726 2262 ei
1749 2222 1804 2263 ab

347 2292 550 2332 omnibus
587 2306 857 2346 responsum,
896 2291 1070 2333 duobus
1110 2299 1280 2333 tantum
1313 2300 1388 2334 aut
1423 2293 1566 2333 tribus
1600 2295 1804 2350 exceptiS,

347 2365 608 2406 occasionem
629 2364 739 2406 hanc
758 2365 1011 2406 absolvendi
1032 2365 1288 2413 Concilium,
1308 2366 1632 2408 discedentibus
1651 2368 1804 2416 Gallis,

345 2439 600 2480 nullatenus
622 2454 713 2480 esse
737 2439 1022 2480 amittendam
1040 2457 1050 2491 3
1084 2440 1223 2481 multa
1244 2441 1529 2497 supervenire
1551 2455 1688 2496 posse,
1705 2456 1805 2497 quae

347 2513 532 2553 exitum*
561 2511 677 2553 hunc
697 2512 1006 2562 interturbent,
1030 2513 1171 2555 veluti
1202 2514 1371 2555 obitum
1406 2513 1620 2555 Caesareae
1651 2519 1804 2571 maJes-

389 2636 399 2656 ¹
424 2635 529 2675 Rayn.
544 2634 613 2665 here
627 2635 719 2666 omits
735 2635 786 2665 the
802 2635 872 2665 four
887 2635 965 2666 lines
979 2640 1010 2666 to
1025 2637 1172 2675 suspicio.

390 2693 402 2711 ²
424 2695 541 2733 Rayn„
555 2704 618 2731 seu,
637 2694 722 2731 MS„
738 2693 850 2727 which,
868 2693 983 2734 placed
1000 2694 1172 2733 elsewhere,
1189 2704 1263 2733 may
1280 2694 1318 2724 be
1334 2693 1427 2733 right,
1443 2694 1472 2724 if
1483 2694 1532 2724 the
1548 2695 1658 2726 author
1672 2695 1804 2736 thought

345 2748 381 2778 of
400 2747 604 2785 introducing
620 2746 671 2776 the
685 2746 879 2787 supposition
906 2747 942 2777 of
963 2747 1013 2777 the
1036 2747 1129 2777 death
1146 2748 1181 2778 of
1199 2747 1251 2777 the
1266 2747 1390 2787 pontifl',
1407 2748 1468 2777 aud
1485 2748 1548 2778 had
1573 2759 1605 2779 so
1632 2749 1720 2779 done.
1765 2750 1803 2779 In

345 2801 418 2839 fact,
435 2800 623 2840 Raynaldus
638 2800 697 2830 llas
720 2800 906 2830 introduced
932 2800 966 2837 it,
989 2801 1053 2830 and
1080 2811 1163 2832 news
1190 2801 1270 2832 from
1290 2801 1390 2832 Rome
1416 2800 1635 2841 immediately
1648 2802 1726 2833 after
1744 2813 1800 2833 an-

346 2854 491 2884 nounced
506 2853 557 2884 the
573 2854 747 2892 ‹langerous
764 2853 870 2884 illness
886 2854 920 2883 of
932 2853 1020 2883 Pius.
