1905 3254
349 268 405 307 98
974 277 1089 306 SEss.
1115 276 1179 305 111.

875 384 1181 431 Reformatio.
1218 380 1294 429 fol.

722 462 864 509 Nunc
889 463 979 508 ista
1003 459 1457 524 proponebantur—-

461 555 498 596 I.
531 555 781 609 Paupertas
802 550 1041 592 multarum
1063 545 1375 588 Ecclesiarum.

433 629 497 670 II.
533 627 711 684 Injuriae
734 632 778 666 et
800 623 1104 680 oppressiones
1124 619 1416 660 Dominorum
1439 611 1760 669 temporalium.

411 701 500 742 III.
536 698 823 740 Inhibitiones
844 696 1096 751 frequentes
1118 693 1174 733 ab
1198 692 1254 732 A.
1272 690 1322 730 C.

414 774 494 816 IV.
529 771 869 829 Appellationes
883 771 927 810 in
944 768 1127 824 singulis
1142 767 1275 808 rebus
1296 763 1352 805 ad
1367 763 1609 803 Romanam
1629 756 1819 798 Curiam.

441 848 494 890 V.
528 846 859 902 Exemptiones,
902 841 1152 899 privilegia,
1185 836 1517 881 conservatoriae
1555 832 1684 875 variis
1725 844 1819 870 con-

566 933 710 960 cessae.

411 994 493 1036 VI.
527 993 652 1034 Mare
673 1004 885 1046 magnum
908 987 1225 1043 religiosorum.

393 1068 501 1111 VII.
534 1064 872 1108 Reservationes
894 1063 1119 1102 fructuum
1145 1065 1189 1099 et
1211 1056 1506 1103 collationum,
1530 1069 1577 1094 ac
1599 1051 1827 1107 pensiones

569 1153 723 1196 graves
745 1150 877 1192 super
898 1133 1118 1175 Ecclesiis.

368 1215 505 1258 VIII.
539 1211 812 1255 Provisiones
845 1208 1153 1249 beneficiorum
1191 1204 1453 1250 vacantium,
1492 1215 1593 1257 quae
1627 1199 1682 1240 ad
1716 1197 1827 1238 ordi-

568 1284 714 1326 narios
753 1297 838 1322 non
879 1286 1093 1336 spectant,
1144 1279 1201 1319 ob
1242 1276 1420 1333 regulas
1463 1272 1745 1315 Cancellariae
1786 1276 1828 1310 et

571 1357 947 1410 Extra-vagantes.

415 1433 501 1475 IX.
537 1430 666 1482 Quod
685 1429 818 1485 plura
837 1425 1048 1467 beneficia
1066 1424 1227 1465 dantur
1248 1423 1323 1463 uni
1344 1437 1369 1462 a
1389 1422 1528 1477 Papa,
1546 1426 1588 1460 et
1610 1416 1832 1459 Parochiae

574 1510 722 1546 carent
742 1502 892 1542 debito
914 1499 1105 1541 servitio,

445 1581 506 1621 X.
541 1578 671 1630 Quod
691 1576 897 1617 ordinarii
916 1573 1038 1615 nulla
1071 1573 1159 1614 fere
1192 1574 1321 1613 eausa
1349 1568 1542 1625 suspecti
1564 1570 1833 1609 accusantur,

575 1658 619 1692 et
640 1664 781 1691 causae
815 1648 871 1689 ab
903 1646 970 1687 his
1003 1651 1195 1686 avocatae
1229 1642 1444 1684 affectatis
1470 1638 1694 1696 judicibus
1723 1650 1831 1676 com-
1888 1656 1890 1691 5

576 1725 825 1764 mittuntur.

418 1800 506 1841 XI.
540 1796 831 1853 Pragmaticae
854 1792 1186 1835 constitutiones
1207 1797 1250 1831 et
1272 1787 1543 1830 concordata.

396 1873 511 1915 XII.
548 1870 678 1922 Quod
700 1869 879 1910 diocesis
902 1867 958 1908 ab
980 1866 1075 1907 aliis
1097 1863 1360 1920 quandoque
1384 1860 1603 1905 visitatur,
1627 1872 1680 1897 ex
1705 1855 1836 1911 privi-
1886 1844 1889 1907 l

580 1944 712 2000 legio,
733 1942 872 1984 invito
895 1941 1025 1982 etiam
1047 1936 1277 1979 ordinario.
1887 1913 1890 1933 ²

380 2020 523 2062 XIII.
558 2015 864 2058 Relaxandum
905 2015 1206 2070 juramentum
1248 2007 1494 2064 Episcopis,
1534 2019 1587 2046 ne
1628 2008 1840 2059 cogantur
1886 2015 1889 2053 ,j

584 2090 762 2130 visitare
802 2087 955 2126 limina
990 2083 1316 2139 Apostolorum,
1360 2086 1404 2120 et
1442 2079 1505 2120 ita
1546 2091 1729 2134 gregem
1770 2073 1840 2114 de·

582 2178 739 2204 serere.
1884 2146 1887 2166 ³

442 2238 594 2280 Tertio
614 2237 708 2277 loco
729 2235 782 2276 de
805 2233 950 2290 poenis
978 2237 1122 2272 actum
1157 2229 1253 2276 fuit,
1282 2228 1445 2283 quibus
1466 2223 1706 2267 mulctandi
1727 2221 1841 2264 vide·
1884 2205 1887 2275 ,ᾗ

384 2319 550 2362 rentur,
592 2310 669 2366 qui
708 2308 889 2365 posthac
929 2318 1115 2362 peregre
1155 2300 1465 2358 proficiscendo
1500 2299 1707 2339 Dioceses
1746 2308 1846 2336 suas

386 2386 662 2434 desererent3
703 2382 892 2436 hincque
933 2378 989 2420 ad
1023 2377 1119 2417 illas
1151 2390 1252 2431 quae
1289 2374 1514 2415 veteribus
1554 2369 1844 2412 sanctionibus

385 2463 652 2516 irrogantur,
677 2457 773 2498 aliae
795 2455 926 2497 etiam
951 2451 1197 2508 complures
1220 2449 1414 2506 adjectae.

490 2534 525 2575 I.
562 2532 725 2573 Omnes
746 2544 892 2586 poenae
909 2529 952 2568 in
970 2525 1194 2567 veteribus
1214 2523 1431 2568 Conciliis,
1448 2518 1844 2564 constitutionibuS,

591 2604 790 2652 decretis,
815 2609 947 2657 atque
969 2601 1012 2640 in
1042 2599 1123 2640 hae
1151 2599 1248 2654 ipsa
1268 2595 1529 2637 Tridentina
1551 2592 1725 2649 Synodo
1747 2590 1849 2631 alias

592 2678 856 2725 constitutae,
892 2676 1179 2716 innoventur:
1224 2670 1343 2727 quod
1375 2670 1410 2710 si
1441 2669 1485 2709 in
1520 2665 1707 2708 secundo
1738 2677 1845 2705 anno

591 2749 804 2806 Episcopi
836 2747 994 2788 morosi
1022 2744 1201 2792 fuerint,
1235 2743 1280 2783 id
1315 2740 1545 2783 Sanctitati
1572 2753 1664 2780 suae
1685 2737 1845 2779 denun-
1882 2768 1883 2774 ,

594 2824 744 2869 cietur,
769 2835 869 2876 quae
892 2820 1024 2861 alium
1047 2817 1257 2859 Ecclesiae
1280 2815 1344 2856 illi
1367 2813 1586 2869 praeficiat.
