1905 3254
668 321 779 351 sess.
806 321 880 351 vu.
1423 309 1500 350 501

46 425 300 482 possessioni
333 426 637 481 praejudicium
675 428 839 477 afferat,
877 436 927 470 ut
959 429 1104 470 statim
1147 429 1321 485 Synodo
1355 429 1500 471 illatas

46 499 127 540 sibi
148 498 328 554 injurias
359 498 631 547 denuntient,
655 500 917 542 Tridentum
938 501 1152 549 deserant,
1175 502 1230 543 ad
1251 502 1372 544 aliud
1392 504 1498 545 libe-

45 572 134 613 rius
157 571 403 612 Concilium
433 572 676 627 appellent,
709 573 932 629 simulque
964 575 1019 615 ab
1048 574 1314 616 authoritate
1346 590 1394 616 ac
1423 576 1499 617 im-

44 644 163 700 perio
182 644 253 685 Pii
276 644 355 685 IV.
379 644 513 686 donec
545 645 618 686 ille
651 645 952 687 Pontificalem
990 646 1143 687 Sedem
1176 654 1316 703 regat,
1350 662 1395 688 se
1426 648 1499 689 ab·

44 717 202 759 ducant
215 733 226 767 3
256 718 342 759 alia
357 719 487 760 etiam
508 719 717 760 adversus
739 721 833 776 ejus
855 720 1108 761 electionem
1130 720 1501 776 Pontificatusque

43 790 460 833 administrationem
482 791 729 848 indigniora
750 799 988 848 opponant.
1054 791 1173 841 Ideo,
1197 806 1294 832 cum
1317 798 1381 833 tot
1402 791 1501 835 hinc

41 864 158 905 mala
176 865 430 920 profectura
456 865 642 914 videant,
666 866 947 914 existimasse,
977 865 1061 906 sibi
1082 865 1138 906 ab
1170 869 1266 921 ejus
1286 865 1501 907 mandatis

42 938 308 993 exequendis
347 939 735 995 supersedendum,
769 939 903 981 donec
938 939 1181 994 diplomate
1214 946 1330 981 certo
1365 955 1499 981 manu

43 1011 293 1054 Sanctitatis
331 1028 419 1054 suae
461 1013 704 1069 subscripto
746 1012 791 1053 id
832 1014 894 1054 eis
928 1013 1210 1068 praecipiatur
1223 1030 1234 1063 3
1276 1028 1355 1055 nee
1385 1014 1498 1055 enim

39 1090 204 1126 tantam
237 1085 413 1141 culpam
448 1085 554 1126 adeo
587 1085 712 1126 facile
754 1100 826 1126 eos
863 1086 908 1127 in
940 1100 984 1126 se
1020 1093 1310 1142 suscepturos.
1373 1087 1500 1143 Papa

38 1158 166 1199 tertio
199 1158 411 1206 rescribit,
446 1165 613 1199 certum
645 1158 729 1199 sibi
766 1164 868 1207 esse,
891 1164 941 1199 ut
972 1158 1016 1199 id
1048 1159 1221 1199 omnino
1253 1159 1496 1214 perficiant,

39 1231 238 1287 quisquis
270 1231 445 1273 tandem
486 1231 585 1272 hinc
619 1232 762 1272 exitus
795 1238 1031 1287 sequatur;
1073 1247 1158 1273 non
1191 1232 1303 1273 enim
1340 1232 1383 1273 in
1416 1232 1497 1274 hac

37 1304 210 1345 morula
245 1305 467 1359 temporis,
499 1303 634 1345 donec
669 1304 912 1345 Concilium
948 1311 1204 1360 peragatur,
1244 1304 1497 1360 Hispanum

38 1376 375 1425 excludendum,
410 1391 507 1417 cum
541 1376 621 1417 hoc
653 1383 846 1416 veterem
881 1391 979 1417 cum
1015 1376 1158 1417 Gallis
1187 1392 1360 1418 causam
1392 1377 1498 1418 nihil

38 1449 181 1498 laedat,
205 1464 304 1505 quae
327 1449 498 1504 integra
530 1449 574 1489 in
608 1449 792 1504 pristino
825 1456 944 1490 statu
977 1456 1043 1490 est
1075 1449 1373 1505 relinquenda,
1398 1465 1496 1506 per-

0 1529 2 1591 y
38 1522 137 1564 inde
169 1537 216 1564 ac
255 1523 291 1563 si
324 1521 526 1563 Tridenti
566 1537 794 1577 nunquam
833 1522 1144 1564 convenissent.
1208 1523 1359 1572 Addit,
1397 1539 1495 1565 cum

37 1597 164 1638 sacris
200 1596 466 1637 solemnibus
498 1596 543 1636 in
575 1596 741 1651 templo
777 1596 859 1636 erit
894 1594 1152 1636 Oratoribus
1185 1594 1494 1644 adsistendum‚

37 1675 138 1710 tunc
171 1669 373 1725 Hispano
406 1669 549 1710 locum
582 1683 775 1710 seorsum
810 1667 1020 1709 adversus
1058 1669 1194 1709 Aram
1231 1669 1493 1710 constituen-

37 1740 139 1783 dum
156 1759 168 1793 3
200 1741 456 1798 duplicique
492 1740 723 1782 thuribulo
751 1748 795 1782 ct
827 1740 1014 1782 Tabella
1049 1741 1181 1795 paciS‚
1216 1742 1393 1796 utrique
1426 1756 1493 1783 eo-

39 1815 135 1857 dem
167 1822 363 1872 tempore
404 1813 750 1856 ministrandum.
825 1816 1108 1869 Quapropter
1145 1814 1289 1855 Breve
1332 1814 1387 1856 ad
1422 1830 1495 1857 eos

37 1901 167 1929 manu
189 1902 270 1928 sua
290 1887 427 1928 mittit
447 1887 741 1943 obsignatum,
764 1886 1003 1942 eodemque
1021 1892 1217 1941 tempore
1240 1886 1335 1927 aliis
1354 1887 1494 1928 literis

37 1959 309 2002 Borromaeus
328 1961 502 2002 nomine
536 1961 607 2001 Smi
634 1975 706 2002 eos
737 1960 791 2001 ad
812 1960 1020 2001 mandata
1041 1959 1260 2015 explenda
1279 1960 1492 2016 impellit3

35 2040 171 2090 utque
204 2049 294 2076 rem
327 2049 459 2090 quam
489 2034 785 2083 secretissime,
808 2033 975 2075 conscio
1002 2039 1174 2074 tantum
1206 2031 1379 2073 Comite
1400 2032 1492 2074 Lu-

35 2108 167 2156 nensi,
204 2114 443 2163 peragant;
492 2106 854 2162 commodumque
896 2105 1035 2147 videri
1075 2104 1318 2160 perscribit,
1361 2111 1411 2145 ut
1445 2105 1491 2146 in

37 2181 234 2236 proxima
263 2180 430 2236 Vigilia
460 2180 675 2236 Principis
707 2179 1021 2235 Apostolorum
1051 2178 1183 2225 Petri,
1216 2184 1293 2219 aut
1322 2177 1366 2218 in
1397 2179 1491 2234 ejus

36 2251 104 2296 die
138 2254 259 2302 festo,
294 2268 392 2296 cum
427 2268 598 2295 sacrum
631 2253 942 2301 celebrabitur,
964 2251 1009 2292 id
1030 2251 1266 2307 perficiant.
1315 2250 1490 2307 Legati,

37 2327 223 2368 maxima
243 2326 519 2367 solicitudine
543 2325 698 2373 affecti,
722 2326 964 2381 incertique
981 2324 1087 2380 quid
1109 2330 1255 2380 agant,
1274 2338 1371 2364 cum
1392 2323 1491 2364 hinc

38 2398 200 2441 dissidii
232 2400 494 2456 periculum,
522 2412 570 2441 ac
592 2399 846 2446 schismatis,
879 2398 994 2439 illinc
1025 2404 1182 2452 spretae
1205 2396 1275 2436 S¹¹¹i
1297 2396 1488 2437 authori-

38 2474 139 2515 tatis
177 2475 339 2515 crimen
378 2479 640 2523 vereantur;
687 2478 787 2528 post
829 2471 1086 2527 diligentem
1128 2470 1488 2511 consultationem

36 2546 207 2588 tandem
240 2562 329 2588 rem
364 2544 548 2602 aggredi
581 2551 800 2593 statuunt,
833 2543 1044 2584 suadente
1072 2541 1119 2583 id
1149 2543 1370 2598 praecipue
1392 2543 1489 2584 Mo-

37 2631 150 2667 rono,
172 2619 243 2660 cui
262 2619 404 2660 notior
433 2618 581 2668 etiam,
612 2633 660 2659 ac
692 2617 957 2672 exploratior
989 2629 1109 2656 mens
1141 2615 1211 2655 Smi
1230 2614 1490 2665 videbat-un

38 2703 166 2746 quam
188 2690 286 2732 ideo
306 2706 389 2732 non
411 2691 619 2746 amplecti
640 2691 769 2731 toties
790 2689 929 2730 literis
960 2687 1194 2742 repetitam
1225 2686 1348 2727 nefas
1372 2686 1488 2743 judi-

39 2762 204 2804 cabant.
267 2764 369 2804 Non
390 2763 606 2804 desistunt
627 2769 773 2803 tamen
806 2761 1035 2802 Oratorem
1060 2757 1314 2813 Hispanum
1337 2759 1487 2816 ingen-

40 2833 95 2875 tis
129 2836 264 2885 exitii,
306 2835 423 2891 quod
463 2835 562 2876 hinc
598 2834 832 2890 impendet,
868 2831 1112 2878 admonere,
1147 2844 1339 2885 eumque
1380 2845 1485 2886 qua--
