1905 3254
681 289 789 320 sess.
818 290 892 320 vii.
1438 277 1514 318 381

61 409 146 437 non
170 395 300 437 valde
320 409 437 436 nune
458 396 763 445 laborandum,
796 412 893 438 cuin
916 412 999 438 non
1020 412 1181 453 magno
1202 399 1380 454 negotio
1404 398 1522 438 vide-

61 476 188 511 antur
210 485 333 525 posse
356 470 577 526 componi3
611 486 687 511 nec
711 471 766 511 ab
789 471 850 512 eis
873 472 945 511 alii
971 471 1078 512 forte
1101 472 1184 512 sint
1217 471 1520 528 discrepaturi,

60 543 95 583 si
116 543 158 584 in
179 542 272 592 hoc,
296 544 372 599 qui
392 543 729 599 potissimimum
753 550 833 591 est,
857 544 910 584 dc
934 550 1151 599 potestate
1175 546 1324 600 Papae,
1340 546 1453 585 inter
1475 560 1520 585 sc

59 616 331 657 conveniant.
395 616 664 656 Pra=s0nt0m
688 623 834 656 autem
860 632 1001 656 rerum
1026 623 1187 657 statum
1214 633 1311 657 eum
1342 633 1448 665 esse,
1473 624 1522 658 ut

58 704 142 730 non
175 690 318 730 omnia
353 695 504 730 exacte
538 689 623 729 sint
655 688 906 744 quaerenda,
939 689 1013 729 sed
1045 691 1149 730 satis
1181 705 1286 738 esse,
1309 691 1345 730 si
1367 691 1522 731 Patres

58 762 162 803 nihil
185 762 238 804 dc
270 778 348 804 suo
372 763 590 811 amittant,
620 778 718 803 cum
753 763 947 818 alioquin
982 763 1105 804 inviti
1141 764 1181 803 in
1219 763 1517 820 longissimam

58 836 399 893 disputationem
423 837 476 878 de
501 837 767 878 authoritate
791 837 939 893 Papae,
973 837 1026 877 de
1059 837 1305 886 residentia,
1336 837 1389 878 de
1425 838 1522 878 aliis

58 910 212 951 multis
245 911 575 966 quaestionibus,
611 911 647 951 si
683 911 738 951 ab
766 910 845 951 hac
868 911 1152 952 conventione
1175 911 1412 956 discedant,
1436 912 1522 951 sint

57 983 367 1039 pertrahendi3
403 1000 455 1025 ex
489 999 577 1039 qua
611 999 656 1024 re
693 984 875 1024 dubium
910 999 994 1024 non
1026 991 1090 1025 est
1122 984 1400 1041 Lotharingii
1431 986 1521 1025 ani-

56 1071 177 1098 mum
210 1057 405 1113 graviter
435 1057 649 1098 offensum
682 1057 747 1103 iri,
781 1063 825 1097 et
856 1057 1000 1096 onmia
1027 1056 1182 1097 acriter
1203 1057 1519 1112 perturbanda.

57 1127 143 1169 His
175 1129 336 1170 auditis
366 1129 535 1185 placuit
568 1129 764 1185 Legatis,
790 1135 838 1169 ut
861 1136 1058 1185 coeptum
1081 1129 1317 1170 concordia:
1339 1130 1422 1170 iter
1455 1137 1517 1171 te-

55 1207 225 1247 neatur,
250 1216 297 1242 ac
320 1201 544 1249 Doctrina,
568 1201 713 1256 quoad
742 1205 838 1256 ejus
861 1202 952 1242 fieri
974 1202 1122 1256 possit,
1146 1201 1208 1242 ita
1228 1208 1516 1257 temperetur,

54 1287 108 1314 ne
131 1273 438 1329 praejudicium
459 1273 634 1328 aliquod
658 1273 760 1313 Sodi
783 1273 1045 1328 Apostolicae
1067 1273 1233 1319 afferat,
1268 1281 1312 1315 et
1335 1275 1517 1315 aliorum

54 1352 97 1387 et
121 1347 368 1387 communia
400 1346 561 1402 placita
593 1361 677 1387 non
716 1346 864 1387 violet.
929 1348 1076 1396 Quare
1111 1346 1374 1387 Mutinensis
1410 1347 1518 1402 Epi-

54 1432 222 1473 scopus,
240 1434 392 1460 rursus
413 1435 511 1460 cum
533 1419 678 1460 Gallis
700 1425 742 1460 ct
762 1418 974 1475 Hispanis
996 1418 1212 1474 colloquio
1230 1418 1397 1468 habito,
1421 1435 1517 1460 eam

54 1489 113 1530 sic
134 1489 352 1546 redigunt.

111 1563 292 1612 Verum,
308 1569 570 1620 praeterjam
593 1572 949 1606 commemoratos
965 1565 1179 1606 Ordinum
1194 1566 1373 1623 gradus,
1393 1566 1518 1608 docet

54 1643 204 1677 sancta
225 1636 427 1692 Synodus
447 1638 691 1692 Episcopos
715 1637 837 1677 Sedis
855 1637 1124 1691 Apostolicae
1147 1637 1414 1677 authoritate
1436 1639 1519 1678 sub

54 1708 241 1750 Romani
275 1710 497 1750 Pontificis
529 1709 750 1750 catholica:
782 1710 991 1750 Ecclesia:
1028 1710 1220 1751 Pastoris
1252 1717 1296 1750 et
1324 1711 1515 1752 omnium

57 1782 420 1824 Christifidelium
445 1783 644 1824 Rectoris
666 1783 914 1823 obedientia
936 1790 1123 1831 vocatos,
1146 1799 1171 1824 a
1195 1783 1372 1824 Christo
1396 1785 1517 1826 insti-

2 1911 8 1919 ·
54 1862 174 1898 tutos
206 1871 299 1898 esse
333 1856 388 1897 ad
420 1856 632 1912 regendas
664 1856 896 1905 EcclesiaS,
933 1863 975 1896 et
1008 1857 1049 1896 in
1072 1857 1269 1898 Ecclesia
1293 1857 1519 1900 Catholica

54 1929 329 1985 praecipuum
352 1928 495 1969 locum
519 1929 729 1976 obtinere,
752 1944 913 1984 eosque
935 1944 1198 1970 successores
1215 1945 1306 1970 esse
1330 1930 1515 1985 Aposto-

53 2000 222 2050 lorum3
255 2001 375 2057 quod
412 2007 457 2042 et
489 2003 633 2042 sanctii
667 2001 901 2042 traditione
923 2002 1215 2050 confirmatur,
1238 2009 1282 2043 et
1306 2017 1331 2042 a
1357 2003 1515 2044 sanctis

55 2075 260 2117 Patribus
295 2058 552 2131 explicatur,
584 2081 627 2115 ct
659 2074 701 2115 in
723 2075 928 2115 Ecclesiis
950 2074 1033 2114 sibi
1055 2074 1300 2124 commissis,
1333 2076 1514 2132 regendi

54 2155 312 2205 potestatem
333 2148 512 2197 habere,
532 2155 665 2203 atque
688 2149 792 2203 ipsis
814 2148 915 2188 solis
938 2147 1176 2196 ordinandi,
1210 2154 1252 2189 et
1276 2147 1515 2191 Confirma-

53 2222 181 2264 tionis
202 2228 533 2270 sacramentum,
549 2228 759 2277 tanquam
784 2221 1010 2262 ordinariis
1028 2222 1247 2268 ministris,
1266 2222 1513 2264 conferendi

53 2302 310 2352 potestatem
332 2301 590 2350 competere,
611 2295 670 2349 [et
702 2293 917 2349 proinde]¹
944 2295 1216 2350 Presbyteris
1247 2294 1429 2350 aliisque
1452 2296 1514 2337 in-

53 2367 280 2409 ferioribus
302 2366 515 2423 gradibus
538 2382 632 2407 esse
655 2367 901 2422 superiores
919 2384 929 2417 3
962 2381 1119 2415 omnes,
1143 2369 1303 2407 tamen²
1324 2367 1407 2408 sub
1430 2383 1515 2409 uno

54 2440 251 2482 Romano
272 2440 493 2487 Ponfifioe,
517 2439 681 2480 Christi
716 2442 758 2480 in
782 2441 907 2481 terris
931 2440 1124 2487 Summo,
1147 2447 1191 2480 et
1214 2440 1411 2495 generali
1433 2441 1512 2482 Vi-

56 2515 168 2555 cario
204 2513 331 2555 Beati
360 2513 479 2554 Petri
513 2512 828 2568 Apostolorum
869 2513 1083 2567 Principis
1114 2527 1382 2561 successorc;
1436 2515 1514 2570 qui

4 2584 6 2587 ’
55 2587 303 2642 primatum,
347 2593 391 2627 ct
423 2585 605 2627 eandem
646 2585 880 2641 potcstatis
900 2583 1232 2639 plenitudinem,
1263 2599 1395 2640 quam
1420 2586 1514 2641 ipsc

56 2657 215 2700 Petrus
234 2658 438 2707 habebat,
474 2658 670 2707 obtinet;
712 2658 751 2697 in
784 2657 993 2698 Ecclesia:
1018 2663 1163 2698 tamen
1186 2655 1512 2699 aedificationem

56 2745 139 2772 non
162 2732 205 2773 in
227 2731 578 2774 destructionem.

100 2846 108 2864 ¹
136 2849 177 2877 So
195 2848 238 2878 Le
254 2848 327 2879 Plat
344 2848 398 2879 has
416 2849 449 2884 it,
465 2849 531 2878 who
548 2854 600 2888 yet
615 2848 771 2887 stmugvly
788 2846 936 2877 mistukcs
954 2845 1199 2884 l’rcsbytcrissor
1212 2845 1367 2885 Patribus,
1382 2847 1423 2877 vi.
1444 2848 1512 2877 103.

98 2899 110 2917 ²
133 2901 281 2939 Tantum,
301 2902 371 2931 MS.
422 2902 464 2931 Le
480 2901 552 2932 Plat
569 2902 622 2932 lias
638 2907 753 2932 tamen.
