1905 3254
671 316 785 347 sssss.
811 316 852 345 v.
1429 302 1509 343 175

97 422 182 470 An,
204 422 241 462 si
262 421 454 463 honestis
472 427 516 462 et
539 421 802 463 Christianae
823 422 994 463 caritati
1015 423 1313 464 consentaneis
1334 423 1509 466 rationi-

152 494 238 535 bus
273 494 572 536 concedendus
607 494 739 536 alicui
772 494 842 535 vel
889 494 1058 535 nationi
1091 495 1161 536 vel
1194 510 1330 551 regno
1373 495 1513 536 calicis

155 581 261 608 usus
296 566 511 616 videatur,
549 568 631 608 sub
672 567 895 622 aliquibus
928 567 1249 609 conditionibus
1281 568 1511 610 conceden-

157 639 240 681 dus
259 640 328 688 sit,
352 647 397 682 et
417 654 619 695 quaenam
640 640 725 680 sint
745 640 894 680 illae—

42 711 192 753 eadem
216 719 362 754 sancta
383 711 584 768 Synodus
610 712 656 753 in
688 711 809 753 aliud
839 718 1029 768 tempuS,
1066 712 1215 754 oblata
1245 714 1330 754 sibi
1361 729 1511 770 quam-

43 784 235 840 primum
257 785 491 836 occasione,
521 784 830 826 examinandos
852 791 989 840 atque
1012 784 1279 826 definiendos
1301 793 1510 827 reservat.

101 855 215 897 Cum
237 863 383 898 autem
408 856 617 898 Sessionis
644 856 735 898 dies
767 856 810 897 in
837 857 1036 913 proximo
1067 865 1195 907 esset,
1232 866 1391 914 coeptae
1413 865 1514 900 sunt

41 931 226 972 Patrum
259 932 486 973 sententiae
513 931 566 972 de
594 931 659 972 his
692 931 851 986 rogari.
917 931 1206 973 Granatensis
1236 933 1345 973 cirea
1366 933 1392 972 6
1416 948 1510 988 cap.

43 1004 73 1046 J
77 1020 129 1053 o.,
172 1010 300 1061 cujus
337 1005 602 1047 authoritate
639 1003 835 1046 doctrina
869 1004 1113 1055 nitebatur,
1151 1006 1294 1047 varias
1334 1007 1513 1049 miseere

44 1083 224 1117 exortus
242 1084 307 1119 est
323 1076 613 1119 difficultates.
677 1076 791 1118 Cum
814 1091 866 1118 ea
886 1077 1022 1119 verba
1043 1078 1072 1119 J
1077 1093 1113 1119 o.
1149 1077 1203 1120 de
1240 1079 1511 1121 Sacramenti

44 1151 294 1206 sumptione
319 1149 571 1207 accipienda
593 1164 686 1191 csse
708 1150 999 1199 contenderet,
1037 1166 1139 1206 quae
1161 1154 1402 1194 neccssaria
1427 1154 1514 1195 sint

48 1221 104 1261 ad
141 1221 356 1272 salutem3
390 1237 577 1277 cumque
612 1222 755 1263 multa
788 1222 874 1263 alia
909 1223 1124 1278 prolixius
1161 1223 1263 1264 huic
1303 1223 1513 1266 doctrinae

43 1294 264 1349 objiceret,
287 1309 451 1350 magna
468 1294 671 1336 omnibus
703 1294 893 1350 suspicio
914 1302 979 1336 est
1001 1297 1177 1351 injecta,
1192 1296 1286 1337 haec
1308 1297 1364 1337 ab
1387 1313 1436 1338 eo
1459 1314 1512 1340 ex

46 1367 262 1408 industria
284 1368 480 1424 proponi,
504 1374 555 1408 ut
577 1367 775 1408 sessionis
796 1367 887 1408 dies
905 1368 1193 1423 proferretur.
1256 1370 1382 1413 Tunc
1400 1373 1512 1413 Seri-

47 1439 510 1497 pandus-Cuperem
546 1441 833 1497 gravissimos
867 1456 940 1482 cos
975 1441 1130 1483 Patres
1163 1457 1323 1491 omnes,
1349 1445 1512 1500 quibus

43 1513 370 1555 instaurandam
397 1514 635 1555 doctrinam
668 1513 868 1570 Synodus
898 1514 1136 1565 mandavit,
1169 1531 1283 1557 nune
1304 1517 1371 1558 sui
1394 1518 1513 1574 apud

46 1602 122 1628 vos
155 1588 320 1628 consilii
355 1588 586 1643 operisque
623 1587 835 1628 rationem
872 1587 1051 1629 afferre:
1084 1603 1234 1629 eorum
1257 1596 1384 1639 certe,
1418 1596 1511 1632 tum

47 1659 328 1707 authoritate,
362 1666 457 1700 tum
486 1659 748 1707 eruditione,
785 1660 821 1700 si
842 1675 931 1715 qua
953 1660 1179 1716 aliquibus
1199 1663 1360 1703 residet
1381 1662 1510 1703 dubi-

47 1733 169 1782 tatio,
187 1732 405 1774 crederem
427 1732 565 1773 facile¹
584 1731 874 1772 adimendam.
918 1732 1068 1773 Hunc²
1085 1749 1168 1789 ego
1184 1735 1305 1790 apud
1325 1751 1397 1777 cos
1419 1752 1510 1777 sen-

49 1805 154 1846 sisse
186 1811 296 1861 puto
335 1805 529 1845 breviter
563 1804 733 1859 aperire
768 1804 988 1859 incipiam.
1051 1804 1170 1846 Duae
1200 1807 1338 1856 nobis,
1367 1808 1513 1863 quoad

50 1884 182 1932 caput
195 1877 221 1917 6
243 1877 271 1918 J
277 1892 313 1918 ο.
329 1876 594 1932 quaestiones
611 1875 814 1916 oriuntur
830 1892 838 1915 :
861 1875 1000 1917 altera
1016 1877 1129 1918 inter
1146 1877 1396 1920 Catholicos
1418 1895 1512 1922 ver-

50 1957 186 1999 satur,
209 1951 296 1998 An,
325 1949 412 1990 scil.
448 1948 500 1989 de
529 1949 747 2005 spirituali
770 1964 853 1990 usu
876 1956 1058 1999 tantum,
1091 1965 1146 1991 an
1168 1966 1270 1992 vero
1301 1953 1433 1994 etiam
1457 1953 1511 1995 de

52 2023 373 2071 Sacramentali,
394 2022 513 2063 locus
534 2022 605 2062 ille
628 2023 683 2063 sit
705 2022 995 2078 accipiendus.
1061 2022 1132 2063 Ad
1162 2039 1293 2079 quam
1320 2041 1511 2082 praesens

51 2096 246 2138 doctrina
264 2096 374 2138 nihil
395 2096 598 2153 pertinet.
648 2096 751 2136 Non
768 2096 882 2136 enim
904 2095 949 2136 id
963 2095 1134 2152 Synodo
1147 2099 1418 2153 propositum
1432 2107 1510 2149 est,

51 2174 103 2209 ut
123 2168 434 2210 controversias
455 2168 568 2208 inter
591 2166 838 2208 Catholicos
861 2167 1071 2208 excitatas
1101 2167 1293 2211 definiat.
1355 2172 1513 2214 Altera

54 2246 118 2281 est
139 2240 323 2296 quaestio
356 2241 469 2281 inter
498 2254 575 2281 nos
597 2247 639 2281 et
667 2239 893 2281 haereticos
906 2257 916 2290 ;
951 2255 1049 2281 cum
1070 2240 1169 2282 inde
1192 2241 1258 2282 illi
1280 2257 1512 2300 argumen-

54 2318 147 2354 tum
183 2319 355 2354 sumant
389 2312 719 2354 Eucharistiam
769 2314 853 2354 sub
895 2320 1085 2369 utraque
1126 2315 1267 2370 specie
1306 2316 1513 2359 fidelibus

54 2384 243 2424 omnino³
274 2398 366 2425 esse
405 2384 753 2426 ministrandum.
847 2384 969 2426 Huic
1014 2400 1120 2442 crgo
1160 2385 1424 2438 difficultati,
1471 2396 1514 2431 et

54 2471 138 2498 non
159 2457 299 2506 alteri,
322 2457 516 2499 doctrina
533 2459 733 2507 occurrit,
756 2474 835 2500 nec
858 2466 1008 2525 partes
1031 2475 1131 2500 suas
1151 2461 1390 2517 egreditur.
1438 2464 1513 2505 An

55 2543 156 2571 vero
171 2529 250 2571 hoc
270 2530 389 2587 quod
411 2538 606 2580 conatur,
626 2532 731 2572 satis
752 2539 946 2587 praestet,
969 2539 1161 2573 vestrum
1178 2533 1259 2574 erit
1275 2534 1511 2589 judicium:

58 2601 164 2644 mihi
185 2603 316 2659 plane
337 2604 383 2644 id
405 2605 577 2659 assequi
600 2604 784 2652 videtur,
808 2605 890 2646 nisi
908 2606 1006 2661 quis
1028 2605 1163 2645 verba
1193 2620 1327 2660 prave
1348 2615 1514 2650 contor-

57 2683 204 2732 queat,
232 2676 371 2733 (quod
390 2692 467 2718 nos
489 2678 617 2719 sicuti
640 2695 665 2720 a
685 2685 830 2720 vestro
852 2679 982 2720 animi
1004 2677 1189 2719 candore
1215 2679 1366 2722 abesse
1393 2682 1514 2737 cupi-

58 2764 167 2800 muS‚
181 2751 244 2793 ita
256 2766 330 2793 vos
343 2755 599 2807 monemus,)
617 2754 722 2796 nihil
736 2755 779 2795 in
797 2754 1030 2809 praesentia
1042 2753 1142 2795 huic
1158 2754 1326 2796 Sanctae
1344 2755 1514 2811 Synodo

316 2839 324 2857 ¹
355 2840 477 2879 Facere,
494 2841 564 2872 MS.
721 2842 734 2860 ²
757 2842 870 2877 Quid?
1043 2841 1055 2859 ³
1080 2841 1259 2871 Omnibus?
