1905 3254
692 269 802 299 ssss.
824 271 888 300 111.
1458 260 1505 300 91

52 384 135 410 non
157 385 248 411 esse
276 371 353 419 1111,
387 387 433 412 ac
468 372 689 428 plerisque
719 373 952 431 Episcopis
986 376 1107 418 illius
1141 380 1298 434 gentiS,
1323 395 1509 435 quorum

50 441 211 482 multos
250 450 372 484 notos
411 443 556 491 habet,
600 451 746 485 tutum
788 461 841 486 ex
883 448 1073 489 ecclesiis
1113 450 1203 490 suis
1237 451 1420 505 [abesse,
1453 452 1510 493 ob

49 510 332 569 praedatores,
367 517 529 571 quibus
546 518 586 572 ⁹⁸]
624 533 771 559 eorum
811 519 1018 562 Dioceses
1055 523 1141 564 sint
1174 524 1510 575 eircumventae5

50 588 124 628 vix
146 604 271 644 posse
293 589 392 630 illos
419 605 472 630 ex
495 605 546 631 ea
567 592 793 646 provincia
822 592 977 648 pedem
1012 595 1179 645 efferre,
1203 599 1310 652 quin
1332 599 1507 640 illorum

48 660 162 701 bona
193 676 362 702 summo
402 661 658 718 direptionis
701 665 897 719 periculo
946 676 1247 723 exponantur3
1294 671 1509 712 recordari

49 746 106 780 se,
140 747 236 773 011111
272 734 495 775 Nuneium
531 735 801 777 Sanctissimi
838 737 957 794 apud
992 740 1304 795 Imperatorem
1343 751 1506 800 ageret,

46 804 285 861 eodemque
317 814 511 863 tempore
546 808 913 866 Archiepiscopus
946 812 1268 869 Strigoniensis,
1302 823 1344 858 et
1376 818 1507 874 Epis-

45 895 178 936 copus
196 881 673 936 Quinqueecclesiensis
690 899 803 925 nunc
820 900 1026 940 praesens,
1045 888 1162 929 missi
1178 897 1321 931 essent
1334 892 1506 933 nomine

42 954 167 1008 regni
189 953 437 1009 Hungariae
473 955 528 996 ad
561 956 747 997 eundem
782 956 1005 1006 Oratores,
1039 973 1083 1000 se
1116 974 1141 1000 a
1164 960 1404 1003 Sanctitate
1427 978 1507 1004 sua

43 1025 86 1066 in
121 1026 352 1082 utriusque
386 1029 573 1084 gratiam
607 1029 879 1085 impetrasse,
901 1046 967 1080 ne,
1002 1031 1135 1073 donee
1168 1035 1359 1090 negotiis
1391 1036 1505 1091 pub-

43 1100 135 1140 licis
157 1101 278 1157 apud
301 1101 520 1143 Caesarem
541 1102 855 1152 detinerentur,
880 1106 1050 1147 interim
1086 1107 1141 1147 ad
1162 1107 1383 1149 Ecelesias
1405 1124 1506 1150 suas

44 1173 182 1227 (quod
214 1174 340 1215 bulla
374 1174 622 1216 residentiae
655 1176 711 1216 ab
746 1191 796 1217 eo
830 1184 932 1218 tune
968 1177 1086 1218 edita
1119 1181 1321 1221 omnibus
1347 1183 1504 1236 ‘praeei-

39 1245 209 1300 piebat)
230 1262 274 1287 se
292 1247 526 1288 transferre
542 1256 818 1304 cogerentur,
838 1250 1050 1305 facileque
1072 1251 1357 1294 Sanetitatem
1379 1269 1502 1295 suam

39 1318 83 1358 id
106 1319 192 1359 illis
216 1335 267 1360 eo
289 1320 598 1369 intercedente,
621 1322 888 1363 concessisse.

97 1391 234 1433 Porro
256 1408 346 1433 mos
368 1392 437 1433 hic
465 1393 715 1434 absentium
746 1394 1060 1450 impedimenta
1092 1397 1136 1436 in
1171 1413 1370 1440 consessu
1404 1415 1503 1456 pro—

38 1464 241 1519 ponendi,
266 1480 365 1520 quae
388 1472 480 1506 tum
512 1466 776 1522 legatorum,
801 1475 894 1508 tum
928 1469 1218 1511 Praelatorum
1253 1473 1502 1515 testimonio

35 1538 350 1593 probabantur,
376 1546 425 1580 ut
446 1539 490 1580 in
515 1540 782 1591 Olmucensi,
809 1542 1152 1599 SalisburgensL
1174 1544 1500 1597 Ratisbonensi,

37 1611 280 1659 Basiliensi,
316 1612 605 1662 Mercanensi‚
637 1615 866 1664 Staniensi,
899 1617 1107 1665 Nonensi,
1143 1625 1186 1659 et
1218 1619 1316 1659 aliis
1349 1621 1501 1661 multis

35 1684 202 1731 accidit,
220 1692 307 1725 tam
330 1685 406 1726 diu
428 1686 687 1727 observatus
708 1695 786 1736 est,
803 1688 949 1743 quoad
971 1689 1026 1729 ab
1046 1689 1329 1745 Hydruntino
1342 1692 1499 1734 Rossa-

33 1756 245 1811 nensique
267 1756 311 1796 in
334 1758 531 1798 concione
554 1765 696 1799 actum
720 1759 815 1804 fuit,
838 1774 920 1800 non
949 1760 1139 1815 amplius
1174 1760 1240 1801 his
1271 1762 1500 1805 audiendis

31 1835 166 1869 totam
202 1829 426 1885 Synodum
464 1846 555 1872 esse
587 1832 899 1888 occupandam,
923 1833 997 1874 sed
1027 1834 1106 1874 hoc
1141 1850 1301 1875 munus
1337 1836 1499 1892 legatis

32 1901 380 1957 relinquendum,
403 1904 478 1958 qui
501 1906 674 1946 seorsim
693 1921 791 1946 cum
810 1906 1020 1947 Patribus
1043 1906 1097 1946 ad
1117 1907 1161 1947 id
1183 1908 1289 1948 alias
1305 1908 1496 1959 delectis,

32 1990 82 2015 ea
113 1982 244 2030 prout
275 1975 405 2017 licere
441 1976 643 2018 arbitrati
679 1979 841 2019 fuerint
874 1979 1119 2028 admittant,
1144 1981 1263 2036 quod
1284 1998 1310 2023 a
1330 1984 1499 2024 caeteris

32 2048 118 2089 fuit
139 2049 453 2089 confirmatum.

89 2120 296 2162 Substitit
318 2121 361 2161 in
395 2136 445 2162 eo
469 2121 660 2162 nonnihil
684 2123 1162 2178 Quinqueecclesiensis
1193 2126 1364 2168 Orator.
1428 2129 1496 2169 Ac

30 2206 113 2233 non
139 2200 216 2241 est,
249 2193 406 2249 inquit,
440 2194 607 2241 Patres,
631 2210 709 2236 cur
732 2196 969 2251 quisquam
995 2196 1311 2252 Imperatorem
1334 2200 1376 2240 in
1399 2202 1494 2242 mit-

29 2265 168 2306 tendis
187 2265 271 2307 huc
288 2267 488 2308 Praelatis
510 2268 598 2308 suis
619 2269 902 2324 negligentiae
924 2270 1114 2325 amplius
1132 2278 1314 2321 accuset,
1336 2281 1386 2314 ut
1407 2273 1493 2315 huc

29 2351 165 2392 usque
198 2338 395 2379 nonnulli
422 2354 518 2380 eum
558 2340 667 2380 forte
690 2348 791 2381 sunt
813 2342 1047 2382 criminati:
1080 2343 1114 2382 is
1137 2344 1264 2391 enim,
1295 2352 1344 2384 ut
1372 2346 1494 2401 cupit

29 2407 321 2458 vehementer,
345 2418 389 2452 et
413 2418 628 2466 quantum
659 2412 702 2452 in
725 2427 770 2453 se
794 2420 872 2461 est,
896 2428 981 2453 11011
1004 2421 1152 2461 cessat,
1183 2430 1255 2455 eos
1278 2415 1333 2456 ad
1357 2417 1491 2472 Syno-

28 2480 133 2523 dum
168 2484 283 2524 omni
320 2491 478 2525 conatu
517 2484 757 2539 impellere.
823 2485 1003 2533 Verum,
1045 2487 1191 2528 nimiae
1225 2487 1303 2528 hoc
1334 2495 1490 2530 vestroe

28 2552 225 2596 facilitati
265 2555 509 2604 adscribite,
553 2557 629 2611 qui
666 2557 727 2597 eis
769 2557 1011 2599 absentiam
1054 2574 1106 2600 ex
1147 2559 1319 2600 levibus
1356 2561 1488 2602 etiam

27 2626 164 2666 causis
196 2627 457 2669 condonatis.
503 2628 633 2678 Quod
651 2629 685 2669 si
707 2630 840 2684 paulo
862 2631 1056 2671 severius
1079 2647 1173 2671 cum
1198 2632 1249 2671 iis
1272 2633 1489 2688 agendum

28 2695 279 2747 decernetis,
313 2715 396 2741 non
423 2700 581 2742 dubito
608 2701 713 2757 quin
735 2717 806 2742 eos
829 2702 894 2743 hic
918 2704 1233 2758 frequentiores
1256 2705 1349 2746 sitis
1367 2705 1487 2747 habi-

379 2790 385 2807 ¹
413 2790 478 2820 'l'he
494 2791 598 2821 reader
615 2802 687 2830 may
705 2792 819 2833 supply
836 2793 1012 2831 something
1030 2794 1135 2822 better.
