1905 3254
703 248 812 279 snss.
838 250 897 280 vi.
1452 245 1529 285 251

131 363 335 422 Insuper,
359 382 454 408 cum
489 368 642 410 eadem
676 371 836 414 Sancta
873 375 1074 431 Synodus
1109 381 1324 436 superiori
1346 384 1532 426 sessione

72 435 182 478 duos
215 440 417 480 articulos
457 441 564 482 alias
596 447 854 500 propositos,
889 456 934 490 et
956 457 1051 491 tum
1075 453 1269 494 nondum
1304 455 1530 505 discussos,

73 509 155 550 viz.
200 512 270 553 An
301 513 500 561 rationes,
538 516 701 570 quibus
740 519 899 562 Sancta
943 523 1172 566 Catholica
1219 527 1419 570 Ecclesia
1459 530 1532 571 ad-

71 580 206 624 ducta
235 583 333 630 fuit,
358 592 407 626 ut
437 590 777 633 communicaret
804 593 934 635 laicos
968 602 1102 652 atque
1136 598 1267 640 etiam
1300 615 1385 642 non
1422 603 1530 644 eele-

69 653 259 705 brantes,
285 659 529 701 sacerdotes
550 663 633 703 sub
656 678 743 706 una
759 667 884 721 panis
905 670 1060 724 specie,
1085 671 1148 712 ita
1167 672 1253 713 sint
1274 675 1528 725 retinendae,

68 733 118 768 ut
136 728 255 769 nulla
283 731 447 773 ratione
470 734 614 776 calicis
646 751 751 779 usus
784 740 990 796 cuiquam
1013 743 1068 784 sit
1089 745 1434 799 permittendus3
1472 756 1527 799 et,

67 814 121 840 an
153 801 188 840 si
209 800 401 845 honestis
423 813 468 847 et
492 806 754 851 Christianae
786 811 1007 856 charitatis
1040 819 1332 860 consentaneis
1351 822 1528 864 rationi-

64 873 147 914 bus
168 875 466 920 concedendus
489 881 631 931 alicui,
654 884 724 925 vel
758 887 922 928 nationi
955 889 1026 929 vel
1061 905 1210 946 regno,
1247 893 1388 935 calicis
1422 911 1528 938 usus

65 946 281 997 videatur,
315 952 399 992 sub
431 953 656 1009 aliquibus
688 959 1010 1003 conditionibus
1037 964 1333 1008 concedendus
1370 969 1438 1016 sit,
1481 978 1526 1012 et

64 1034 267 1075 quaenam
300 1022 390 1064 illae
421 1025 506 1067 sint
537 1028 580 1068 in
615 1029 738 1072 aliud
758 1039 948 1090 tempus,
991 1036 1136 1078 oblat-:1
1172 1038 1257 1079 sibi
1289 1041 1524 1093 occasione,

65 1095 374 1138 examinandos
396 1106 529 1154 atque
560 1101 824 1146 definiendos
854 1111 1176 1151 reservaverit:
1208 1127 1321 1154 nunc
1358 1129 1522 1164 corum,

62 1179 140 1221 pro
162 1168 323 1223 quibus
344 1173 514 1226 petitur
535 1175 668 1216 saluti
690 1179 852 1233 optime
867 1182 1115 1224 consultum
1132 1185 1296 1233 volens,
1319 1186 1522 1237 decrevit,

59 1239 279 1297 integrum
302 1246 532 1301 negotium
550 1247 607 1288 ad
629 1250 738 1290 Smum
759 1251 816 1292 D.
843 1252 886 1292 N
933 1262 960 1277 ¹¹¹
975 1270 1066 1297 esse
1090 1257 1377 1307 referendum,
1393 1270 1523 1316 prout

58 1315 264 1368 praesenti
287 1315 458 1359 decreto
480 1319 624 1369 refert,
649 1324 738 1378 qui,
768 1339 849 1380 pro
872 1341 951 1368 sua
972 1328 1183 1385 singulari
1207 1332 1442 1386 prudentia
1476 1336 1522 1378 id

59 1386 228 1436 efficiat,
252 1390 371 1444 quod
393 1392 502 1433 utile
526 1393 804 1450 Reipublicae
828 1398 1108 1451 Christianae,
1143 1411 1187 1445 ct
1218 1405 1412 1449 salutare
1445 1423 1520 1464 pc-

57 1460 255 1502 tentibus
276 1477 404 1505 usum
427 1466 572 1508 calicis
593 1468 684 1510 fore
702 1471 978 1526 judicaverit.

115 1533 397 1591 Quapropter
416 1538 485 1579 dic
509 1541 560 1580 16
584 1541 858 1597 Septembris
878 1546 940 1588 ita
957 1548 1000 1588 in
1021 1564 1222 1593 consessu
1244 1553 1417 1596 locutus
1439 1564 1517 1605 est,

58 1603 173 1646 Cum
207 1606 261 1648 de
295 1608 507 1651 Sessionis
530 1612 691 1655 futurae
714 1615 784 1656 die
806 1617 1149 1663 deliberaremus
1170 1629 1329 1681 magna
1350 1642 1516 1677 sumus,

55 1679 211 1721 Patres
232 1680 328 1730 Emi,
345 1684 548 1726 molestia
570 1687 725 1735 affecti,
751 1691 869 1745 quod
891 1693 1019 1748 Epus
1042 1697 1517 1752 Quinqueecclcsiensis

56 1751 272 1795 Caesareae
296 1755 542 1813 Majestatis
564 1762 734 1804 nomine
756 1764 978 1807 nobiscum
1011 1770 1205 1823 graviter
1226 1780 1513 1828 conquestus¹

54 1833 130 1875 est,
148 1827 457 1873 authoritatem
477 1832 665 1875 Caesaris
685 1836 810 1877 valde
829 1839 984 1880 vestris
1017 1841 1239 1899 suffragiis
1271 1847 1513 1902 neglectam

53 1907 97 1940 et
117 1902 412 1945 conculcatam
437 1906 572 1947 visam
605 1923 709 1957 esse,
740 1924 852 1965 quae,
876 1928 973 1953 cum
997 1914 1051 1955 ad
1075 1915 1246 1959 Christae
1268 1919 1514 1978 Religionis

54 1974 437 2029 amplificationem
473 1979 528 2020 ab
566 1995 615 2021 eo
647 1981 923 2038 dirigeretur,
960 1989 1114 2030 vestris
1135 1992 1281 2045 potius
1303 2002 1395 2037 erat
1415 2012 1509 2039 sen-

52 2047 198 2088 tentiis
220 2048 486 2105 adjuvanda.
550 2052 663 2095 Haec
692 2070 759 2096 res
782 2057 846 2097 illi
869 2058 977 2100 adeo
1010 2061 1192 2118 indigna
1224 2066 1317 2107 visa
1342 2076 1420 2118 est,
1460 2078 1510 2112 ut

49 2134 126 2162 nec
143 2120 271 2163 hodie
293 2125 516 2167 nobiscum
539 2127 582 2167 in
603 2132 955 2186 congregatione,
971 2148 1047 2175 nec
1067 2135 1137 2177 die
1155 2139 1341 2182 crastina
1361 2142 1404 2184 in
1425 2159 1510 2185 ses-

51 2192 166 2234 sione
190 2209 234 2236 se
255 2195 570 2240 interfuturum
593 2201 739 2256 palam
776 2205 1044 2258 profiteatur.
1107 2209 1200 2251 Nos
1234 2219 1284 2253 ut
1304 2217 1506 2271 tempori,

48 2267 304 2318 necessitati,
320 2273 627 2328 communique
649 2277 962 2332 tranquillitati
979 2282 1266 2331 consulamus,
1283 2285 1508 2332 decretum

49 2336 171 2379 aliud
205 2341 449 2392 attulimus,
488 2359 574 2401 quo
606 2353 697 2388 tota
728 2348 820 2390 haec
856 2365 924 2392 res
965 2352 1021 2393 ad
1063 2354 1347 2400 sanctitatem
1383 2376 1506 2403 suam

48 2409 304 2467 simpliciter
351 2417 561 2461 defertur.
626 2421 678 2462 In
725 2437 774 2464 eo
815 2426 1017 2467 monendi
1075 2430 1190 2477 estis,
1227 2431 1442 2488 quidquid
1481 2450 1508 2477 a

48 2483 171 2526 vobis
192 2485 413 2530 decretum
450 2491 594 2540 fuerit,
635 2493 680 2534 id
722 2495 831 2535 Smum
874 2498 1063 2556 benigne
1099 2502 1504 2558 interpretaturum,

47 2568 208 2613 vosque
228 2561 418 2605 maxime
441 2578 660 2620 rogamus,
690 2574 738 2608 ut
774 2570 884 2611 tanti
919 2573 1082 2627 negotii
1118 2590 1226 2622 eam,
1259 2592 1390 2632 quam
1425 2595 1506 2636 par

47 2633 123 2676 est,
160 2631 368 2674 rationem
409 2634 609 2678 habeatis
622 2655 632 2687 ;
681 2648 984 2699 quantumque
1017 2646 1229 2688 commodi
1265 2664 1319 2690 ex
1361 2653 1506 2707 gratia

47 2696 232 2744 Caesaris
251 2703 351 2747 huic
375 2706 548 2763 Synodo
568 2712 704 2766 possit
738 2714 939 2756 accedere
974 2718 1270 2769 consideretis,
1308 2729 1353 2764 ct
1387 2725 1503 2780 quod

589 2798 596 2816 ¹
624 2799 857 2842 Consequutus,
872 2804 903 2833 M
910 2805 943 2834 S.
