1905 3254
322 268 404 309 248
955 283 1065 313 51355.
1092 282 1151 312 vl.

331 407 421 433 esse
443 392 692 437 sententias,
708 396 758 431 ut
778 395 944 430 certum
966 390 1151 439 nullum,
1166 390 1293 431 sicuti
1312 389 1406 445 ipse
1428 389 1623 445 optabat,
1640 387 1785 429 decre-

331 472 423 505 tum
455 464 629 505 conflari
656 464 806 519 possit,
840 477 1043 518 magnam
1081 478 1172 518 prae
1202 477 1245 503 se
1279 462 1362 503 fert
1397 462 1527 503 animi
1554 461 1785 517 perturba-

332 536 493 576 tionem
511 553 518 577 :
551 551 634 577 non
656 543 793 576 cessat
808 542 952 576 tamen
976 535 1101 576 aliam
1122 535 1331 575 rationem
1348 534 1471 582 inire,
1491 548 1578 590 qua
1601 532 1788 574 Caesaris

331 608 546 649 desiderio
574 608 725 664 aliqua
746 623 799 648 ex
820 614 946 663 parte
978 607 1184 648 satisfiat:
1218 622 1315 647 cum
1337 605 1522 662 Legatis
1551 604 1789 660 diligenter

331 682 438 738 agit,
461 689 511 723 ut
532 682 754 723 decretum
775 682 828 722 de
850 697 930 722 usu
956 680 1114 722 Calicis
1146 681 1190 721 in
1210 680 1325 721 hunc
1355 694 1527 720 sensum
1558 683 1787 734 compona-

331 761 418 802 tur,
442 769 599 810 nempe
617 762 667 795 ut
685 754 885 810 Synodus
900 754 1123 809 negotium
1147 753 1323 809 quidem
1346 752 1399 793 ad
1421 753 1588 807 Papam
1609 752 1788 808 rejiciat,

331 835 465 884 prout
487 828 673 869 crebrior
694 828 877 868 Patrum
906 827 1117 868 sententia
1149 827 1243 867 visa
1263 826 1431 874 fuerat;
1461 825 1610 867 eadem
1643 832 1788 866 tamen

334 902 531 956 Synodus
552 902 687 957 Papae
704 901 899 948 suadeat,
918 907 968 940 ut
985 915 1084 940 eum
1106 900 1360 954 petentibus
1376 903 1507 954 juxta
1527 897 1791 939 conditiones

332 975 374 1014 in
411 975 591 1015 articulo
627 973 958 1029 comprehensas
998 973 1186 1028 benigne
1224 971 1439 1013 concedat.
1497 971 1662 1026 Legati
1692 970 1790 1011 hinc

335 1048 579 1103 conjiciunt,
614 1048 697 1088 nisi
730 1046 1204 1102 Quinqueecclesiensis
1237 1046 1348 1086 ratio
1378 1044 1611 1093 habeatur,
1646 1044 1790 1100 proxi-

333 1136 446 1161 mam
471 1121 711 1162 Sessionem
745 1121 926 1162 fortasse
958 1120 1320 1161 turbulentiorem
1355 1119 1458 1166 fore,
1494 1125 1545 1159 ut
1567 1118 1791 1173 Quinque-

333 1193 598 1234 ccclcsiensis
613 1209 663 1234 ea
680 1194 858 1234 fortasse
875 1193 927 1234 (le
949 1194 1151 1234 sacrificio
1168 1192 1318 1233 Missae
1340 1207 1423 1232 non
1439 1192 1494 1232 sit
1510 1192 1792 1247 probaturus,

335 1281 433 1321 quae
455 1265 775 1321 promulganda
798 1281 888 1306 esse
912 1266 1205 1311 decreverant,
1236 1266 1318 1306 nisi
1338 1265 1418 1305 hoc
1440 1278 1612 1319 quoque
1633 1262 1687 1304 de
1709 1277 1792 1303 usu

336 1339 494 1379 Calicis
511 1338 710 1380 addatur.
763 1338 875 1379 Cum
894 1339 1006 1379 cnizn
1029 1339 1240 1378 Germani
1260 1337 1450 1378 haeretici
1473 1337 1661 1377 maxime
1682 1351 1795 1392 aegre

334 1413 476 1453 ferant
506 1412 730 1459 declarari,
766 1412 946 1452 Missam
981 1426 1072 1452 csse
1108 1411 1381 1457 sacrificium,
1422 1409 1632 1465 sperabat
1668 1416 1795 1450 antea

337 1485 814 1541 Quinqueecclcsiensis
846 1500 993 1524 corum
1026 1484 1217 1523 furorem
1252 1482 1332 1523 hac
1365 1482 1606 1538 adjectione
1635 1481 1796 1522 Calicis

335 1558 527 1612 mitigari
550 1572 675 1612 posse
694 1574 701 1597 :
734 1572 847 1597 nunc
871 1571 971 1597 vcro
993 1556 1028 1595 si
1049 1571 1151 1611 pars
1176 1555 1269 1596 haec
1291 1554 1563 1603 detrahatur,
1586 1561 1796 1595 verentur

334 1630 509 1686 Legati,
526 1645 625 1670 eum
648 1635 691 1670 et
712 1629 891 1684 reliquis
904 1629 1107 1669 Decretis
1128 1634 1495 1684 repugnaturum.
1561 1625 1671 1667 Inde
1694 1641 1798 1668 vero

339 1702 754 1749 animadverterunt,
777 1701 1044 1742 enumeratis
1065 1703 1249 1742 Patrum
1274 1701 1509 1756 suffragiis,
1531 1699 1640 1740 nihil
1661 1699 1796 1741 statui

337 1790 476 1831 posse,
501 1774 618 1830 quod
641 1774 695 1815 ad
719 1774 1196 1829 Quinqueecclesiensis
1214 1774 1481 1815 voluntatem
1504 1773 1657 1814 faciat:
1691 1787 1796 1828 qua-

335 1856 517 1905 propter
538 1849 765 1905 negotium
795 1848 901 1889 dant
924 1847 1146 1896 Auditori,
1180 1855 1231 1889 ut
1264 1847 1442 1888 Decrcti
1472 1847 1702 1887 formulam
1724 1846 1796 1887 de-

336 1923 508 1969 scribat,
530 1936 629 1976 quae
651 1922 795 1962 minus
826 1936 850 1961 a
880 1920 1063 1961 Patrum
1091 1920 1306 1961 sententia
1337 1919 1544 1966 discedat,
1569 1919 1795 1975 Quinque-

338 1994 603 2035 ecclcsiensis
634 2000 778 2035 tamen
801 1994 951 2049 potius
972 1993 1195 2034 consilium
1226 1991 1406 2047 adjuvet
1425 2007 1432 2030 ε
1467 2006 1518 2031 ea
1538 1990 1623 2032 fuit
1644 1989 1795 2046 hujus-

338 2067 467 2108 modi.

398 2141 610 2190 Quamvis
636 2147 905 2181 sacrosancta
933 2139 1137 2196 Synodus
1164 2154 1307 2195 nuper
1329 2138 1618 2179 declaraverit
1644 2138 1686 2180 S.
1711 2138 1797 2179 Ec·

340 2213 512 2254 clesiam
551 2213 823 2255 Catholicam
860 2213 992 2268 justis
1033 2213 1172 2253 causis
1211 2219 1255 2253 et
1288 2211 1533 2252 rationibus
1563 2210 1797 2252 adductam

339 2286 486 2334 fuisse,
510 2292 559 2326 ut
586 2287 743 2327 Laicos
772 2292 903 2341 atque
931 2285 1060 2326 etiam
1097 2284 1288 2326 Clericos
1319 2299 1403 2325 non
1425 2284 1695 2324 conficientes
1716 2283 1799 2324 sub

340 2361 465 2415 panis
487 2359 790 2400 tantummodo
824 2359 968 2415 specie
1001 2358 1351 2406 communicaret,
1387 2372 1472 2398 non
1504 2364 1651 2399 tamen
1680 2357 1800 2398 illius

341 2434 563 2474 consilium
586 2434 685 2482 fuit,
705 2433 978 2474 Christianos
1000 2447 1149 2472 omnes
1172 2431 1226 2472 ad
1245 2432 1424 2472 alteram
1449 2432 1587 2472 solum
1611 2431 1798 2487 speciem

342 2507 597 2548 sumendam
628 2513 843 2562 perpetuo
880 2507 942 2547 ita
980 2505 1130 2553 teneri,
1168 2512 1219 2546 ut
1253 2506 1288 2545 si
1324 2505 1569 2560 aliquorum
1605 2504 1721 2545 salus
1754 2510 1799 2545 et

343 2579 600 2621 Christianae
618 2580 862 2635 Religionis
879 2578 1094 2635 augendae
1117 2593 1217 2634 spes
1236 2577 1281 2618 id
1297 2577 1553 2633 postularet,
1567 2591 1651 2617 non
1669 2577 1799 2618 etiam

345 2652 505 2693 Calicis
545 2668 649 2693 usus
691 2652 955 2708 quibusdam
1002 2650 1263 2707 quandoque
1308 2657 1421 2691 esset
1462 2649 1798 2705 permittendus.

346 2726 628 2782 Quapropter
658 2742 755 2767 cum
789 2725 957 2781 pridem
989 2724 1187 2765 auditum
1222 2724 1340 2764 sitin
1366 2723 1498 2763 variis
1531 2723 1798 2772 Germaniae,

347 2797 606 2853 Hungariae,
633 2798 942 2853 Bohemieeque
975 2797 1089 2844 locis,
1122 2796 1366 2853 permultos
1397 2811 1501 2843 esse,
1536 2795 1612 2850 qui
1642 2810 1800 2851 magno
