1905 3254
317 297 401 336 602
933 313 1038 342 sEss.
1064 314 1157 343 vni.

321 434 425 459 csse.
488 420 600 459 Orta
621 433 674 459 ex
695 417 822 459 dicto1
845 424 910 459 est
929 420 1147 460 contentio
1163 425 1207 460 et
1225 420 1427 467 confusio,
1451 419 1563 460 unde
1586 419 1776 476 Congre-

319 491 438 546 gatio
460 490 682 531 dissoluta.

713 581 804 628 Die
835 584 891 627 15
920 580 1217 644 Septembris
1248 584 1388 628 1563.

377 671 540 714 Coacta
562 672 918 729 Congregatione
939 673 1075 713 Prum
1107 673 1160 714 de
1192 688 1325 721 more,
1349 673 1500 729 incipit
1533 671 1778 713 Cardinalis

318 744 553 785 Moronus:
600 745 908 801 Cogitavimus
944 745 1034 794 diu,
1073 761 1127 787 an
1167 745 1382 795 habenda,
1415 746 1486 786 vel
1521 745 1775 793 differenda,

316 817 459 864 sessio,
494 817 570 857 diu
611 824 790 866 statuta,
834 824 971 866 esset3
1022 824 1065 858 et
1107 819 1370 873 optabamus
1411 818 1584 858 omnino
1623 816 1777 857 tollere

318 889 504 929 abusum
552 889 825 937 dilationum,
868 889 1043 944 quando
1094 889 1201 929 alios
1243 890 1373 929 etiam
1417 889 1582 929 abusus
1624 902 1774 928 curare

317 962 544 1001 nolumus:
591 968 646 1009 et,
677 962 806 1002 sicuti
839 962 1073 1017 gloriosum
1105 961 1374 1016 putabamus
1408 966 1667 1016 praesentem
1693 974 1775 1000 ses-

316 1034 477 1073 sionem
515 1033 745 1082 celebrare,
783 1034 846 1074 ita
885 1034 1223 1090 ignominiosum
1261 1035 1537 1080 verebamur,
1574 1048 1684 1080 eam,
1719 1033 1775 1074 ab

315 1105 515 1145 omnibus
537 1105 644 1146 adeo
677 1106 938 1161 expetitam,
961 1106 1176 1148 omittere.
1241 1108 1465 1154 Attamen,
1490 1121 1590 1162 quae
1621 1107 1676 1148 sit
1702 1122 1775 1148 ne-

316 1178 489 1218 cessitas
511 1178 731 1219 dilationis
751 1194 897 1220 omnes
921 1179 1084 1228 vident,
1109 1195 1176 1221 res
1206 1181 1304 1236 ipsa
1334 1180 1541 1236 loquitur,
1564 1196 1674 1230 cum,
1697 1196 1774 1222 nec

315 1251 358 1290 in
390 1251 573 1291 materia
599 1252 875 1299 matrimonii,
905 1252 1087 1293 Patrum
1120 1267 1408 1308 agnoscamus
1437 1268 1566 1307 quam
1596 1267 1774 1308 cupere-

315 1338 413 1363 mus
461 1324 793 1371 consentionem,
835 1340 912 1365 nec
964 1326 1007 1365 in
1052 1325 1318 1373 Canonibus,
1360 1339 1438 1365 nec
1485 1325 1529 1364 in
1582 1324 1774 1364 articulis

314 1395 631 1436 reformationis
647 1414 657 1446 3
691 1397 923 1453 adhucque
946 1412 999 1438 ex
1032 1397 1266 1452 propositis
1286 1397 1416 1437 rebus
1451 1396 1593 1436 multa
1621 1411 1771 1451 super-

315 1467 401 1507 sint
430 1467 622 1508 nondum
644 1470 749 1510 satis
770 1470 1032 1511 examinata.
1081 1469 1186 1510 Ideo
1209 1469 1567 1516 existimavimus,
1591 1469 1626 1509 si
1648 1469 1773 1509 vobis

315 1540 522 1595 placebit,
557 1543 788 1582 sessionem
823 1541 994 1583 differre
1030 1556 1169 1597 usque
1202 1542 1246 1581 in
1280 1541 1394 1581 diem
1432 1542 1592 1582 festum
1627 1542 1775 1584 Sancti

316 1612 512 1662 Martini,
537 1615 741 1669 quoniam
773 1615 885 1654 intra
917 1614 997 1654 hoc
1027 1622 1204 1670 tempus
1230 1614 1368 1654 multa
1390 1614 1487 1661 alia,
1513 1614 1666 1670 gravia
1695 1614 1774 1656 illa

315 1692 358 1726 et
389 1687 642 1735 necessaria,
677 1686 730 1728 de
773 1686 1056 1743 dogmatibus
1098 1693 1142 1727 et
1184 1686 1507 1735 reformatione,
1547 1686 1775 1728 tractanda

314 1765 454 1799 erunt.
518 1758 571 1799 Id
603 1766 762 1808 tamen,
786 1760 821 1800 si
843 1759 965 1800 vobis
996 1759 1154 1814 placet,
1179 1760 1383 1814 quoniam
1414 1774 1490 1800 nos
1521 1759 1773 1801 libertatem

317 1832 501 1873 Concilii
522 1833 726 1873 volumus
745 1849 752 1873 ε
787 1833 957 1874 utinam
980 1839 1024 1874 et
1047 1832 1121 1873 alii
1141 1832 1203 1872 ita
1226 1832 1376 1873 velint.

372 1905 477 1945 Post
497 1906 627 1945 etiam
652 1904 896 1945 Cardinalis
918 1905 1248 1960 LotharingiuS,
1272 1905 1452 1960 Negare
1472 1919 1557 1946 non
1578 1919 1767 1960 possum,

314 1976 467 2031 inquit,
491 1991 558 2016 me
580 1977 768 2017 maxime
790 1984 979 2032 optasse,
1006 1984 1054 2017 ut
1085 1976 1154 2017 die
1182 1984 1347 2018 statuta
1370 1977 1503 2017 sessio
1524 1976 1772 2028 habeatur3

313 2047 630 2103 displicereque
663 2049 703 2088 in
735 2049 946 2104 praesenti
978 2048 1024 2089 id
1061 2050 1209 2105 perfici
1242 2064 1325 2089 non
1362 2063 1497 2105 posse.
1562 2048 1771 2105 Magnam

314 2129 459 2162 tamen
493 2121 538 2161 id
568 2121 672 2162 mihi
708 2122 1041 2162 consolationem
1076 2122 1213 2171 affert,
1236 2122 1367 2178 quod,
1400 2122 1514 2170 viz„²
1545 2123 1663 2164 intra
1694 2122 1773 2163 hoc

315 2201 488 2249 tempus
521 2194 710 2249 amplam
751 2195 874 2235 nobis
915 2202 957 2235 et
995 2196 1262 2236 fructuosam
1303 2196 1528 2236 materiam
1570 2202 1771 2251 paratam

315 2282 421 2314 esse,
443 2268 506 2308 ita
528 2274 578 2307 ut
598 2282 773 2322 sperare
796 2268 967 2307 0111111110
999 2268 1214 2322 possimus
1243 2268 1593 2308 reformationem
1616 2269 1771 2310 seriam

314 2347 357 2381 et
392 2341 627 2396 perfectam
661 2355 738 2380 nos
765 2339 1004 2380 habituros
1068 2340 1195 2381 Prius
1227 2341 1339 2381 enim
1373 2340 1671 2396 incipiendum
1705 2349 1770 2383 est

314 2431 339 2456 a
370 2415 496 2455 nobis
531 2414 652 2470 ipsis,
689 2421 739 2454 ut
780 2414 884 2454 alios
925 2430 975 2454 eo
1017 2414 1221 2455 fidentius
1263 2416 1498 2456 reformare
1540 2417 1769 2471 possimus,

313 2487 428 2528 unde
469 2494 513 2528 et
550 2487 603 2528 de
640 2486 964 2534 Cardinalibus,
1003 2493 1046 2527 et
1087 2485 1139 2526 de
1178 2487 1424 2542 Episcopis,
1463 2494 1506 2528 et
1541 2488 1595 2529 de
1636 2489 1768 2529 Paro-

313 2560 414 2607 chis,
438 2566 482 2600 et
513 2559 566 2599 de
598 2558 890 2605 Monasteriis,
916 2573 964 2598 ac
994 2558 1284 2606 Commendis,
1307 2567 1351 2600 et
1381 2559 1434 2600 de
1465 2559 1768 2616 Regularibus

314 2631 534 2688 agendum
578 2631 670 2672 erit.
731 2630 861 2672 Unde
904 2631 1018 2678 alios,
1054 2632 1131 2686 qui
1168 2631 1269 2672 foris
1305 2639 1405 2672 sunt
1443 2633 1765 2688 aggrediemur.

358 2720 364 2737 ¹
388 2719 403 2748 Ι
429 2718 507 2749 have
533 2717 689 2749 corrected
717 2718 841 2749 dietum
868 2718 909 2758 by
936 2729 975 2750 ex
1003 2718 1099 2759 dicto,
1117 2718 1231 2755 which,
1247 2730 1279 2750 or
1303 2719 1477 2760 something
1499 2720 1570 2760 else,
1595 2721 1621 2752 is
1645 2721 1768 2762 plainly

312 2780 481 2809 necessary.

355 2823 368 2840 ²
393 2822 500 2858 Videt,
520 2823 591 2853 MS.
