<?xml version="1.0" encoding="UTF-8"?>
<!DOCTYPE html PUBLIC "-//W3C//DTD XHTML 1.0 Transitional//EN"
    "http://www.w3.org/TR/xhtml1/DTD/xhtml1-transitional.dtd">
<html xmlns="http://www.w3.org/1999/xhtml" xml:lang="en" lang="en">
 <head>
  <title>
</title>
<meta http-equiv="Content-Type" content="text/html;charset=utf-8" />
  <meta name='ocr-system' content='tesseract 3.04.00' />
  <meta name='ocr-capabilities' content='ocr_page ocr_carea ocr_par ocr_line ocrx_word'/>
</head>
<body>
  <div class='ocr_page' id='page_1' title='image "actaconciliitrid00paleuoft_0813.png"; bbox 0 0 1905 3254; ppageno 0'>
   <div class='ocr_carea' id='block_1_1' title="bbox 659 271 1509 312">
    <p class='ocr_par' dir='ltr' id='par_1_1' title="bbox 659 271 1509 312">
     <span class='ocr_line' id='line_1_1' title="bbox 659 271 1509 312; baseline -0.001 -1"><span class='ocrx_word' id='word_1_1' title='bbox 659 282 768 311; x_wconf 66' lang='lat' dir='ltr'>sess</span> <span class='ocrx_word' id='word_1_2' title='bbox 795 283 891 312; x_wconf 66' lang='lat' dir='ltr'>vni.</span> <span class='ocrx_word' id='word_1_3' title='bbox 1427 271 1509 311; x_wconf 78' lang='lat'>589</span> 
     </span>
    </p>
   </div>
   <div class='ocr_carea' id='block_1_2' title="bbox 424 546 1138 587">
    <p class='ocr_par' dir='ltr' id='par_1_2' title="bbox 424 546 1138 587">
     <span class='ocr_line' id='line_1_2' title="bbox 424 546 1138 587; baseline 0.004 -4"><span class='ocrx_word' id='word_1_4' title='bbox 424 546 564 585; x_wconf 87' lang='lat' dir='ltr'><strong>ACTA</strong></span> <span class='ocrx_word' id='word_1_5' title='bbox 593 548 823 586; x_wconf 79' lang='lat' dir='ltr'><strong>OCTAVAE</strong></span> <span class='ocrx_word' id='word_1_6' title='bbox 855 549 1138 587; x_wconf 62' lang='lat' dir='ltr'>SESSIONIS.</span> 
     </span>
    </p>
   </div>
   <div class='ocr_carea' id='block_1_3' title="bbox 619 645 940 670">
    <p class='ocr_par' dir='ltr' id='par_1_3' title="bbox 619 645 940 670">
     <span class='ocr_line' id='line_1_3' title="bbox 619 645 940 670; baseline 0.003 -2"><span class='ocrx_word' id='word_1_7' title='bbox 619 645 681 669; x_wconf 89' lang='lat' dir='ltr'>DIE</span> <span class='ocrx_word' id='word_1_8' title='bbox 701 649 730 670; x_wconf 77' lang='lat'>19</span> <span class='ocrx_word' id='word_1_9' title='bbox 750 645 844 669; x_wconf 80' lang='lat' dir='ltr'>JULH</span> <span class='ocrx_word' id='word_1_10' title='bbox 867 649 940 670; x_wconf 79' lang='lat'><strong>1563.</strong></span> 
     </span>
    </p>
   </div>
   <div class='ocr_carea' id='block_1_4' title="bbox 47 738 1511 2611">
    <p class='ocr_par' dir='ltr' id='par_1_4' title="bbox 51 738 1511 1086">
     <span class='ocr_line' id='line_1_4' title="bbox 55 738 1509 796; baseline 0.001 -17"><span class='ocrx_word' id='word_1_11' title='bbox 55 738 400 779; x_wconf 62' lang='lat' dir='ltr'><strong>MANDAVERAT¹</strong></span> <span class='ocrx_word' id='word_1_12' title='bbox 424 739 519 778; x_wconf 71' lang='lat' dir='ltr'><strong>Sm¹¹⁵</strong></span> <span class='ocrx_word' id='word_1_13' title='bbox 542 738 596 777; x_wconf 88' lang='lat' dir='ltr'>D.</span> <span class='ocrx_word' id='word_1_14' title='bbox 621 739 663 778; x_wconf 80' lang='lat' dir='ltr'>N</span> <span class='ocrx_word' id='word_1_15' title='bbox 704 738 943 793; x_wconf 82' lang='lat' dir='ltr'>diplomate</span> <span class='ocrx_word' id='word_1_16' title='bbox 966 754 1043 779; x_wconf 89' lang='lat' dir='ltr'>suo</span> <span class='ocrx_word' id='word_1_17' title='bbox 1064 739 1259 794; x_wconf 72' lang='lat' dir='ltr'>Legatis,</span> <span class='ocrx_word' id='word_1_18' title='bbox 1280 746 1329 780; x_wconf 91' lang='lat' dir='ltr'>ut</span> <span class='ocrx_word' id='word_1_19' title='bbox 1346 739 1509 796; x_wconf 83' lang='lat' dir='ltr'>delige-</span> 
     </span>
     <span class='ocr_line' id='line_1_5' title="bbox 53 809 1510 868; baseline 0.001 -17"><span class='ocrx_word' id='word_1_20' title='bbox 53 817 149 851; x_wconf 85' lang='lat' dir='ltr'><strong>rent</strong></span> <span class='ocrx_word' id='word_1_21' title='bbox 171 810 382 850; x_wconf 66' lang='lat' dir='ltr'>Praelatos</span> <span class='ocrx_word' id='word_1_22' title='bbox 406 809 584 865; x_wconf 78' lang='lat' dir='ltr'>aliquot.</span> <span class='ocrx_word' id='word_1_23' title='bbox 609 810 685 865; x_wconf 88' lang='lat' dir='ltr'>qui</span> <span class='ocrx_word' id='word_1_24' title='bbox 707 810 760 851; x_wconf 83' lang='lat' dir='ltr'>de</span> <span class='ocrx_word' id='word_1_25' title='bbox 783 812 960 867; x_wconf 79' lang='lat' dir='ltr'>negotio</span> <span class='ocrx_word' id='word_1_26' title='bbox 988 811 1253 852; x_wconf 74' lang='lat' dir='ltr'>Patriarchae</span> <span class='ocrx_word' id='word_1_27' title='bbox 1277 812 1510 868; x_wconf 82' lang='lat' dir='ltr'>Aquilegi-</span> 
     </span>
     <span class='ocr_line' id='line_1_6' title="bbox 53 884 1511 940; baseline 0.001 -15"><span class='ocrx_word' id='word_1_28' title='bbox 53 884 165 925; x_wconf 88' lang='lat' dir='ltr'>ensis</span> <span class='ocrx_word' id='word_1_29' title='bbox 183 890 502 940; x_wconf 70' lang='lat' dir='ltr'>cognoscerent.</span> <span class='ocrx_word' id='word_1_30' title='bbox 522 899 607 939; x_wconf 87' lang='lat' dir='ltr'>quo</span> <span class='ocrx_word' id='word_1_31' title='bbox 630 885 802 925; x_wconf 88' lang='lat' dir='ltr'>nomine</span> <span class='ocrx_word' id='word_1_32' title='bbox 818 885 883 924; x_wconf 55' lang='lat' dir='ltr'>S¹³²</span> <span class='ocrx_word' id='word_1_33' title='bbox 899 884 1199 939; x_wconf 84' lang='lat' dir='ltr'>Inquisitionis</span> <span class='ocrx_word' id='word_1_34' title='bbox 1213 885 1348 925; x_wconf 78' lang='lat' dir='ltr'>officio</span> <span class='ocrx_word' id='word_1_35' title='bbox 1370 885 1511 926; x_wconf 84' lang='lat' dir='ltr'>fuerat</span> 
     </span>
     <span class='ocr_line' id='line_1_7' title="bbox 53 957 1508 1013; baseline 0 -14"><span class='ocrx_word' id='word_1_36' title='bbox 53 958 235 999; x_wconf 85' lang='lat' dir='ltr'>delatus.</span> <span class='ocrx_word' id='word_1_37' title='bbox 299 957 363 997; x_wconf 90' lang='lat' dir='ltr'>Hi</span> <span class='ocrx_word' id='word_1_38' title='bbox 388 957 602 998; x_wconf 83' lang='lat' dir='ltr'>Praelatos</span> <span class='ocrx_word' id='word_1_39' title='bbox 620 958 675 997; x_wconf 77' lang='lat'>25</span> <span class='ocrx_word' id='word_1_40' title='bbox 697 972 750 998; x_wconf 87' lang='lat' dir='ltr'>ex</span> <span class='ocrx_word' id='word_1_41' title='bbox 767 958 1046 1012; x_wconf 82' lang='lat' dir='ltr'>gravioribus</span> <span class='ocrx_word' id='word_1_42' title='bbox 1067 965 1111 998; x_wconf 85' lang='lat' dir='ltr'>et</span> <span class='ocrx_word' id='word_1_43' title='bbox 1129 957 1414 1007; x_wconf 78' lang='lat' dir='ltr'>doctioribus,</span> <span class='ocrx_word' id='word_1_44' title='bbox 1432 960 1508 1013; x_wconf 90' lang='lat' dir='ltr'>qui</span> 
     </span>
     <span class='ocr_line' id='line_1_8' title="bbox 51 1029 873 1086; baseline 0 -16"><span class='ocrx_word' id='word_1_45' title='bbox 51 1031 94 1071; x_wconf 88' lang='lat' dir='ltr'>in</span> <span class='ocrx_word' id='word_1_46' title='bbox 109 1029 281 1086; x_wconf 80' lang='lat' dir='ltr'>Synodo</span> <span class='ocrx_word' id='word_1_47' title='bbox 299 1037 453 1077; x_wconf 80' lang='lat' dir='ltr'>essent,</span> <span class='ocrx_word' id='word_1_48' title='bbox 477 1031 765 1077; x_wconf 70' lang='lat' dir='ltr'>nominarunt,</span> <span class='ocrx_word' id='word_1_49' title='bbox 791 1031 873 1070; x_wconf 86' lang='lat' dir='ltr'>viz.</span> 
     </span>
    </p>

    <p class='ocr_par' dir='ltr' id='par_1_5' title="bbox 386 1115 1137 1217">
     <span class='ocr_line' id='line_1_9' title="bbox 386 1115 1137 1217; baseline 0.005 -41"><span class='ocrx_word' id='word_1_50' title='bbox 386 1129 535 1177; x_wconf 80' lang='lat' dir='ltr'>Breve</span> <span class='ocrx_word' id='word_1_51' title='bbox 573 1115 649 1176; x_wconf 55' lang='lat' dir='ltr'>S¹¹¹¹i</span> <span class='ocrx_word' id='word_1_52' title='bbox 1023 1135 1037 1197; x_wconf 64' lang='lat' dir='ltr'>l</span> <span class='ocrx_word' id='word_1_53' title='bbox 1074 1172 1096 1217; x_wconf 68' lang='lat' dir='ltr'>f</span> <span class='ocrx_word' id='word_1_54' title='bbox 1123 1172 1137 1217; x_wconf 73' lang='lat' dir='ltr'>l</span> 
     </span>
    </p>

    <p class='ocr_par' dir='ltr' id='par_1_6' title="bbox 385 1190 1152 1275">
     <span class='ocr_line' id='line_1_10' title="bbox 385 1190 1152 1275; baseline 0 -18"><span class='ocrx_word' id='word_1_55' title='bbox 385 1212 591 1258; x_wconf 71' lang='lat' dir='ltr'>Nomina</span> <span class='ocrx_word' id='word_1_56' title='bbox 633 1212 987 1275; x_wconf 74' lang='lat' dir='ltr'>Deputatorum</span> <span class='ocrx_word' id='word_1_57' title='bbox 1019 1201 1031 1259; x_wconf 71' lang='lat' dir='ltr'>‚l</span> <span class='ocrx_word' id='word_1_58' title='bbox 1093 1190 1119 1217; x_wconf 67' lang='lat'>0</span> <span class='ocrx_word' id='word_1_59' title='bbox 1143 1209 1152 1217; x_wconf 75' lang='grc'><strong>’</strong></span> 
     </span>
    </p>

    <p class='ocr_par' dir='ltr' id='par_1_7' title="bbox 50 1311 1510 1515">
     <span class='ocr_line' id='line_1_11' title="bbox 108 1311 1510 1368; baseline 0.002 -17"><span class='ocrx_word' id='word_1_60' title='bbox 108 1311 193 1352; x_wconf 87' lang='lat' dir='ltr'>Die</span> <span class='ocrx_word' id='word_1_61' title='bbox 216 1312 270 1351; x_wconf 74' lang='lat'>24</span> <span class='ocrx_word' id='word_1_62' title='bbox 294 1312 408 1353; x_wconf 86' lang='lat' dir='ltr'>Julii</span> <span class='ocrx_word' id='word_1_63' title='bbox 433 1312 555 1362; x_wconf 79' lang='lat'>1563,</span> <span class='ocrx_word' id='word_1_64' title='bbox 573 1312 788 1353; x_wconf 87' lang='lat' dir='ltr'>admissus</span> <span class='ocrx_word' id='word_1_65' title='bbox 805 1312 888 1352; x_wconf 84' lang='lat' dir='ltr'>fuit</span> <span class='ocrx_word' id='word_1_66' title='bbox 910 1314 1038 1368; x_wconf 70' lang='lat' dir='ltr'>Epsss</span> <span class='ocrx_word' id='word_1_67' title='bbox 1054 1313 1332 1355; x_wconf 84' lang='lat' dir='ltr'>Cortonensis</span> <span class='ocrx_word' id='word_1_68' title='bbox 1350 1314 1510 1355; x_wconf 82' lang='lat' dir='ltr'>Orator</span> 
     </span>
     <span class='ocr_line' id='line_1_12' title="bbox 51 1385 1507 1441; baseline 0.002 -15"><span class='ocrx_word' id='word_1_69' title='bbox 51 1385 187 1426; x_wconf 88' lang='lat' dir='ltr'>Ducis</span> <span class='ocrx_word' id='word_1_70' title='bbox 209 1385 441 1433; x_wconf 63' lang='lat' dir='ltr'>morensis,</span> <span class='ocrx_word' id='word_1_71' title='bbox 457 1385 675 1441; x_wconf 84' lang='lat' dir='ltr'>datusque</span> <span class='ocrx_word' id='word_1_72' title='bbox 691 1386 730 1426; x_wconf 85' lang='lat' dir='ltr'>ei</span> <span class='ocrx_word' id='word_1_73' title='bbox 751 1386 871 1426; x_wconf 89' lang='lat' dir='ltr'>locus</span> <span class='ocrx_word' id='word_1_74' title='bbox 893 1386 1004 1426; x_wconf 89' lang='lat' dir='ltr'>inter</span> <span class='ocrx_word' id='word_1_75' title='bbox 1026 1387 1130 1427; x_wconf 89' lang='lat' dir='ltr'>alios</span> <span class='ocrx_word' id='word_1_76' title='bbox 1153 1394 1345 1428; x_wconf 89' lang='lat' dir='ltr'>oratores</span> <span class='ocrx_word' id='word_1_77' title='bbox 1360 1388 1507 1433; x_wconf 74' lang='lat' dir='ltr'>Ecc⁰⁰⁵,</span> 
     </span>
     <span class='ocr_line' id='line_1_13' title="bbox 50 1458 1083 1515; baseline 0.001 -17"><span class='ocrx_word' id='word_1_78' title='bbox 50 1465 93 1499; x_wconf 86' lang='lat' dir='ltr'>et</span> <span class='ocrx_word' id='word_1_79' title='bbox 113 1458 398 1515; x_wconf 58' lang='lat' dir='ltr'>praesentavit</span> <span class='ocrx_word' id='word_1_80' title='bbox 414 1458 564 1499; x_wconf 82' lang='lat' dir='ltr'>literas</span> <span class='ocrx_word' id='word_1_81' title='bbox 587 1466 630 1499; x_wconf 89' lang='lat' dir='ltr'>et</span> <span class='ocrx_word' id='word_1_82' title='bbox 653 1458 911 1499; x_wconf 83' lang='lat' dir='ltr'>mandatum</span> <span class='ocrx_word' id='word_1_83' title='bbox 935 1459 1083 1500; x_wconf 85' lang='lat' dir='ltr'>Ducis.</span> 
     </span>
    </p>

    <p class='ocr_par' dir='ltr' id='par_1_8' title="bbox 56 1534 1509 1649">
     <span class='ocr_line' id='line_1_14' title="bbox 106 1534 1509 1591; baseline 0.002 -17"><span class='ocrx_word' id='word_1_84' title='bbox 106 1534 264 1575; x_wconf 81' lang='lat' dir='ltr'>Postea</span> <span class='ocrx_word' id='word_1_85' title='bbox 285 1541 444 1589; x_wconf 85' lang='lat' dir='ltr'>coeptae</span> <span class='ocrx_word' id='word_1_86' title='bbox 466 1542 566 1575; x_wconf 90' lang='lat' dir='ltr'>sunt</span> <span class='ocrx_word' id='word_1_87' title='bbox 580 1536 807 1575; x_wconf 73' lang='lat' dir='ltr'>scntentiae</span> <span class='ocrx_word' id='word_1_88' title='bbox 826 1542 1001 1589; x_wconf 83' lang='lat' dir='ltr'>patrum</span> <span class='ocrx_word' id='word_1_89' title='bbox 1025 1552 1157 1591; x_wconf 83' lang='lat' dir='ltr'>super</span> <span class='ocrx_word' id='word_1_90' title='bbox 1181 1537 1435 1577; x_wconf 82' lang='lat' dir='ltr'>Canonibus</span> <span class='ocrx_word' id='word_1_91' title='bbox 1456 1537 1509 1578; x_wconf 85' lang='lat' dir='ltr'>de</span> 
     </span>
     <span class='ocr_line' id='line_1_15' title="bbox 56 1608 642 1649; baseline 0.002 -1"><span class='ocrx_word' id='word_1_92' title='bbox 56 1608 335 1649; x_wconf 85' lang='lat' dir='ltr'>Sacramento</span> <span class='ocrx_word' id='word_1_93' title='bbox 358 1608 642 1649; x_wconf 84' lang='lat' dir='ltr'>Matrimonii.</span> 
     </span>
    </p>

    <p class='ocr_par' dir='ltr' id='par_1_9' title="bbox 107 1681 587 1737">
     <span class='ocr_line' id='line_1_16' title="bbox 107 1681 587 1737; baseline 0.002 -15"><span class='ocrx_word' id='word_1_94' title='bbox 107 1681 236 1722; x_wconf 88' lang='lat' dir='ltr'>Card.</span> <span class='ocrx_word' id='word_1_95' title='bbox 258 1681 587 1737; x_wconf 82' lang='lat' dir='ltr'>Lotharingius.</span> 
     </span>
    </p>

    <p class='ocr_par' dir='ltr' id='par_1_10' title="bbox 106 1755 398 1796">
     <span class='ocr_line' id='line_1_17' title="bbox 106 1755 398 1796; baseline 0.003 -1"><span class='ocrx_word' id='word_1_96' title='bbox 106 1755 398 1796; x_wconf 80' lang='lat' dir='ltr'>Madruecius.</span> 
     </span>
    </p>

    <p class='ocr_par' dir='ltr' id='par_1_11' title="bbox 107 1827 436 1884">
     <span class='ocr_line' id='line_1_18' title="bbox 107 1827 436 1884; baseline 0 -15"><span class='ocrx_word' id='word_1_97' title='bbox 107 1827 436 1884; x_wconf 80' lang='lat' dir='ltr'>Hydruntinus.</span> 
     </span>
    </p>

    <p class='ocr_par' dir='ltr' id='par_1_12' title="bbox 108 1900 562 1941">
     <span class='ocr_line' id='line_1_19' title="bbox 108 1900 562 1941; baseline -0.004 0"><span class='ocrx_word' id='word_1_98' title='bbox 108 1900 395 1941; x_wconf 86' lang='lat' dir='ltr'>Granatensis</span> <span class='ocrx_word' id='word_1_99' title='bbox 413 1907 456 1941; x_wconf 89' lang='lat' dir='ltr'>et</span> <span class='ocrx_word' id='word_1_100' title='bbox 475 1900 562 1940; x_wconf 89' lang='lat' dir='ltr'>alii.</span> 
     </span>
    </p>

    <p class='ocr_par' dir='ltr' id='par_1_13' title="bbox 47 1972 1508 2392">
     <span class='ocr_line' id='line_1_20' title="bbox 105 1972 1507 2028; baseline 0.001 -15"><span class='ocrx_word' id='word_1_101' title='bbox 105 1973 268 2014; x_wconf 85' lang='lat' dir='ltr'>Literae</span> <span class='ocrx_word' id='word_1_102' title='bbox 291 1987 344 2013; x_wconf 89' lang='lat' dir='ltr'>ex</span> <span class='ocrx_word' id='word_1_103' title='bbox 367 1973 477 2013; x_wconf 86' lang='lat' dir='ltr'>urbe</span> <span class='ocrx_word' id='word_1_104' title='bbox 500 1973 746 2028; x_wconf 84' lang='lat' dir='ltr'>significant</span> <span class='ocrx_word' id='word_1_105' title='bbox 769 1972 879 2012; x_wconf 79' lang='lat' dir='ltr'>S¹¹¹¹¹¹¹¹</span> <span class='ocrx_word' id='word_1_106' title='bbox 906 1973 1049 2013; x_wconf 86' lang='lat' dir='ltr'>Nrum</span> <span class='ocrx_word' id='word_1_107' title='bbox 1075 1973 1220 2013; x_wconf 83' lang='lat' dir='ltr'>omnia</span> <span class='ocrx_word' id='word_1_108' title='bbox 1243 1973 1351 2014; x_wconf 90' lang='lat' dir='ltr'>bene</span> <span class='ocrx_word' id='word_1_109' title='bbox 1378 1974 1507 2014; x_wconf 82' lang='lat' dir='ltr'>inter-</span> 
     </span>
     <span class='ocr_line' id='line_1_21' title="bbox 48 2044 1506 2101; baseline 0.001 -15"><span class='ocrx_word' id='word_1_110' title='bbox 48 2052 268 2101; x_wconf 87' lang='lat' dir='ltr'>pretatum</span> <span class='ocrx_word' id='word_1_111' title='bbox 302 2044 436 2085; x_wconf 87' lang='lat' dir='ltr'>fuisse</span> <span class='ocrx_word' id='word_1_112' title='bbox 467 2044 520 2084; x_wconf 87' lang='lat' dir='ltr'>de</span> <span class='ocrx_word' id='word_1_113' title='bbox 542 2059 592 2084; x_wconf 93' lang='lat' dir='ltr'>eo</span> <span class='ocrx_word' id='word_1_114' title='bbox 614 2044 732 2099; x_wconf 87' lang='lat' dir='ltr'>quod</span> <span class='ocrx_word' id='word_1_115' title='bbox 761 2045 873 2085; x_wconf 86' lang='lat' dir='ltr'>circa</span> <span class='ocrx_word' id='word_1_116' title='bbox 901 2045 1239 2099; x_wconf 64' lang='lat' dir='ltr'>praecedentiam</span> <span class='ocrx_word' id='word_1_117' title='bbox 1272 2046 1506 2087; x_wconf 86' lang='lat' dir='ltr'>Oratorum</span> 
     </span>
     <span class='ocr_line' id='line_1_22' title="bbox 47 2118 1506 2175; baseline 0 -15"><span class='ocrx_word' id='word_1_118' title='bbox 47 2119 191 2160; x_wconf 86' lang='lat' dir='ltr'>fuerat</span> <span class='ocrx_word' id='word_1_119' title='bbox 212 2134 237 2159; x_wconf 90' lang='lat' dir='ltr'>a</span> <span class='ocrx_word' id='word_1_120' title='bbox 259 2119 442 2174; x_wconf 86' lang='lat' dir='ltr'>Legatis</span> <span class='ocrx_word' id='word_1_121' title='bbox 470 2125 657 2174; x_wconf 86' lang='lat' dir='ltr'>gestum.</span> <span class='ocrx_word' id='word_1_122' title='bbox 720 2118 931 2159; x_wconf 83' lang='lat' dir='ltr'>Monebat</span> <span class='ocrx_word' id='word_1_123' title='bbox 959 2119 1092 2159; x_wconf 84' lang='lat' dir='ltr'>etiam</span> <span class='ocrx_word' id='word_1_124' title='bbox 1116 2133 1199 2166; x_wconf 78' lang='lat' dir='ltr'>eos,</span> <span class='ocrx_word' id='word_1_125' title='bbox 1224 2126 1273 2159; x_wconf 90' lang='lat' dir='ltr'>ut</span> <span class='ocrx_word' id='word_1_126' title='bbox 1303 2135 1506 2175; x_wconf 85' lang='lat' dir='ltr'>magnam</span> 
     </span>
     <span class='ocr_line' id='line_1_23' title="bbox 49 2190 1508 2247; baseline -0.001 -14"><span class='ocrx_word' id='word_1_127' title='bbox 49 2207 145 2233; x_wconf 87' lang='lat' dir='ltr'>cum</span> <span class='ocrx_word' id='word_1_128' title='bbox 166 2191 453 2247; x_wconf 87' lang='lat' dir='ltr'>Lotharingio</span> <span class='ocrx_word' id='word_1_129' title='bbox 475 2191 820 2246; x_wconf 82' lang='lat' dir='ltr'>conjunctionem</span> <span class='ocrx_word' id='word_1_130' title='bbox 843 2190 1131 2232; x_wconf 82' lang='lat' dir='ltr'>ostenderent.</span> <span class='ocrx_word' id='word_1_131' title='bbox 1196 2191 1269 2231; x_wconf 86' lang='lat' dir='ltr'>Ad</span> <span class='ocrx_word' id='word_1_132' title='bbox 1291 2207 1389 2232; x_wconf 88' lang='lat' dir='ltr'>eum</span> <span class='ocrx_word' id='word_1_133' title='bbox 1406 2206 1508 2233; x_wconf 87' lang='lat' dir='ltr'>vero</span> 
     </span>
     <span class='ocr_line' id='line_1_24' title="bbox 48 2263 1506 2319; baseline -0.001 -14"><span class='ocrx_word' id='word_1_134' title='bbox 48 2264 190 2305; x_wconf 85' lang='lat' dir='ltr'>Breve</span> <span class='ocrx_word' id='word_1_135' title='bbox 208 2264 384 2305; x_wconf 85' lang='lat' dir='ltr'>miserat</span> <span class='ocrx_word' id='word_1_136' title='bbox 406 2264 588 2319; x_wconf 88' lang='lat' dir='ltr'>plenum</span> <span class='ocrx_word' id='word_1_137' title='bbox 617 2263 753 2303; x_wconf 78' lang='lat' dir='ltr'>officio</span> <span class='ocrx_word' id='word_1_138' title='bbox 771 2269 814 2303; x_wconf 90' lang='lat' dir='ltr'>et</span> <span class='ocrx_word' id='word_1_139' title='bbox 841 2263 1159 2311; x_wconf 83' lang='lat' dir='ltr'>benevolentia,</span> <span class='ocrx_word' id='word_1_140' title='bbox 1181 2263 1372 2305; x_wconf 82' lang='lat' dir='ltr'>invitans</span> <span class='ocrx_word' id='word_1_141' title='bbox 1407 2279 1506 2304; x_wconf 90' lang='lat' dir='ltr'>eum</span> 
     </span>
     <span class='ocr_line' id='line_1_25' title="bbox 48 2336 1163 2392; baseline -0.002 -14"><span class='ocrx_word' id='word_1_142' title='bbox 48 2337 190 2385; x_wconf 88' lang='lat' dir='ltr'>etiam,</span> <span class='ocrx_word' id='word_1_143' title='bbox 215 2344 264 2379; x_wconf 93' lang='lat' dir='ltr'>ut</span> <span class='ocrx_word' id='word_1_144' title='bbox 285 2337 468 2378; x_wconf 87' lang='lat' dir='ltr'>Romam</span> <span class='ocrx_word' id='word_1_145' title='bbox 491 2353 535 2377; x_wconf 87' lang='lat' dir='ltr'>se</span> <span class='ocrx_word' id='word_1_146' title='bbox 555 2351 632 2392; x_wconf 88' lang='lat' dir='ltr'>per</span> <span class='ocrx_word' id='word_1_147' title='bbox 653 2336 822 2391; x_wconf 84' lang='lat' dir='ltr'>aliquot</span> <span class='ocrx_word' id='word_1_148' title='bbox 844 2336 937 2376; x_wconf 86' lang='lat' dir='ltr'>dies</span> <span class='ocrx_word' id='word_1_149' title='bbox 959 2336 1163 2377; x_wconf 85' lang='lat' dir='ltr'>conferat.</span> 
     </span>
    </p>

    <p class='ocr_par' dir='ltr' id='par_1_14' title="bbox 49 2407 1508 2611">
     <span class='ocr_line' id='line_1_26' title="bbox 106 2407 1508 2463; baseline -0.002 -13"><span class='ocrx_word' id='word_1_150' title='bbox 106 2409 474 2450; x_wconf 83' lang='lat' dir='ltr'>Reformationem</span> <span class='ocrx_word' id='word_1_151' title='bbox 510 2409 564 2450; x_wconf 89' lang='lat' dir='ltr'>de</span> <span class='ocrx_word' id='word_1_152' title='bbox 603 2408 914 2450; x_wconf 88' lang='lat' dir='ltr'>Cardinalibus</span> <span class='ocrx_word' id='word_1_153' title='bbox 946 2410 1071 2463; x_wconf 84' lang='lat' dir='ltr'>Papa</span> <span class='ocrx_word' id='word_1_154' title='bbox 1124 2407 1288 2448; x_wconf 86' lang='lat' dir='ltr'>remisit</span> <span class='ocrx_word' id='word_1_155' title='bbox 1335 2407 1421 2448; x_wconf 92' lang='lat' dir='ltr'>huc</span> <span class='ocrx_word' id='word_1_156' title='bbox 1453 2408 1508 2448; x_wconf 85' lang='lat' dir='ltr'>ad</span> 
     </span>
     <span class='ocr_line' id='line_1_27' title="bbox 50 2481 1506 2539; baseline -0.002 -15"><span class='ocrx_word' id='word_1_157' title='bbox 50 2482 257 2539; x_wconf 83' lang='lat' dir='ltr'>LegatOS‚</span> <span class='ocrx_word' id='word_1_158' title='bbox 282 2483 485 2538; x_wconf 89' lang='lat' dir='ltr'>quoniam</span> <span class='ocrx_word' id='word_1_159' title='bbox 509 2482 715 2539; x_wconf 87' lang='lat' dir='ltr'>deputati</span> <span class='ocrx_word' id='word_1_160' title='bbox 749 2483 789 2523; x_wconf 90' lang='lat' dir='ltr'>in</span> <span class='ocrx_word' id='word_1_161' title='bbox 826 2483 936 2523; x_wconf 84' lang='lat' dir='ltr'>urbe</span> <span class='ocrx_word' id='word_1_162' title='bbox 961 2497 985 2522; x_wconf 89' lang='lat' dir='ltr'>a</span> <span class='ocrx_word' id='word_1_163' title='bbox 1008 2481 1134 2536; x_wconf 77' lang='lat' dir='ltr'>Papa</span> <span class='ocrx_word' id='word_1_164' title='bbox 1163 2495 1247 2520; x_wconf 91' lang='lat' dir='ltr'>non</span> <span class='ocrx_word' id='word_1_165' title='bbox 1279 2481 1383 2521; x_wconf 88' lang='lat' dir='ltr'>satis</span> <span class='ocrx_word' id='word_1_166' title='bbox 1416 2496 1506 2521; x_wconf 89' lang='lat' dir='ltr'>rem</span> 
     </span>
     <span class='ocr_line' id='line_1_28' title="bbox 49 2555 612 2611; baseline 0 -15"><span class='ocrx_word' id='word_1_167' title='bbox 49 2555 251 2598; x_wconf 86' lang='lat' dir='ltr'>alacriter</span> <span class='ocrx_word' id='word_1_168' title='bbox 275 2556 612 2611; x_wconf 87' lang='lat' dir='ltr'>amplectantur.</span> 
     </span>
    </p>
   </div>
   <div class='ocr_carea' id='block_1_5' title="bbox 43 2643 1510 2844">
    <p class='ocr_par' dir='ltr' id='par_1_15' title="bbox 43 2643 1510 2844">
     <span class='ocr_line' id='line_1_29' title="bbox 91 2643 1510 2686; baseline 0.001 -11"><span class='ocrx_word' id='word_1_169' title='bbox 91 2645 98 2664; x_wconf 93' lang='lat'>¹</span> <span class='ocrx_word' id='word_1_170' title='bbox 126 2647 217 2676; x_wconf 86' lang='lat' dir='ltr'>From</span> <span class='ocrx_word' id='word_1_171' title='bbox 245 2645 296 2676; x_wconf 81' lang='lat' dir='ltr'>the</span> <span class='ocrx_word' id='word_1_172' title='bbox 321 2650 450 2686; x_wconf 77' lang='lat' dir='ltr'>poverty</span> <span class='ocrx_word' id='word_1_173' title='bbox 466 2646 500 2675; x_wconf 82' lang='lat' dir='ltr'>of</span> <span class='ocrx_word' id='word_1_174' title='bbox 521 2645 568 2675; x_wconf 78' lang='lat' dir='ltr'>his</span> <span class='ocrx_word' id='word_1_175' title='bbox 582 2645 702 2684; x_wconf 83' lang='lat' dir='ltr'>history</span> <span class='ocrx_word' id='word_1_176' title='bbox 720 2645 752 2674; x_wconf 91' lang='lat' dir='ltr'>in</span> <span class='ocrx_word' id='word_1_177' title='bbox 770 2644 830 2674; x_wconf 80' lang='lat' dir='ltr'>this</span> <span class='ocrx_word' id='word_1_178' title='bbox 856 2643 987 2684; x_wconf 81' lang='lat' dir='ltr'>portion,</span> <span class='ocrx_word' id='word_1_179' title='bbox 1003 2643 1144 2673; x_wconf 76' lang='lat' dir='ltr'>Paleotto</span> <span class='ocrx_word' id='word_1_180' title='bbox 1170 2654 1244 2682; x_wconf 87' lang='lat' dir='ltr'>may</span> <span class='ocrx_word' id='word_1_181' title='bbox 1268 2654 1348 2674; x_wconf 83' lang='lat' dir='ltr'>seem</span> <span class='ocrx_word' id='word_1_182' title='bbox 1375 2648 1406 2674; x_wconf 88' lang='lat' dir='ltr'>to</span> <span class='ocrx_word' id='word_1_183' title='bbox 1431 2644 1510 2676; x_wconf 87' lang='lat' dir='ltr'>have</span> 
     </span>
     <span class='ocr_line' id='line_1_30' title="bbox 46 2696 1506 2740; baseline -0.001 -10"><span class='ocrx_word' id='word_1_184' title='bbox 46 2699 164 2739; x_wconf 81' lang='lat' dir='ltr'>caught</span> <span class='ocrx_word' id='word_1_185' title='bbox 188 2699 239 2729; x_wconf 82' lang='lat' dir='ltr'>the</span> <span class='ocrx_word' id='word_1_186' title='bbox 264 2699 453 2740; x_wconf 86' lang='lat' dir='ltr'>impatience</span> <span class='ocrx_word' id='word_1_187' title='bbox 469 2700 504 2730; x_wconf 87' lang='lat' dir='ltr'>os</span> <span class='ocrx_word' id='word_1_188' title='bbox 524 2699 574 2729; x_wconf 83' lang='lat' dir='ltr'>the</span> <span class='ocrx_word' id='word_1_189' title='bbox 589 2699 698 2737; x_wconf 85' lang='lat' dir='ltr'>Synod</span> <span class='ocrx_word' id='word_1_190' title='bbox 724 2698 770 2728; x_wconf 85' lang='lat' dir='ltr'>for</span> <span class='ocrx_word' id='word_1_191' title='bbox 795 2698 832 2727; x_wconf 84' lang='lat' dir='ltr'>its</span> <span class='ocrx_word' id='word_1_192' title='bbox 855 2708 923 2728; x_wconf 89' lang='lat' dir='ltr'>own</span> <span class='ocrx_word' id='word_1_193' title='bbox 951 2696 1172 2727; x_wconf 78' lang='lat' dir='ltr'>terminationz</span> <span class='ocrx_word' id='word_1_194' title='bbox 1196 2697 1254 2727; x_wconf 85' lang='lat' dir='ltr'>but</span> <span class='ocrx_word' id='word_1_195' title='bbox 1270 2697 1319 2727; x_wconf 80' lang='lat' dir='ltr'>the</span> <span class='ocrx_word' id='word_1_196' title='bbox 1334 2698 1506 2738; x_wconf 75' lang='lat' dir='ltr'>(leficiency</span> 
     </span>
     <span class='ocr_line' id='line_1_31' title="bbox 46 2749 1508 2792; baseline 0 -10"><span class='ocrx_word' id='word_1_197' title='bbox 46 2762 118 2791; x_wconf 89' lang='lat' dir='ltr'>may</span> <span class='ocrx_word' id='word_1_198' title='bbox 136 2752 172 2782; x_wconf 86' lang='lat' dir='ltr'>be</span> <span class='ocrx_word' id='word_1_199' title='bbox 185 2751 295 2792; x_wconf 87' lang='lat' dir='ltr'>amply</span> <span class='ocrx_word' id='word_1_200' title='bbox 312 2752 460 2792; x_wconf 86' lang='lat' dir='ltr'>supplied</span> <span class='ocrx_word' id='word_1_201' title='bbox 476 2753 555 2782; x_wconf 80' lang='lat' dir='ltr'>from</span> <span class='ocrx_word' id='word_1_202' title='bbox 572 2752 622 2781; x_wconf 79' lang='lat' dir='ltr'>the</span> <span class='ocrx_word' id='word_1_203' title='bbox 640 2752 756 2781; x_wconf 74' lang='lat' dir='ltr'>Letters</span> <span class='ocrx_word' id='word_1_204' title='bbox 771 2751 806 2781; x_wconf 83' lang='lat' dir='ltr'>os</span> <span class='ocrx_word' id='word_1_205' title='bbox 819 2751 972 2789; x_wconf 66' lang='lat' dir='ltr'>Yisconti‚</span> <span class='ocrx_word' id='word_1_206' title='bbox 988 2761 1007 2779; x_wconf 84' lang='lat' dir='ltr'>a</span> <span class='ocrx_word' id='word_1_207' title='bbox 1029 2754 1097 2790; x_wconf 82' lang='lat' dir='ltr'>part</span> <span class='ocrx_word' id='word_1_208' title='bbox 1123 2749 1197 2789; x_wconf 89' lang='lat' dir='ltr'>only</span> <span class='ocrx_word' id='word_1_209' title='bbox 1213 2750 1249 2779; x_wconf 90' lang='lat' dir='ltr'>of</span> <span class='ocrx_word' id='word_1_210' title='bbox 1269 2750 1372 2780; x_wconf 89' lang='lat' dir='ltr'>which</span> <span class='ocrx_word' id='word_1_211' title='bbox 1399 2761 1450 2781; x_wconf 85' lang='lat' dir='ltr'>are</span> <span class='ocrx_word' id='word_1_212' title='bbox 1477 2751 1508 2782; x_wconf 88' lang='lat' dir='ltr'>in</span> 
     </span>
     <span class='ocr_line' id='line_1_32' title="bbox 43 2803 1409 2844; baseline 0.001 -11"><span class='ocrx_word' id='word_1_213' title='bbox 43 2803 123 2843; x_wconf 78' lang='lat' dir='ltr'>print</span> <span class='ocrx_word' id='word_1_214' title='bbox 139 2803 170 2833; x_wconf 87' lang='lat' dir='ltr'>in</span> <span class='ocrx_word' id='word_1_215' title='bbox 188 2804 342 2842; x_wconf 80' lang='lat' dir='ltr'>Aymon&#39;s</span> <span class='ocrx_word' id='word_1_216' title='bbox 366 2805 575 2844; x_wconf 83' lang='lat' dir='ltr'>publication,</span> <span class='ocrx_word' id='word_1_217' title='bbox 592 2815 624 2834; x_wconf 83' lang='lat' dir='ltr'>as</span> <span class='ocrx_word' id='word_1_218' title='bbox 640 2815 712 2842; x_wconf 81' lang='lat' dir='ltr'>may</span> <span class='ocrx_word' id='word_1_219' title='bbox 730 2804 766 2834; x_wconf 88' lang='lat' dir='ltr'>be</span> <span class='ocrx_word' id='word_1_220' title='bbox 781 2814 848 2834; x_wconf 79' lang='lat' dir='ltr'>seen</span> <span class='ocrx_word' id='word_1_221' title='bbox 866 2804 896 2833; x_wconf 88' lang='lat' dir='ltr'>in</span> <span class='ocrx_word' id='word_1_222' title='bbox 912 2814 965 2841; x_wconf 88' lang='lat' dir='ltr'>my</span> <span class='ocrx_word' id='word_1_223' title='bbox 985 2803 1133 2833; x_wconf 76' lang='lat' dir='ltr'>Memoirs</span> <span class='ocrx_word' id='word_1_224' title='bbox 1149 2803 1184 2833; x_wconf 87' lang='lat' dir='ltr'>of</span> <span class='ocrx_word' id='word_1_225' title='bbox 1195 2803 1245 2832; x_wconf 82' lang='lat' dir='ltr'>the</span> <span class='ocrx_word' id='word_1_226' title='bbox 1261 2803 1409 2834; x_wconf 87' lang='lat' dir='ltr'>Council.</span> 
     </span>
    </p>
   </div>
  </div>
 </body>
</html>
