1905 3254
332 282 415 322 258
965 294 1076 324 sEss.
1105 294 1163 322 w.

335 409 543 458 tanquam
577 401 771 457 delegati
805 400 928 441 Sedis
949 399 1214 456 Apostolicae
1245 413 1510 454 cognoscere,
1535 414 1588 440 an
1609 406 1786 441 narrata

334 475 378 515 in
401 475 606 530 precibus
628 475 812 515 veritate
833 473 1057 522 nitantur3
1087 487 1186 528 quae
1209 472 1243 513 si
1265 472 1374 513 falsa
1396 473 1652 528 repererint,
1675 487 1783 514 com-

334 547 598 588 mutationes
621 547 861 602 praedictae¹
887 545 1152 587 excusationi
1171 560 1257 585 non
1280 544 1612 586 demandentur.

397 619 471 673 [9.]
508 619 666 660 Causae
689 635 820 675 super
843 619 1084 667 Beneficiis,
1118 633 1306 674 quorum
1330 618 1501 659 fructus
1523 633 1621 659 cum
1643 617 1787 658 distri-

335 690 589 732 butionibus
603 691 864 747 quotidianis
881 692 935 732 24
952 691 1209 732 ducatorum
1233 691 1329 731 auri
1350 690 1403 731 de
1426 690 1611 732 Camera
1633 705 1785 731 verum

335 764 526 805 valorem
557 780 642 805 non
665 763 892 811 excedunt,
925 764 967 803 in
988 764 1131 819 prima
1152 763 1357 804 instantia
1378 778 1520 803 coram
1545 762 1788 803 Ordinariis

334 838 525 878 locorum
547 838 591 877 in
614 838 813 892 partibus
835 844 1160 893 cognoscantur,
1190 837 1266 892 qui
1288 835 1343 877 ad
1363 835 1647 885 definitivam,
1681 851 1786 892 qua-

336 926 508 966 cunque
531 910 780 951 avocatione
806 916 884 950 aut
915 909 1169 950 inhibitione
1200 923 1285 949 non
1316 909 1532 955 obstante,
1555 909 1788 964 procedere

335 984 526 1039 possint;
557 998 634 1024 nec
664 982 982 1038 appellationes
1023 982 1067 1022 in
1108 981 1270 1022 eisdem
1308 981 1611 1029 admittantur,
1646 981 1729 1021 nisi
1765 996 1790 1022 a

334 1056 571 1103 definitiva,
594 1056 664 1097 vel
695 1055 930 1097 definitivae
953 1055 1042 1095 vim
1064 1054 1266 1103 habente,
1291 1054 1361 1095 vel
1383 1055 1651 1110 gravamine,
1674 1054 1791 1110 quod

337 1130 677 1186 appellationem
701 1144 725 1170 a
747 1127 971 1169 definitiva
992 1128 1204 1169 sententia
1224 1128 1448 1183 repararin
1470 1135 1641 1183 equeat.

397 1203 497 1258 [lo]
534 1201 867 1258 Metropolitani
886 1201 930 1241 in
955 1201 1328 1257 appellationibus
1352 1200 1408 1241 ad
1429 1215 1501 1242 eos
1523 1201 1789 1256 interpositis

334 1277 378 1317 in
420 1275 647 1332 quibusvis
687 1274 837 1322 causis,
878 1280 968 1314 tam
1008 1274 1051 1313 in
1094 1272 1375 1314 admittendis
1418 1272 1792 1329 appellationibus

336 1362 468 1404 quam
501 1346 544 1387 in
575 1344 853 1386 concedendis
883 1344 1217 1385 inhibitionibus
1239 1351 1334 1400 post
1360 1345 1701 1400 appellationem
1718 1346 1792 1401 jus

335 1433 560 1460 commune
593 1432 765 1459 servare
798 1424 1044 1464 teneantur,
1069 1421 1202 1472 juxta
1230 1416 1411 1457 formam
1434 1423 1477 1458 et
1499 1424 1691 1458 tenorem
1717 1418 1792 1458 Sa·

335 1506 504 1532 orarum
529 1490 898 1531 Constitutionum
922 1489 1144 1530 Innocent.
1169 1488 1247 1529 IV.
1282 1489 1326 1529 in
1359 1489 1554 1530 Concilio
1581 1489 1790 1545 Lugdun.

337 1580 434 1621 quae
454 1565 621 1620 incipit,
654 1564 851 1606 Romana
873 1577 1135 1618 quacunque
1156 1562 1468 1603 consuetudine
1490 1563 1621 1603 etiam
1644 1563 1793 1604 imme-

337 1636 541 1679 morabili
574 1642 652 1676 aut
684 1635 919 1691 privilegio
955 1636 1000 1675 in
1033 1635 1297 1676 contrarium
1328 1650 1413 1675 non
1446 1635 1659 1683 obstante,
1688 1635 1794 1676 alias

336 1709 617 1751 inhibitiones
645 1714 688 1749 et
721 1723 948 1763 processus
977 1714 1021 1750 et
1052 1708 1151 1750 inde
1183 1714 1373 1765 sequuta
1403 1723 1679 1764 quaecunque
1711 1709 1796 1751 sint

335 1784 430 1839 ipso
449 1787 547 1838 jure
568 1782 704 1822 nulla.

399 1855 504 1911 [11.]
540 1855 751 1911 Episcopi
785 1855 828 1895 in
861 1856 1030 1896 casibus
1063 1870 1088 1895 a
1115 1856 1215 1911 jure
1249 1855 1457 1896 concessis
1485 1855 1678 1896 omnium
1701 1856 1793 1911 pia-

339 1945 435 1971 rum
457 1929 790 1985 dispositionum
807 1930 936 1970 etiam
955 1930 1067 1970 inter
1086 1929 1208 1970 vivos
1226 1929 1310 1970 sint
1327 1935 1590 1975 executores,
1606 1928 1796 1970 habeant

333 2004 406 2059 jus
442 2002 649 2043 visitandi
682 2001 928 2057 hospitalia,
967 2002 1357 2049 confraternitates,
1400 2000 1578 2049 scholas,
1622 2001 1797 2042 Montes

340 2075 522 2117 Pietatis
558 2075 647 2116 sive
683 2074 937 2122 Charitatis,
974 2081 1017 2115 et
1048 2075 1124 2130 pia
1147 2074 1239 2115 loca
1259 2074 1417 2122 omnia,
1441 2088 1701 2129 quocunque
1722 2089 1795 2114 no-

340 2149 452 2190 mine
486 2154 753 2197 censeantur,
792 2154 922 2202 atque
958 2148 1170 2188 rationem
1198 2146 1622 2188 administrationum
1656 2147 1712 2187 ab
1744 2147 1796 2187 iis

342 2237 450 2277 quos
485 2221 732 2277 oportuerit
767 2219 983 2276 exigendi.
1049 2219 1220 2260 Caetera
1258 2219 1391 2276 hujus
1426 2219 1599 2274 generis
1639 2220 1794 2267 omnia,

343 2310 441 2350 quae
466 2294 520 2335 ad
541 2294 628 2334 Dei
655 2293 823 2334 cultum
857 2299 933 2332 aut
966 2292 1209 2333 animarum
1241 2292 1442 2340 salutem,
1474 2297 1550 2332 aut
1580 2306 1797 2347 pauperes

342 2367 646 2409 sustentandos
675 2367 874 2407 instituta
901 2372 1014 2413 sunt,
1048 2366 1145 2421 ipsi,
1166 2381 1219 2406 ex
1240 2365 1377 2406 officio
1399 2380 1476 2406 suo
1494 2369 1627 2421 juxta
1649 2366 1796 2406 Sacro-

342 2457 439 2483 rum
473 2441 701 2481 Canonum
734 2446 903 2479 statuta
934 2445 1191 2494 cognoscant
1223 2445 1268 2478 et
1299 2444 1589 2492 exequantur,
1618 2451 1703 2478 non
1723 2437 1796 2477 ob-

343 2521 483 2556 stante
516 2527 782 2569 quacunque
819 2511 1148 2558 consuetudine,
1186 2511 1318 2551 etiam
1357 2510 1691 2551 immemorabili
1726 2524 1796 2550 ex-

345 2587 578 2643 emptione,
600 2585 850 2641 privilegio,
874 2592 949 2626 aut
972 2592 1136 2625 statuto
1157 2585 1201 2624 in
1223 2584 1494 2625 contrarium.

407 2661 509 2716 [12]
546 2660 946 2705 Administratores,
981 2664 1068 2698 tam
1111 2658 1224 2698 Eccci
1270 2672 1400 2712 quam
1443 2657 1580 2705 Laici,
1622 2656 1795 2697 fabricae

346 2734 537 2789 cujusvis
568 2732 695 2778 Ecc³¹',
730 2730 989 2787 Hospitalis,
1020 2731 1183 2772 Montis
1205 2731 1403 2779 Pietatis,
1431 2745 1483 2772 ex
1506 2743 1794 2786 quorumcun-

915 2819 922 2837 ¹
950 2820 1014 2850 The
1032 2821 1100 2850 MS.
1118 2822 1142 2850 is
1156 2828 1223 2860 ptae.
