1905 3254
690 310 801 340 sess.
829 310 922 340 vm.
1449 295 1533 335 609

77 410 451 468 Chrysostomum,
494 416 657 469 quibus
694 424 788 457 erat
824 417 1047 472 negotium
1083 432 1178 458 cum
1216 417 1458 458 Donatistis
1489 424 1531 457 et

76 485 333 535 Haereticis3
372 485 504 542 hique
528 488 810 536 orationibus,
839 489 1034 544 jejuniis,
1070 496 1114 530 et
1142 504 1254 544 pura
1290 489 1420 529 verbi>
1445 488 1532 529 Dei

74 558 395 613 praedicatione,
409 559 596 600 haereses
611 561 943 609 restrinxerunt,
961 577 1007 601 a(-
1026 569 1166 602 totum
1189 563 1338 602 orbem
1361 576 1531 618 compo-

77 643 270 676 suerunt.

133 709 259 750 Tunc
285 709 441 750 Cardia
475 710 1014 765 Moronus—putabamus
1046 726 1099 751 ex
1129 726 1246 751 more
1274 710 1531 765 respondere

75 782 250 829 oratori,
285 782 360 837 qui
395 782 592 838 proxime
620 782 794 823 locutus
827 790 905 829 est,
936 783 1142 823 consultis
1165 782 1258 823 Rmis
1281 782 1381 822 DD.
1404 782 1532 824 Vris:

75 861 309 909 postquam
346 869 447 895 vero
478 855 543 894 illi
580 855 751 895 nullum
790 854 911 895 aliud
954 869 1209 910 responsum
1251 855 1295 894 in
1331 855 1534 909 praesenti

74 926 313 980 petierunt¹
347 926 444 966 ideo
472 942 545 966 vos
567 927 880 975 deliberabitis,
914 927 947 967 si
981 927 1086 982 quid
1116 943 1140 967 a
1174 927 1233 966 Sta
1269 926 1445 981 Synodo
1477 926 1532 966 ad

73 997 163 1038 haee
195 1006 347 1053 postea
379 999 728 1055 respondendum
765 1000 846 1040 sit:
895 1007 937 1039 et
971 1000 1158 1054 quisque
1196 1014 1273 1039 suo
1296 999 1387 1039 loco
1417 998 1531 1039 dicat

76 1085 176 1126 quae
199 1071 282 1111 sibi
303 1087 355 1112 ex
377 1087 422 1112 re
444 1087 536 1112 esse
558 1072 839 1113 videbuntur.

135 1144 390 1198 Sequuntur
412 1144 527 1185 Vota
548 1160 681 1199 super
703 1146 751 1185 21
780 1145 969 1185 articulis
990 1144 1319 1184 reformationis.

468 1249 557 1296 Die
583 1252 644 1295 23
674 1250 969 1313 Septembris
1006 1251 1139 1293 1563.

137 1354 252 1395 Cum
293 1355 433 1400 multi,
476 1362 520 1394 et
560 1368 708 1394 omncs
749 1353 838 1393 fere
881 1353 1058 1393 Praelati
1101 1353 1296 1407 proxima
1339 1352 1534 1391 Oratoris

80 1426 237 1466 Gallici
254 1426 448 1466 oratione
473 1425 600 1466 valde
629 1425 829 1465 commoti
862 1425 1057 1471 fuissent,
1082 1422 1200 1478 quod
1226 1423 1354 1462 nimis
1384 1429 1534 1476 aperte

77 1500 266 1540 alienum
290 1500 482 1539 animum
507 1514 633 1538 suum
658 1514 682 1538 a
698 1496 956 1552 recipiendis
970 1495 1342 1549 observandisque
1355 1495 1538 1536 decretis

77 1572 211 1629 hujus
246 1572 423 1628 Symodi
455 1572 727 1618 ostendisset,
765 1585 848 1610 non
882 1569 1132 1615 defuerunt,
1168 1569 1243 1624 qui
1278 1576 1369 1608 tum
1407 1568 1535 1609 tacite

78 1652 174 1685 tum
196 1645 340 1699 palam
365 1644 488 1684 illum
514 1644 656 1684 verbis
676 1643 1044 1699 perstringerent:
1078 1649 1121 1681 et
1145 1641 1400 1695 praesertim,
1417 1639 1535 1695 quod

79 1718 270 1759 nondum
296 1724 391 1758 erat
413 1717 529 1757 locus
559 1716 651 1756 hacc
674 1715 920 1770 objiciendi,
946 1730 1042 1755 cum
1078 1713 1222 1754 adhuc
1256 1719 1390 1768 caput
1425 1711 1536 1752 illud

79 1792 135 1832 35
172 1791 215 1830 in
248 1790 436 1845 Congrne
469 1804 551 1829 non
580 1789 732 1828 fuisset
762 1788 1050 1843 propositum,
1080 1801 1155 1826 nec
1187 1785 1239 1825 de
1273 1800 1322 1825 eo
1343 1791 1536 1838 coeptum

81 1863 328 1919 disceptari.
363 1863 482 1903 Inter
499 1868 677 1902 eaeteros
700 1867 849 1901 autem
872 1861 999 1915 Epus
1022 1858 1188 1899 Montis
1205 1857 1416 1904 Flasconi,
1440 1872 1536 1896 cum

80 1939 124 1978 in
148 1936 350 1992 Congrne,
385 1950 485 1990 quae
507 1935 702 1990 proxime
725 1939 873 1973 secuta
896 1933 991 1979 fuit,
1014 1939 1112 1986 post
1128 1945 1368 1971 sermonem
1384 1929 1538 1969 Orato-

82 2010 140 2050 ris
161 2009 420 2050 sententiam
442 2022 565 2047 suam
588 2006 786 2046 dicturus
807 2012 917 2045 esset
939 2004 991 2044 de
1022 2005 1071 2043 21
1109 2003 1304 2043 articulis
1334 2002 1537 2042 reforma-

83 2081 223 2128 tionis,
246 2081 353 2135 ipsc,
378 2079 649 2134 praefationis
672 2076 901 2132 quusdam
925 2076 1032 2123 loco,
1056 2074 1281 2129 respondit
1295 2073 1349 2113 ad
1365 2074 1540 2128 singula

84 2170 185 2210 quae
208 2154 264 2194 ab
285 2154 356 2193 οἷς
381 2152 555 2192 Gallico
577 2151 717 2191 relata
739 2150 933 2197 suerunt,
956 2149 1152 2203 rejiciens
1167 2148 1208 2187 in
1225 2147 1375 2187 Gallos
1391 2161 1538 2186 eorum

83 2230 172 2270 fere
194 2227 386 2267 omnium
408 2225 597 2280 culpam,
613 2238 700 2278 qua
722 2223 804 2277 ipsi
826 2223 932 2262 alios
947 2221 1219 2262 accusabant.
1259 2221 1365 2259 llaec
1383 2219 1539 2266 onmia,

84 2302 211 2343 valde
226 2306 383 2356 argute
398 2306 442 2340 et
455 2304 621 2345 ornate,
640 2296 956 2336 admonitiones
970 2309 1076 2341 esse,
1093 2294 1295 2334 Sanctam
1315 2291 1538 2347 Synodum

85 2375 246 2416 debere
278 2373 340 2413 id²
373 2372 428 2413 ab
461 2370 709 2412 oratoribus
741 2369 932 2423 exigere,
969 2373 1018 2406 ut
1042 2364 1270 2406 ostendant
1295 2364 1373 2404 hac
1409 2363 1462 2403 de
1495 2378 1541 2403 rc

86 2446 338 2488 mandatum
359 2459 500 2492 suum,
523 2442 736 2498 siquidem
760 2455 910 2481 eorum
933 2439 1069 2479 verba
1093 2436 1217 2477 valde
1240 2436 1295 2476 ab
1317 2435 1384 2475 his
1404 2435 1543 2475 literis

86 2517 413 2562 dissentiebant,
451 2528 562 2570 quas
603 2513 781 2568 publice
824 2512 986 2551 Sanctae
1028 2506 1200 2564 Synodo
1236 2505 1540 2546 exhibuerant.

89 2591 336 2644 Adhucquc
372 2588 460 2629 alia
487 2586 699 2643 adjunxit,
733 2585 890 2639 magna
927 2581 1121 2623 omnium
1159 2577 1540 2619 commendatione.

89 2663 199 2705 Inde
234 2677 368 2718 super
401 2660 597 2701 articulis
630 2656 985 2698 reformationum
1027 2651 1261 2708 propositis
1299 2657 1364 2691 est
1398 2665 1543 2706 prosc-

89 2742 268 2790 quutuS,
292 2741 335 2774 et
356 2739 456 2787 post
478 2746 579 2772 eum
599 2730 673 2771 alii
691 2729 910 2783 deinceps.

353 2833 356 2838 ·
390 2822 495 2858 Periit,
511 2821 579 2851 MS.
1068 2815 1080 2832 2
1103 2815 1194 2849 Eam,
1214 2813 1285 2844 MS.

1240 2873 1265 2911 2
1288 2886 1313 2911 R
