1905 3254
341 280 423 320 254
973 293 1082 323 sess.
1110 292 1168 320 vi.

341 399 816 456 Quinqueecclesiensis
847 397 1079 453 diligenter
1115 403 1381 452 strenueque
1417 411 1462 436 se
1495 396 1709 451 gessisset,
1745 402 1800 442 et,

340 480 558 529 quantum
580 474 624 513 in
642 488 691 513 eo
710 472 808 519 fuit,
826 471 932 511 nihil
950 470 1076 511 officii
1099 470 1418 525 indust1·iaeque
1433 469 1799 525 praetermisisset,

337 561 423 601 quo
444 546 668 601 petitionis
685 545 817 602 hujus
833 560 1006 600 compos
1021 545 1157 591 fieret,
1178 544 1265 584 duo
1285 551 1431 585 tamen
1448 545 1642 585 omnium
1656 544 1802 599 Judico

338 620 395 660 ab
428 623 525 675 ejus
557 619 795 675 prudentia
825 619 959 659 fuisse
990 618 1251 666 desiderata,
1285 624 1335 658 ut
1370 633 1461 659 rem
1494 618 1605 658 hanc
1632 618 1803 673 plenius

336 692 595 749 faciliusque
637 698 999 747 consequeretur:
1046 691 1232 732 alterum
1275 691 1376 739 fuit,
1420 691 1539 747 quod
1593 691 1802 746 temporis

338 766 718 822 opportunitatem
759 779 844 805 non
879 763 1080 804 idoneam
1122 771 1291 812 nactus,
1333 779 1495 820 urgere
1541 778 1657 804 nune
1698 762 1804 804 adeo

338 839 567 895 negotium
591 853 677 878 non
698 837 867 884 debuit,
903 835 979 877 sed
1013 835 1245 876 Gallorum
1281 836 1520 877 adventum
1555 843 1804 892 expectare,

338 925 447 966 quos
489 925 630 950 causae
670 924 762 950 suae
804 908 1122 949 consentientes
1159 907 1472 963 adjutoresque
1506 908 1678 948 futuros
1714 923 1805 949 esse

338 983 503 1024 sciebat
522 998 529 1020 :
563 982 753 1023 alterum
777 981 875 1029 fuit,
901 980 1021 1036 quod
1041 981 1299 1037 petitionem
1324 996 1445 1022 suam
1468 981 1596 1021 nimis
1616 981 1703 1021 late
1726 995 1806 1036 pro

339 1056 681 1112 quampluribus
715 1054 969 1095 nationibus
992 1069 1040 1094 ac
1061 1054 1238 1109 populis
1269 1046 1523 1109 complexus
1556 1060 1631 1094 est.
1696 1053 1807 1094 Con-

339 1130 484 1170 silium
519 1129 633 1170 enim
659 1132 753 1184 eJus
776 1127 822 1168 id
843 1134 938 1168 erat
958 1127 1135 1168 tandem
1160 1127 1215 1168 ad
1236 1127 1453 1168 Bohemos
1477 1126 1808 1183 Hungarosque

339 1202 628 1252 descendere,
662 1201 1031 1257 existimavitque,
1064 1201 1303 1242 faciliorem
1327 1201 1410 1241 sibi
1433 1216 1514 1256 pro
1536 1200 1604 1241 his
1625 1201 1807 1242 nationi-

278 1303 283 1305 >
339 1277 424 1316 bus
448 1275 679 1317 obtinendi
700 1276 915 1316 rationem
933 1275 1092 1330 parari,
1118 1275 1153 1315 si
1176 1274 1293 1330 quod
1315 1290 1394 1330 pro
1416 1275 1571 1316 multis
1587 1276 1809 1331 petiturus

341 1356 450 1398 erat,
489 1349 544 1390 ad
566 1349 643 1389 hos
664 1354 817 1404 postea
847 1347 1138 1404 redigeretur,
1179 1349 1306 1403 quasi
1339 1347 1391 1388 de
1421 1350 1520 1404 jure
1543 1363 1621 1389 suo
1644 1348 1811 1405 aliquid

340 1422 564 1463 remittere
602 1421 850 1462 videretur:
884 1419 1005 1476 quod
1026 1420 1270 1468 consilium,
1304 1435 1400 1460 cum
1423 1420 1466 1460 in
1494 1421 1679 1475 privatis
1713 1437 1809 1461 con-

342 1495 569 1542 tractibus,
594 1493 907 1549 emptionibus,
934 1493 1121 1548 aliisque
1143 1493 1346 1547 negotiis,
1381 1507 1480 1548 quae
1503 1508 1600 1533 eum
1625 1494 1810 1549 singulis

343 1573 572 1622 geruntur,
615 1566 853 1621 aliquando
886 1564 1115 1606 succedere
1151 1565 1302 1611 soleat,
1346 1565 1424 1604 ubi
1457 1571 1604 1605 tamen
1641 1581 1710 1606 res
1743 1573 1810 1607 est

343 1654 440 1680 cum
464 1639 648 1695 collegio
671 1646 749 1679 aut
770 1638 948 1694 publico
982 1637 1208 1678 hominum
1244 1645 1475 1687 conventu,
1513 1639 1644 1695 longe
1677 1640 1808 1681 aliter

342 1713 452 1754 solet
473 1713 660 1753 evenire.
725 1712 801 1752 Ab
841 1711 895 1751 iis
935 1711 1050 1751 enim
1094 1710 1337 1766 petendum
1375 1718 1440 1752 est
1476 1718 1648 1753 tantum
1691 1714 1810 1769 quod

343 1785 529 1841 quisque
562 1785 699 1840 cupit,
723 1800 837 1828 eum,
870 1783 1005 1824 semel
1037 1784 1262 1838 proposita
1295 1788 1548 1840 rejectaque
1580 1786 1808 1841 petitione,

342 1874 426 1899 non
459 1858 649 1914 amplius
680 1858 744 1898 rei
774 1857 1076 1898 instaurandae
1111 1864 1189 1898 aut
1221 1858 1502 1899 emendandae
1532 1859 1653 1900 locus
1681 1860 1810 1901 relin-

343 1937 521 1986 quatur.
574 1931 693 1971 Nam
714 1931 750 1971 si
773 1929 1254 1986 Quinqueeeclesiensis
1276 1930 1503 1986 postulata
1523 1931 1579 1972 ad
1595 1932 1810 1974 Bohemos

343 2009 518 2043 tantum
547 2009 590 2044 et
621 2002 887 2058 Hungaros¹
923 2001 1255 2057 pertinuissent,
1285 2002 1466 2043 forsitan
1493 2004 1539 2044 id
1565 2019 1590 2044 a
1621 2005 1809 2061 Synodo,

343 2089 422 2115 nec
453 2089 616 2132 magna
651 2075 784 2116 etiam
817 2075 1106 2122 contentione,
1141 2074 1430 2130 impetrasset.
1489 2075 1603 2117 Haec
1634 2076 1688 2117 de
1723 2093 1805 2118 usu

343 2147 516 2189 Calicis.

405 2224 629 2279 Sequitur,
673 2229 724 2264 ut
765 2222 818 2264 de
859 2237 1029 2263 morum
1074 2222 1378 2263 reformatione
1420 2222 1630 2272 dicamus,
1678 2239 1808 2280 quam

345 2295 541 2351 quotidie
564 2302 608 2337 et
630 2295 880 2337 vehementi
913 2293 1069 2341 studio,
1104 2309 1189 2335 non
1221 2295 1362 2335 solum
1397 2294 1618 2343 Oratores,
1653 2296 1729 2337 sed
1765 2303 1810 2338 et

345 2368 527 2410 Praelati
547 2369 634 2424 ipsi
655 2368 894 2424 cujuslibet
915 2367 1104 2408 nationis
1126 2367 1356 2423 urgebant.

403 2443 526 2484 Inter
542 2448 718 2484 caeteros
735 2448 896 2489 autem,
912 2456 1008 2482 cum
1025 2441 1272 2482 Consiliarii
1285 2440 1464 2497 quidam
1479 2442 1566 2483 Mtis
1594 2442 1809 2485 Caesareae

344 2517 570 2572 complura
591 2515 647 2558 ad
667 2515 1016 2557 reformationem
1039 2515 1304 2571 pertinentia
1317 2516 1469 2557 multis
1486 2517 1728 2558 rationibus
1745 2532 1810 2558 ro-

345 2591 512 2639 borata,
535 2604 784 2645 magnoque
817 2588 996 2629 artificio
1028 2588 1278 2643 composita,
1303 2603 1351 2629 ac
1382 2590 1426 2629 in
1450 2589 1590 2631 libelli
1621 2592 1806 2647 speciem

346 2663 524 2706 redacta
544 2663 837 2719 collegissent,
862 2676 962 2718 quae
983 2675 1177 2702 seorsum
1201 2665 1383 2703 extant.²

390 2778 399 2795 ¹
426 2780 455 2807 A
471 2777 561 2808 mark
576 2777 646 2807 here
662 2787 771 2808 occurs
786 2776 891 2807 which
907 2787 965 2806 can
981 2775 1072 2806 stand
1089 2774 1163 2814 only
1180 2775 1226 2805 for
1242 2785 1327 2805 some
1343 2772 1510 2816 expletive.

389 2826 402 2844 ²
425 2828 492 2858 The
509 2832 652 2858 sentence
665 2826 773 2858 would
787 2826 827 2856 bc
843 2825 1033 2866 incomplete
1049 2825 1092 2864 by
1111 2824 1258 2864 omitting
1273 2835 1339 2855 eum
1355 2831 1387 2856 at
1404 2825 1454 2855 the
1469 2826 1650 2865 beginning.

1885 98 1890 179 ἒ
