1905 3254
319 281 402 321 404
943 295 1053 325 51155.
1080 295 1157 325 vii.

323 403 481 443 nacula
502 402 647 443 brevis
677 408 721 442 et
757 400 946 442 dilucida
968 400 1195 456 expositio,
1221 414 1322 456 quae
1350 400 1623 446 sacramenti,
1658 397 1776 454 quod

322 473 665 521 administratur,
688 473 899 513 rationem
921 472 1151 513 contineat.

379 547 446 587 20.
482 547 701 587 Beneficia
723 545 959 587 secundum
984 552 1150 586 veteres
1174 545 1372 585 Canones
1394 559 1477 584 11011
1500 543 1777 584 conferantur

322 619 513 674 amplius
545 619 730 668 exteris3
763 634 910 674 neque
932 633 1012 674 per
1034 618 1241 665 Vicarios,
1274 617 1349 658 sed
1371 631 1449 672 per
1471 617 1586 672 ipsos
1607 614 1775 655 ordina-

320 693 420 741 rios,
453 708 638 748 quorum
662 700 725 733 est
746 693 789 732 in
813 691 892 732 hoc
922 691 1111 732 maxime
1143 690 1313 731 delectu
1334 689 1573 737 industria3
1607 694 1661 736 et,
1690 688 1777 728 illis

319 765 435 805 intra
455 780 530 805 sex
551 780 719 805 menses
736 780 819 805 non
845 764 1176 811 conferentibus,
1206 769 1399 818 potestas
1426 760 1673 802 conferendi
1703 760 1775 800 de-

321 838 522 878 volvatur
545 837 600 878 ad
623 837 870 892 proximum
899 836 1181 892 superiorem,
1204 842 1249 876 et
1276 835 1496 891 gradatim
1520 833 1574 874 ad
1595 834 1775 888 Papam,

321 910 559 951 secundum
585 909 832 950 Concilium
868 909 1178 956 Lateranense,
1217 915 1260 949 et
1283 908 1411 948 aliter
1432 907 1602 948 collatio
1625 922 1649 947 a
1671 922 1776 962 quo-

322 998 508 1038 cumque
531 983 646 1023 facta
666 982 789 1023 nulla
809 983 876 1023 sit.

379 1057 445 1097 21.
481 1055 696 1097 Mandata
749 1055 802 1096 de
855 1054 1136 1110 providendo,
1180 1056 1487 1110 expectativae,
1539 1070 1775 1110 regreSSUS,

320 1129 558 1170 fiduciariae
591 1129 921 1184 resignationes,
946 1127 1226 1175 commendae,
1253 1135 1523 1175 revocentur,
1542 1135 1586 1169 et
1607 1129 1778 1169 omnino

320 1209 549 1243 arceantur
572 1202 627 1242 ab
644 1202 856 1249 Ecclesia,
882 1201 1022 1242 veluti
1043 1201 1246 1242 Decretis
1268 1202 1495 1242 contraria.

373 1276 441 1316 22.
475 1276 809 1331 Resignationes
842 1275 887 1315 in
935 1275 1125 1315 favorem
1177 1276 1495 1331 extinguantur
1539 1276 1712 1316 omnino
1754 1291 1779 1316 a

322 1348 459 1389 Curia
480 1348 702 1398 Romana,
737 1355 802 1389 est
823 1348 937 1389 enim
962 1363 985 1388 a
1009 1348 1140 1388 sacris
1164 1347 1418 1388 Canonibus
1439 1349 1700 1397 institutum,
1725 1364 1777 1390 ne

321 1421 554 1477 quisquam
577 1421 659 1461 sibi
681 1422 747 1461 sui
769 1420 896 1461 officii
917 1427 1087 1475 quaerat
1109 1427 1185 1461 aut
1207 1421 1342 1475 eligat
1363 1436 1659 1462 successorem.

379 1492 444 1532 223.
478 1492 703 1533 Prioratus
725 1492 964 1538 saeculares,
985 1499 1074 1541 aut,
1099 1499 1149 1533 ut
1172 1492 1340 1541 dicitur,
1364 1493 1596 1549 simplices,
1615 1495 1777 1550 quibus

320 1571 466 1605 contra
489 1566 818 1606 Institutionem
843 1581 945 1606 cura
967 1566 1208 1606 animarum
1238 1566 1443 1621 adempta
1463 1574 1542 1615 est,
1565 1574 1608 1609 et
1642 1574 1777 1609 trans-

318 1638 410 1678 lata
430 1638 473 1678 in
496 1638 721 1678 Vicarium
744 1644 1020 1693 perpetuum.
1047 1638 1197 1693 eisque
1220 1645 1389 1679 tantum
1412 1654 1551 1694 parva
1573 1639 1776 1694 quaedam

318 1711 583 1752 decimarum
605 1718 683 1752 aut
705 1711 885 1752 aliorum
909 1719 1206 1766 proventuum
1229 1712 1372 1767 portio
1395 1713 1655 1768 assignatur,
1678 1729 1775 1754 cum

319 1784 509 1839 primum
534 1784 798 1831 vacaverint,
823 1798 969 1824 curam
994 1784 1232 1825 animarum
1254 1785 1480 1840 recipiant,
1514 1793 1556 1827 et
1592 1787 1636 1827 in
1669 1787 1776 1828 anti-

320 1870 454 1911 quum
477 1862 641 1896 statum
663 1856 966 1897 restituantur.

377 1928 443 1967 24.
480 1927 683 1983 Cumque
705 1928 835 1983 plura
856 1928 940 1969 sint
958 1929 1187 1977 Beneficia,
1219 1929 1263 1969 in
1285 1929 1446 1984 quibus
1467 1936 1615 1970 contra
1636 1931 1775 1971 Bene-

319 2001 512 2041 ficiorum
556 2002 750 2042 omnium
789 2001 1117 2043 Institutionem
1158 2003 1346 2043 invaluit
1392 2003 1635 2058 depravata
1681 2019 1773 2045 conv

320 2074 521 2123 suetudo,
558 2081 608 2115 ut
630 2077 706 2130 qui
729 2090 780 2115 ea
801 2075 1039 2130 possident,
1075 2076 1197 2116 nullo
1229 2082 1460 2116 teneantur
1487 2076 1776 2126 concionandi,

320 2154 590 2188 sacramenta
631 2147 976 2197 administrandi,
1031 2157 1109 2190 aut
1148 2149 1232 2189 alio
1283 2164 1411 2190 onere
1459 2149 1777 2198 Ecclesiastico,

320 2220 573 2276 Episcopus
606 2220 781 2261 consilio
818 2221 1013 2275 Capituli
1049 2221 1116 2261 his
1150 2222 1378 2262 Beneficiis
1410 2237 1556 2263 curam
1585 2223 1776 2278 aliquam

320 2294 592 2348 spiritualem
619 2294 830 2349 imponat,
869 2301 944 2335 aut
980 2295 1014 2334 si
1046 2295 1201 2335 utilius
1224 2295 1440 2342 videatur,
1477 2310 1527 2336 ea
1559 2295 1778 2337 Beneficia

321 2367 601 2408 vicinioribus
655 2367 986 2409 Parochialibus
1040 2368 1247 2409 Ecclesiis
1300 2369 1424 2410 uniat
1444 2385 1455 2417 3
1507 2369 1776 2410 Beneficium

321 2441 435 2481 enim
459 2441 548 2481 sine
570 2440 706 2481 officio
727 2455 871 2496 neque
895 2455 986 2482 esse
1009 2440 1152 2488 debet,
1175 2455 1317 2495 neque
1340 2447 1494 2496 potest.

379 2514 447 2554 ⁴25.
477 2514 710 2555 Pensiones
731 2530 862 2570 super
884 2514 1108 2555 Beneficiis
1128 2528 1211 2553 non
1234 2515 1579 2565 constituantur3
1613 2522 1656 2556 et
1677 2530 1777 2571 quae

322 2593 423 2626 sunt
447 2587 695 2626 constitutae
719 2587 942 2632 tollantur,
979 2601 1065 2642 quo
1096 2585 1294 2626 redditus
1328 2586 1612 2627 Ecclesiastici
1633 2587 1677 2627 in
1700 2587 1776 2627 ali-

322 2666 469 2698 menta
493 2658 742 2706 Pastorum,
768 2659 966 2714 aliosque
988 2673 1093 2699 usus
1114 2658 1209 2714 pios
1231 2658 1556 2699 transferantur.

383 2731 449 2771 26.
484 2731 795 2771 Restituantur
824 2731 1050 2787 Episcopis
1081 2732 1195 2772 intra
1227 2746 1394 2772 omnem
1427 2731 1660 2773 Dioccesim
1697 2732 1779 2772 Ec-

323 2803 461 2843 clesiae
481 2804 813 2859 jurisdictiones,
837 2812 880 2846 et
904 2805 1112 2846 tollantur
1129 2819 1274 2845 omncs
1296 2805 1605 2860 exemptiones,
1624 2820 1776 2860 excep-
