1905 3254
678 294 789 324 sass.
816 295 911 324 vm.
1439 282 1515 322 621

68 395 212 439 beant.
274 397 561 440 Existimavit
582 400 694 439 enim
720 400 832 447 Sm¹¹³,
851 415 945 441 cum
970 401 1105 441 verba
1125 400 1215 449 illa,
1234 401 1520 456 Proponenti-

67 470 150 510 bus
171 469 367 526 Legatis,
394 470 710 525 quodammodo
744 472 798 511 ad
823 473 968 527 ipsum
1003 472 1263 527 pertineant,
1294 473 1391 513 ideo
1428 473 1521 528 ejus

67 558 242 598 quoque
265 557 370 590 esse,
404 543 493 591 illa,
530 550 739 599 tanquam
775 544 935 584 factum
970 559 1099 585 suum
1122 545 1431 589 concernentia,
1456 545 1518 584 in-

64 615 310 670 terpretari,
328 630 382 656 ne
405 630 458 656 ex
480 615 532 656 iis
554 615 770 656 diminuta
790 617 880 656 ullo
903 631 1099 671 unquam
1122 623 1315 672 tempore
1339 616 1521 657 Concilii

65 687 258 735 libertas,
280 704 356 729 nec
385 689 616 744 quicquam
640 688 692 729 de
713 693 813 743 jure
838 689 1019 729 alterius
1050 703 1242 744 unquam
1274 688 1518 729 detractum

65 761 197 802 Fuisse
238 761 524 817 intelligatur.
592 761 748 802 Comes
790 761 1005 801 Lunensis
1040 760 1148 801 hanc
1188 760 1519 801 declarationem

63 847 147 872 non
170 833 343 888 probat,
368 833 598 888 adhucque
620 833 830 888 persistit,
853 833 935 872 nisi
958 833 1105 887 aptius
1137 832 1201 872 rei
1231 831 1330 872 huic
1353 832 1519 872 satisfa-

66 905 162 951 ciat,
201 921 245 946 se
282 906 641 962 protestationem
684 910 773 961 jam
808 905 1014 946 mandato
1048 904 1185 961 Regis
1216 904 1376 945 habere
1409 919 1519 959 prae—

66 984 280 1032 paratam,
303 993 435 1033 quam
459 978 629 1034 Synodo
651 979 875 1034 significet.
939 977 1037 1018 Hoc
1059 984 1107 1018 ut
1126 977 1285 1032 Legati
1307 977 1521 1032 effugiant

65 1052 275 1092 rationem
297 1067 448 1092 rursus
467 1052 621 1091 ineunt
642 1067 738 1091 cum
763 1066 813 1092 eo
834 1050 1012 1106 negotia
1033 1050 1124 1090 haec
1147 1049 1374 1094 tractandi,
1399 1057 1460 1095 ut,
1485 1051 1520 1090 si

64 1124 158 1164 fieri
181 1130 337 1179 potest,
360 1123 541 1165 honesta
564 1124 709 1179 aliqua
732 1125 912 1169 ratione,
935 1116 1221 1178 eoncordiq'ue
1249 1122 1422 1162 consilio
1453 1138 1521 1163 res
1573 1128 1575 1130 ’

65 1197 347 1254 transigatur.

126 1270 369 1325 Conquesti
390 1276 491 1310 sunt
513 1269 640 1310 valde
664 1269 855 1324 Hispani
876 1277 919 1310 et
940 1270 1015 1309 alii
1038 1269 1166 1309 multi
1190 1269 1380 1315 Praelati,
1404 1268 1521 1324 quod

66 1343 110 1383 in
140 1342 419 1384 emendandis
441 1342 625 1383 decretis
648 1357 673 1382 a
705 1342 927 1397 deputatis
958 1357 1042 1382 non
1064 1341 1215 1381 habita
1250 1341 1382 1380 fuerit
1413 1340 1522 1380 ratio

65 1414 386 1470 suffragiorum,
412 1421 546 1470 prout
566 1414 785 1469 descripta
807 1415 951 1455 fuerat
980 1429 1005 1454 a
1038 1412 1319 1461 Secretariis;
1354 1426 1520 1457 verum,

66 1487 183 1543 quod
205 1494 303 1542 post
324 1486 485 1527 dictam
508 1487 550 1526 in
575 1486 928 1541 Congregationc
951 1486 1211 1526 sententiam
1234 1484 1361 1524 multi
1377 1484 1521 1538 priva-

66 1561 144 1601 tim
161 1567 205 1600 et
226 1560 468 1600 clanculum
483 1574 562 1614 per
584 1558 813 1609 schedulas
833 1559 1166 1599 transmiserunt
1188 1564 1291 1597 vota
1304 1571 1382 1596 sua
1396 1556 1520 1596 valde

67 1633 240 1674 diversa
263 1633 317 1672 ab
351 1648 400 1672 00
423 1631 540 1686 quod
563 1646 665 1671 voce
697 1631 998 1686 protulerant;
1033 1629 1238 1684 quodque
1269 1628 1329 1668 eis
1362 1627 1405 1667 id
1436 1642 1520 1667 non

65 1705 201 1751 licuit,
224 1720 301 1745 nec
324 1711 496 1744 mutare
523 1704 796 1751 sententiam,
832 1703 913 1742 nisi
942 1703 985 1742 in
1018 1700 1167 1741 eodem
1203 1700 1306 1744 loco,
1344 1698 1444 1746 viz„
1475 1699 1521 1739 in

68 1778 439 1834 Congregatione,
464 1776 659 1831 alioquin
690 1790 780 1815 rem
807 1790 890 1814 non
913 1788 1057 1814 carcre
1080 1773 1321 1827 suspicione
1342 1771 1520 1818 fraudis,

66 1858 110 1893 ct
131 1851 460 1892 subornationis.
525 1849 665 1904 quue
695 1848 916 1903 praecipue
950 1846 1104 1887 accidit
1137 1847 1180 1886 in
1214 1846 1357 1900 capite
1390 1844 1429 1891 6,
1457 1845 1520 1891 19,

65 1931 108 1965 ct
131 1925 200 1972 21,
224 1923 267 1964 in
289 1923 452 1978 quibus
473 1921 783 1962 existimabant
816 1920 1009 1974 Hispani
1043 1919 1171 1974 plura
1206 1917 1399 1958 extitisse
1435 1916 1521 1956 suf-

66 1997 208 2053 fragia
228 1998 272 2037 in
293 2011 442 2037 corum
462 1996 733 2040 sententiam,
748 2000 960 2049 quantum
985 2008 1046 2038 ea,
1071 2007 1187 2039 voce,
1211 1990 1454 2035 audierant,
1478 1994 1522 2028 et

68 2070 225 2111 cursim
248 2070 601 2109 observaverant.
664 2067 931 2107 Verunrubi
953 2066 995 2105 in
1029 2063 1309 2105 emendandis
1336 2062 1521 2102 decretis

66 2158 156 2184 rem
175 2143 302 2183 aliter
321 2140 548 2182 succedere
564 2146 896 2195 perspexerunt,
912 2146 1004 2179 tum
1023 2137 1253 2192 indignati,
1266 2151 1347 2176 non
1365 2150 1455 2175 esse
1471 2135 1523 2174 iis

68 2214 290 2270 suffragiis
311 2213 439 2254 fidem
463 2212 753 2253 adhibendam
778 2211 1108 2256 contendebant,
1132 2224 1231 2264 quae
1256 2208 1402 2264 palam
1434 2207 1523 2246 lata

67 2303 151 2329 non
169 2289 350 2329 fuissent
366 2304 374 2327 z
398 2287 530 2341 idque
545 2292 883 2341 praetermorem
901 2283 1173 2337 Synodorum
1193 2296 1296 2321 esse.
1360 2280 1522 2320 Verum

70 2376 183 2401 vana
204 2360 290 2400 fuit
311 2374 460 2400 eorum
485 2357 771 2413 qucrimonia,
796 2371 872 2395 1100
896 2356 951 2395 ab
978 2355 1074 2394 aliis
1096 2353 1307 2408 probata3
1341 2366 1450 2397 nam,
1474 2357 1523 2391 ut

69 2434 230 2473 certius
252 2431 304 2472 de
326 2432 540 2486 cujusque
555 2429 767 2470 sententia
782 2434 1011 2473 constaret,
1027 2425 1340 2466 mandaverant
1356 2422 1522 2477 pridem

71 2504 246 2559 Legati,
259 2503 462 2544 omnibus
476 2502 604 2542 ctiam
620 2499 982 2556 approbantibus,
1000 2504 1050 2537 ut
1064 2497 1249 2551 quisque
1265 2494 1523 2549 suffragium

71 2572 199 2618 suum
220 2575 394 2631 scriptis
416 2573 748 2618 commendaret,
772 2587 819 2611 ac
843 2569 1094 2611 Secretariis
1116 2567 1321 2609 traderet,
1344 2566 1461 2621 quod
1483 2573 1526 2606 et

70 2651 174 2692 alias
195 2649 362 2706 pridem
384 2649 427 2689 in
451 2648 547 2689 aliis
568 2647 750 2688 decretis
771 2645 1051 2685 observatum
1071 2641 1168 2681 fuit.
1222 2640 1394 2694 Saepius
1411 2639 1525 2679 enirn

71 2724 243 2778 experti
276 2736 460 2769 eramus,
485 2719 746 2761 Seeretarios
774 2731 856 2757 non
884 2715 1028 2755 omnia
1051 2710 1277 2753 scribendo
1310 2717 1526 2751 assecutos

70 2796 204 2836 fuisse
238 2810 337 2849 quae
372 2790 490 2834 dicta
515 2799 650 2839 erant,
675 2790 815 2830 multa
847 2788 974 2828 aliter
1001 2786 1056 2825 ab
1093 2786 1141 2823 iis
1169 2788 1364 2837 excepta,
1388 2782 1525 2822 multa
