1905 3254
652 296 762 328 SESS.
786 297 863 326 vn.
1407 282 1491 321 363

35 402 145 443 Sess
167 400 206 441 6.
239 407 284 441 et
318 400 379 441 ita
411 400 640 441 Liberium
672 402 840 457 Papam
868 401 1127 443 scribentem
1160 402 1215 442 ad
1248 402 1493 457 Episcopos

33 474 169 529 loqui.
203 488 234 514 c.
267 479 529 529 suggestum
553 473 590 514 7.
621 481 666 529 qe
690 475 724 515 1.
789 474 872 515 Ille
904 474 1081 515 tandem
1119 475 1326 530 proponit
1357 474 1491 515 alium

41 546 276 592 Canonem,
300 545 398 590 viz„

97 618 145 659 Si
159 619 259 674 quis
279 617 450 666 dixerit,
472 617 733 674 EpiscOPOS,
755 619 835 674 qui
855 619 1182 660 constituuntur
1204 635 1229 661 a
1249 620 1385 676 Papa.
1408 635 1494 661 non

37 705 128 732 esse
150 691 375 731 institutos
395 705 420 731 a
443 689 632 738 Christo,
657 691 733 731 &c.

92 761 158 803 Hi
198 761 477 817 respondent,
522 762 687 817 Papam
729 761 866 803 videri
908 761 977 802 hic
1019 769 1071 803 ut
1110 761 1281 803 nudum
1329 763 1495 804 Instru-

36 840 257 884 mentum3
296 834 394 875 ideo
428 834 585 875 clarius
618 849 710 876 esse
744 834 1063 890 explicandum.
1125 834 1361 891 Replicata
1394 843 1497 877 sunt

36 907 196 948 multa:
229 907 404 948 tandem
419 908 679 955 conclusum,
695 914 746 948 ut
768 908 957 963 amplius
978 907 1260 957 deliberetur,
1283 916 1328 950 ct
1344 925 1496 951 rursus

39 979 388 1036 congrediantur.

93 1052 206 1093 Haec
247 1052 325 1093 ubi
369 1052 551 1107 Legatis
591 1052 856 1097 referuntur,
894 1067 977 1093 non
1013 1052 1217 1095 desinunt
1256 1056 1496 1097 maturiore

35 1123 178 1165 adhuc
199 1126 335 1166 Prum
359 1125 542 1165 aliorum
565 1124 739 1164 consilio
780 1138 870 1164 rem
893 1124 1120 1175 evolvere3
1150 1127 1227 1181 qui
1250 1127 1426 1168 tandem
1449 1129 1492 1168 in

36 1211 131 1237 eam
165 1198 423 1238 sententiam
458 1198 547 1238 fere
580 1212 724 1237 omnes
750 1196 1085 1247 descendebant,
1121 1206 1171 1240 ut
1202 1200 1356 1240 Canon
1387 1215 1496 1241 com-

35 1276 285 1324 poneretur,
307 1284 386 1310 ncc
407 1270 632 1310 materiam
655 1270 940 1325 propositam,
964 1285 1064 1325 quae
1081 1278 1253 1313 tantum
1277 1273 1330 1313 de
1352 1280 1496 1328 potcs-

39 1348 128 1383 tate
151 1341 311 1391 ordinis
333 1342 600 1397 loqueretur,
624 1356 702 1382 nee
723 1342 950 1382 materiam
973 1344 1241 1398 propositam
1265 1344 1318 1385 de
1343 1345 1494 1386 Sacra-

37 1420 182 1454 mento
220 1413 396 1454 Ordinis
429 1412 722 1469 egrederetur.
786 1412 981 1468 Ideoque
1010 1413 1120 1454 nihil
1153 1415 1408 1470 adjunctum
1444 1416 1498 1457 de

42 1486 327 1527 Institutione
359 1485 694 1541 Episcoporum,
738 1492 815 1526 aut
851 1500 1001 1526 eorum
1038 1486 1368 1536 Jurisdictione,
1406 1494 1497 1529 tan-

34 1572 167 1613 quam
191 1565 317 1599 extra
336 1573 441 1605 rem,
464 1558 729 1606 contineret3
763 1557 805 1597 in
829 1557 941 1598 hune
962 1559 1050 1599 fere
1072 1573 1246 1600 sensum
1265 1576 1272 1600 :

94 1632 140 1672 Si
163 1632 263 1686 quis
283 1631 457 1678 dixerit,
488 1637 751 1686 potestatem
773 1630 949 1679 ordinis,
983 1647 1115 1686 quam
1149 1639 1355 1673 exercent
1387 1633 1495 1688 Epi-

39 1705 171 1759 scopi,
202 1703 469 1745 authoritate
505 1704 691 1744 Romani
722 1703 942 1743 Pontificis
971 1705 1198 1758 assumpti,
1234 1719 1319 1744 non
1349 1719 1440 1746 esse
1474 1721 1499 1746 a

41 1776 216 1817 Christo
247 1776 511 1822 institutam,
546 1780 623 1815 aut
655 1772 770 1814 aliisl
804 1788 889 1814 non
921 1788 1012 1814 esse
1041 1774 1084 1815 in
1106 1788 1156 1814 co
1190 1774 1500 1816 Sacerdotibus

38 1854 224 1905 majores
242 1866 252 1899 3
291 1847 541 1890 Anathema
562 1847 630 1887 sit.
1484 1840 1489 1844 ’

96 1922 160 1962 Et
181 1921 263 1962 hoc
285 1920 394 1962 adeo
410 1922 594 1975 justum,
627 1935 674 1960 ac
696 1920 863 1960 ratione
889 1925 1221 1960 consentancum
1249 1920 1498 1969 censebant,

41 2001 90 2036 ut
110 1994 230 2034 nulla
262 1993 484 2049 probabili
517 1992 682 2032 ratione
705 1999 852 2047 posset
873 1993 1074 2039 recusari,
1108 2007 1207 2032 eum
1230 1993 1304 2040 ita,
1336 2000 1381 2034 et
1400 2009 1498 2049 per-

40 2068 261 2109 cutiantur
298 2065 506 2112 haeretici,
550 2073 593 2106 et
629 2080 682 2106 ea
716 2064 895 2105 Canone
936 2064 1359 2120 comprehendantur
1396 2082 1498 2122 quae

41 2148 145 2182 sunt
175 2141 355 2197 propria
387 2141 581 2181 materiae
614 2140 866 2195 propositae.
931 2139 1061 2189 Quod
1092 2140 1127 2179 si
1156 2141 1424 2195 objiceretur
1454 2144 1498 2184 in

40 2214 234 2255 doctrina
268 2214 529 2254 mentionem
566 2214 658 2254 fieri
695 2213 749 2254 de
790 2212 1104 2253 Jurisdictione
1141 2219 1184 2253 et
1220 2212 1498 2264 Hierarchia,

42 2285 378 2341 respondebant,
401 2286 445 2326 in
466 2285 663 2326 doctrina
689 2285 830 2326 multa
862 2285 995 2325 inseri
1027 2284 1081 2324 ad
1110 2288 1317 2339 majorem
1351 2286 1499 2341 expla-

43 2358 262 2398 nationem
298 2372 397 2413 quae
430 2358 473 2398 in
512 2357 765 2398 Canonibus
797 2372 882 2397 non
914 2363 1015 2397 sunt
1048 2356 1313 2406 neccssaria3
1346 2357 1422 2398 sed
1457 2365 1501 2399 et

44 2430 273 2477 addebant,
315 2430 655 2485 permittendum
697 2431 844 2486 potius
886 2444 991 2476 esse,
1033 2435 1083 2469 ut
1117 2429 1193 2469 illa
1231 2444 1416 2485 quaeque
1448 2446 1500 2472 cx

43 2501 238 2544 doctrina
268 2503 477 2544 tollenda.
540 2503 671 2553 Quod
693 2504 727 2543 si
750 2503 1038 2558 replicaretur
1058 2502 1103 2542 id
1124 2503 1324 2550 verbum,
1350 2503 1499 2544 Potes-

43 2580 176 2616 tatem
219 2574 394 2623 ordinis,
438 2576 532 2621 &c.,
574 2591 659 2615 non
702 2590 794 2616 esse
836 2574 1160 2630 apponendum,
1201 2589 1252 2615 ne
1295 2575 1501 2617 videatur

42 2649 215 2690 excludi
245 2657 438 2705 potestas
473 2650 813 2698 Jurisdictionis,
851 2664 982 2705 quam
1013 2648 1152 2703 aliqui
1186 2663 1211 2688 a
1245 2648 1342 2689 Deo
1383 2656 1501 2691 recta

44 2721 233 2765 derivari
268 2723 551 2772 contendunt,
597 2731 674 2765 aut
709 2724 839 2764 etiam
883 2722 1022 2778 aliqui
1058 2720 1382 2763 offenderentur
1416 2723 1501 2764 illis

663 2815 669 2832 ¹
695 2811 798 2847 Alios,
816 2811 886 2841 MS.
