1905 3254
391 302 473 344 338
1010 321 1120 351 snss.
1148 321 1224 351 vn.

393 432 565 479 partem
587 427 888 476 solicitudinis,
911 442 1007 468 cum
1037 426 1233 467 Canones
1262 427 1326 466 ita
1347 440 1458 481 pure
1480 425 1733 481 loquantur,
1765 440 1841 466 nee

393 497 536 539 dicant
552 513 576 539 a
593 514 690 554 quo,
716 507 792 541 aut
814 515 893 555 per
910 515 1040 555 quem
1062 506 1283 547 vocentur,
1306 499 1509 554 placeret,
1530 504 1580 538 ut
1597 498 1841 544 adderetur,

393 571 512 625 quod
534 580 744 614 vocantur
766 589 790 614 a
813 573 971 614 Sancta
991 572 1190 613 Romana
1220 571 1429 618 Ecclesia,
1464 571 1612 619 etiam,
1651 577 1700 611 ut
1730 571 1844 611 clare

392 643 630 686 adderetur
672 646 842 701 aliquid
872 646 925 687 de
959 646 1173 700 Supremo
1206 643 1495 693 Hierarchiae,
1531 643 1577 684 id
1608 649 1685 691 est,
1707 644 1842 698 Papa.

392 715 463 757 De
486 716 528 758 7ο
549 725 696 759 autem
727 718 905 759 Canone
937 717 1093 765 multa,
1116 717 1243 765 dixit,
1266 717 1402 757 otiose
1423 716 1468 756 in
1490 731 1552 764 eO,
1575 716 1661 757 alia
1682 715 1842 762 astute,

395 789 479 829 alia
499 790 749 846 imperfecte
773 791 940 846 posita3
974 796 1018 830 et
1039 790 1239 845 quamvis
1275 789 1369 830 fieri
1398 795 1543 844 posset
1575 788 1842 843 protestatio,

395 868 444 901 ut
471 861 562 902 haec
584 863 719 904 verba
752 878 900 904 eorum
937 863 1228 918 opinionibus,
1272 862 1348 917 qui
1368 862 1413 902 in
1448 862 1528 902 hoc
1567 861 1842 908 dissentiunt,

392 948 475 973 non
492 941 684 981 noceant,
706 935 835 975 sicuti
850 935 1135 976 obtinuerunt
1150 934 1282 981 Galli,
1297 940 1346 973 ut
1364 934 1681 988 Extravagans,
1699 933 1845 974 Unam

356 1010 361 1016 '
394 1006 607 1054 Sanctam,
646 1007 700 1048 ad
731 1022 803 1048 eos
836 1022 922 1048 non
955 1007 1207 1063 pertineret,
1239 1006 1285 1046 id
1320 1013 1467 1047 tamen
1493 1007 1577 1047 sibi
1611 1006 1845 1047 admodum

391 1092 476 1118 non
496 1079 697 1133 probari:
729 1080 817 1129 sed,
853 1079 971 1136 quod
1000 1079 1147 1134 potius
1178 1079 1271 1119 haec
1302 1078 1627 1120 Jurisdictionis
1659 1078 1846 1134 quaestio

391 1165 476 1190 non
497 1150 745 1200 definiatur,
770 1168 903 1208 quam
926 1159 1024 1209 post
1046 1152 1236 1192 Hosium
1261 1152 1316 1192 ab
1340 1152 1590 1208 Epiphanio
1611 1152 1798 1192 relatum
1821 1166 1846 1192 a

391 1221 530 1263 Mars⁰
550 1223 764 1264 Patavino
796 1231 1050 1265 renovatam
1083 1224 1217 1265 fuisse
1250 1231 1483 1265 attestatur
1515 1224 1704 1281 Pighius
1750 1239 1845 1264 con-

391 1302 574 1335 trovers.
603 1296 665 1336 16.
703 1303 747 1337 et
778 1296 856 1337 lib.
895 1299 934 1337 5.
974 1297 1028 1337 de
1061 1296 1184 1337 Hier.
1224 1297 1402 1346 Eccles„
1436 1304 1676 1352 extareque
1717 1297 1846 1338 etiam

392 1368 570 1409 Bullam
591 1369 622 1410 J
625 1383 748 1410 oann.
771 1370 838 1410 22.
861 1384 947 1410 non
969 1370 1236 1425 impressam,
1261 1385 1349 1425 qua
1370 1370 1712 1412 condemnantur
1733 1384 1845 1410 erro-

390 1456 459 1483 rcs
492 1441 690 1482 Marsilii.
753 1442 888 1484 Porro
911 1442 1141 1484 dicendum
1163 1457 1267 1488 esse,
1290 1443 1533 1497 Episcopos
1564 1443 1595 1484 J
1598 1458 1675 1483 ure
1699 1442 1847 1483 divino

391 1515 628 1562 institutos,
663 1516 881 1570 quoniam,
919 1516 1001 1556 etsi
1024 1515 1169 1570 quoad
1199 1515 1555 1556 Jurisdictionem
1576 1515 1759 1557 dubium
1777 1517 1846 1563 sit,

391 1596 537 1629 tamen
578 1588 723 1641 quoad
758 1588 952 1629 ordinem
990 1595 1155 1629 certum
1191 1603 1315 1638 esse3
1362 1588 1493 1643 idque
1533 1589 1847 1630 attendendum

391 1660 511 1716 quod
531 1661 774 1716 principale
795 1667 873 1709 est,
896 1676 992 1701 cum
1015 1662 1183 1715 possint
1203 1661 1334 1702 etiam
1355 1661 1618 1702 considerari
1638 1662 1849 1718 Episcopi

390 1740 504 1775 recte
545 1749 598 1775 ex
638 1734 729 1774 sola
774 1733 1090 1774 consecratione
1125 1734 1291 1789 absque
1332 1733 1504 1783 diocesi,
1547 1735 1674 1776 sicuti
1715 1736 1848 1776 etiam

390 1807 548 1847 dantur
576 1806 829 1861 Presbyteri
865 1805 1133 1854 Sacerdotes,
1172 1807 1248 1861 qui
1279 1821 1364 1847 non
1394 1807 1559 1848 habent
1586 1822 1732 1848 curam
1756 1807 1848 1848 ani-

395 1893 580 1925 marum,
622 1892 700 1918 nec
734 1883 918 1932 possunt
950 1877 1090 1933 ligare
1120 1884 1196 1918 aut
1217 1878 1400 1927 solvere,
1432 1879 1517 1919 nisi
1536 1878 1582 1919 id
1603 1880 1665 1920 eis
1687 1880 1743 1920 ab
1763 1879 1849 1920 alio

391 1950 665 1992 concedatur.

451 2022 712 2064 Ostunensis
746 2029 893 2062 contra
926 2021 1148 2063 Canonem
1197 2022 1250 2064 7¹1¹
1291 2023 1451 2079 obJecit
1490 2023 1605 2073 duo3
1657 2024 1848 2079 primum

391 2097 497 2152 quia
518 2096 746 2138 dicendum
767 2110 853 2136 non
874 2102 949 2143 est,
973 2096 1084 2136 solos
1100 2096 1344 2152 Episcopos
1366 2104 1539 2138 vocatos
1559 2112 1584 2138 a
1612 2098 1737 2153 Papa
1758 2111 1849 2138 esse

392 2184 517 2210 veros
547 2169 817 2224 Episcopos3
849 2183 947 2209 nam
973 2169 1045 2208 alii
1066 2169 1209 2216 etiam,
1244 2177 1288 2211 et
1319 2170 1461 2218 multi,
1494 2169 1547 2212 de
1570 2170 1732 2226 quibus
1753 2170 1849 2211 nul-

388 2243 478 2282 lam
510 2241 708 2282 notitiam
739 2241 895 2282 habuit
935 2242 1142 2283 Pontifex
1178 2243 1418 2292 Romanus,
1452 2243 1544 2284 veri
1583 2243 1764 2284 fuerunt
1806 2251 1850 2284 et

389 2316 578 2373 legitimi
603 2315 827 2371 Episcopi,
866 2322 999 2370 prout
1021 2330 1102 2372 per
1122 2323 1291 2372 septem
1314 2324 1488 2358 centum
1513 2332 1645 2357 annos
1676 2317 1721 2357 in
1743 2317 1848 2358 Pro-

390 2390 544 2430 vinciis
576 2389 764 2429 maxime
796 2388 1045 2444 longinquis
1080 2388 1409 2445 Archiepiscopi
1444 2389 1705 2430 ordinabant
1738 2389 1849 2444 Epi-

389 2479 538 2519 scopos
560 2463 726 2518 absque
748 2462 846 2503 alia¹
864 2463 1023 2503 notitia
1046 2463 1214 2503 Summi
1235 2463 1469 2504 Pontificis.
1531 2463 1664 2519 Legit
1687 2462 1742 2504 ad
1772 2461 1850 2504 hoc

388 2536 554 2577 dictum
589 2534 646 2575 D.
671 2534 910 2575 Clementis
939 2535 982 2575 in
1013 2534 1089 2575 lib.
1123 2535 1407 2576 traditionum
1431 2536 1786 2591 Apostolicarum
1806 2535 1850 2575 in

390 2624 477 2664 quo
509 2608 695 2656 dicebat,
730 2607 973 2663 Episcopos
1010 2607 1200 2649 ordinari
1232 2608 1276 2648 in
1309 2609 1548 2649 Provinciis
1570 2623 1646 2664 per
1668 2608 1847 2650 Archie-

388 2680 598 2735 piscopos.
653 2679 914 2727 Secundum,
932 2679 1038 2735 quia
1052 2679 1120 2720 hic
1139 2679 1292 2721 Canon
1308 2694 1393 2720 non
1409 2679 1587 2721 damnat
1609 2679 1845 2726 haereticos,

392 2753 468 2806 qui
489 2767 585 2792 cum
613 2751 748 2792 Aerio
769 2752 971 2793 sentiunt.
1008 2752 1170 2793 Aerius
1191 2753 1303 2793 enim
1327 2752 1474 2793 aiebat
1497 2752 1738 2807 Episcopos
1759 2765 1843 2790 non

1053 2843 1061 2860 ¹
1089 2841 1166 2871 Ulla
1177 2841 1190 2871 ἵ)
