1905 3254
674 293 787 322 sess.
813 295 906 323 vm.
1433 283 1517 322 605

69 392 248 433 Concilii
279 394 340 434 ita
371 395 734 450 praecipitandas‚¹
773 405 817 438 et
849 405 1019 439 mature
1051 400 1193 440 omnia
1223 400 1515 448 discutienda3

70 478 168 518 quae
206 471 360 506 cuncta
400 482 449 507 eo
491 467 668 509 tendere
710 470 1085 518 existimabantur,
1120 486 1172 512 ne
1205 473 1303 527 quis
1336 471 1517 512 Concilii

67 537 209 577 exitus
232 537 287 578 ad
308 538 470 579 multos
491 554 622 580 annos
642 541 921 595 reperiretur.

457 660 547 707 Die
579 664 635 707 16
663 662 957 724 Septembris
988 665 1127 708 1563.

125 773 386 827 Sequuntur
409 772 524 813 Vota
545 789 678 828 super
697 773 891 814 articulis
913 775 961 813 21
989 773 1040 814 de
1063 774 1400 815 Reformatione.

119 843 288 884 Eadem
310 843 379 883 dic
400 844 540 884 litcrae
564 844 804 885 afferuntur
827 861 851 884 a
871 845 1077 885 Caesarea
1097 850 1340 900 majestate,
1357 847 1518 901 quibus

62 916 354 971 respondebat
389 916 610 957 Cardinali
653 917 836 958 Morono
874 918 1019 973 quoad
1062 918 1265 958 ultimum
1298 926 1433 974 caput
1463 919 1516 959 de

64 989 386 1044 impedimentis
404 990 704 1031 Saecularium,
723 1006 912 1047 quarum
935 992 1184 1047 exemplum
1209 999 1273 1032 cst
1294 992 1418 1033 infra.
1442 992 1513 1033 fol.

123 1062 175 1103 In
198 1063 249 1102 iis
270 1063 420 1110 literis,
440 1064 639 1119 quamvis
660 1079 739 1104 sua
762 1065 974 1120 Majestas
995 1064 1252 1111 ostenderet,
1277 1065 1386 1105 velle
1406 1079 1450 1104 se
1474 1070 1518 1105 et

62 1134 167 1174 alios
208 1135 367 1190 subjici
408 1135 472 1182 iis,
516 1151 613 1191 quae
657 1136 855 1191 Synodus
897 1143 1061 1177 statuet
1102 1135 1153 1176 de
1192 1136 1514 1187 Saecularibus3

60 1213 205 1248 tamen
225 1208 353 1248 facile
375 1208 618 1263 apparebat
652 1209 793 1249 multa
820 1224 922 1255 esse,
947 1224 1046 1264 quae
1076 1209 1137 1248 eis
1166 1223 1250 1248 non
1283 1209 1513 1248 satisfacie-

59 1280 177 1321 bant.
263 1279 677 1321 Commemorabant
720 1286 811 1336 jam
847 1281 1003 1322 abhinc
1045 1288 1218 1321 centum
1256 1281 1392 1329 annis,
1427 1296 1515 1336 quo

58 1360 254 1408 tempore
294 1353 480 1394 haerescs
519 1353 588 1395 hae
625 1369 707 1394 non
755 1354 979 1408 vigebant,
1029 1369 1168 1394 acrem
1202 1361 1347 1394 tamen
1383 1354 1514 1394 fuisse

59 1426 397 1466 controversiam
446 1426 560 1466 inter
611 1426 939 1466 Ecclesiasticos
979 1434 1021 1467 et
1073 1427 1313 1466 Saeculares
1352 1425 1419 1466 his
1459 1427 1513 1467 de

58 1499 213 1549 rebus3
247 1498 502 1554 durumque
538 1499 687 1546 videri,
724 1506 772 1539 ut
804 1514 919 1539 nunc
942 1515 1028 1539 uno
1064 1500 1153 1540 ictu
1187 1500 1387 1554 bipennis
1423 1506 1513 1540 tam

57 1578 183 1612 vasta
218 1571 343 1626 sylva
376 1570 648 1626 praecidatur,
682 1571 1066 1626 Ecclesiasticique
1098 1572 1142 1611 in
1175 1572 1350 1626 propria
1375 1565 1514 1612 'causa

58 1644 143 1685 sint
158 1643 338 1699 judiees.
405 1644 526 1684 Inter
548 1650 705 1684 caetcra
727 1658 828 1683 vero
851 1642 938 1683 duo
961 1658 1052 1683 esse
1074 1643 1192 1691 dicit,
1216 1658 1316 1698 quae
1339 1645 1512 1684 omnino

58 1716 273 1757 mutanda
296 1717 538 1763 videantur,
562 1716 739 1771 quando
772 1723 912 1756 totum
938 1716 1188 1755 Germania}
1221 1722 1384 1756 statum
1417 1731 1512 1771 pcr-

54 1790 297 1838 turbarent,
321 1805 397 1830 nec
421 1790 569 1844 quiete
591 1790 633 1829 in
662 1789 711 1828 iis
733 1788 898 1844 Regnis
921 1788 1057 1843 recipi
1088 1795 1286 1842 possent:
1319 1788 1510 1843 primum

56 1869 134 1911 est,
169 1863 288 1918 quod
328 1863 516 1903 refertur
549 1863 592 1902 in
634 1861 783 1902 codem
820 1876 912 1916 cap.
946 1865 992 1900 n0
1028 1862 1054 1900 <J
1096 1860 1149 1900 de
1188 1860 1508 1907 Jurisdictione,

56 1936 262 1991 quoniam
296 1937 339 1976 in
363 1935 550 1976 Camcra
574 1937 733 1990 Imper.
758 1950 811 1975 ex
843 1949 926 1975 usu
959 1935 1275 1989 antiquissimo,
1300 1942 1344 1974 et
1376 1935 1509 1974 variis

52 2009 297 2064 privilegiis
329 2009 587 2063 permissum
622 2023 714 2049 esse
742 2008 814 2055 ait,
839 2014 887 2048 ut
909 2006 1069 2048 Clerici
1101 2008 1268 2061 possint
1293 2022 1435 2047 coram
1458 2022 1510 2048 ea

54 2081 284 2128 conveniri,
307 2081 442 2136 idque
465 2081 594 2121 etiam
617 2094 669 2120 ex
692 2079 827 2119 Bulla
843 2080 997 2119 Aurea
1016 2093 1276 2125 concessum,
1293 2094 1389 2119 cum
1411 2094 1505 2119 con-

52 2153 294 2194 firmatione
313 2154 589 2194 Summorum
606 2153 864 2193 Pontificum
883 2167 890 2191 :
922 2152 978 2191 2¹¹¹
999 2151 1052 2191 de
1075 2152 1349 2207 impositione
1370 2151 1508 2192 tribu-

54 2233 197 2267 torum
229 2227 312 2267 sub
333 2234 379 2267 n⁰
401 2227 451 2276 83
486 2227 691 2281 quoniam
718 2239 802 2265 non
829 2224 970 2264 solent
997 2223 1221 2263 convocari
1253 2223 1295 2262 in
1327 2223 1509 2263 comitiis

52 2314 198 2340 omnes
218 2299 440 2346 Ecclesiae,
464 2298 540 2340 sed
561 2305 731 2339 tantum
756 2297 1018 2353 principales
1040 2311 1203 2343 eorum,
1229 2295 1390 2350 quibus
1411 2310 1504 2335 con-

52 2373 353 2420 sentientibus,
378 2379 474 2413 tum
496 2372 627 2413 etiam
653 2371 727 2412 alii
751 2371 912 2411 Clerici
934 2370 1065 2410 etiam
1089 2368 1215 2408 inviti
1236 2368 1504 2423 compellun-

50 2449 146 2485 tur:
169 2444 281 2499 petit
296 2443 451 2498 igitur⁹¹
473 2444 515 2483 in
539 2443 690 2490 literis,
711 2449 759 2483 ut
780 2443 863 2482 ista
884 2441 1098 2496 imprimis
1115 2439 1502 2480 accommodentur.

444 2564 536 2612 Die
567 2568 622 2611 17
652 2563 947 2627 Septembris
979 2564 1116 2608 1563.

109 2676 362 2731 Sequuntur
383 2675 499 2717 Vota
519 2691 652 2731 super
679 2676 727 2715 21
762 2673 957 2715 articulis
980 2672 1341 2727 Reformationis.j
1389 2673 1503 2715 Lata

135 2794 142 2812 ¹
170 2795 413 2835 Praecipiendas,
432 2795 501 2824 MS.
761 2794 773 2812 ²
797 2793 862 2823 The
880 2793 1070 2823 contraction
1088 2790 1174 2822 looks
1188 2790 1253 2822 like
1268 2793 1304 2832 q⁰
1321 2803 1353 2822 or
1368 2798 1414 2834 qe.
