1905 3254
357 321 441 362 310
984 336 1092 368 SEsS.
1115 336 1194 365 vn.

359 443 482 484 verbi
504 442 592 483 Dei
614 442 900 483 ministerium
932 446 1216 496 usurparunt,
1252 446 1384 496 atque
1416 440 1478 480 ita
1501 438 1695 494 expulsis
1715 452 1813 493 pas-

356 515 539 563 toribus,
562 515 713 556 alienae
736 515 828 556 ovis
849 521 1005 562 custos,
1027 514 1099 554 fur
1121 520 1164 554 et
1182 513 1296 554 latro
1324 512 1529 553 ascendit.
1590 512 1814 552 Postremo

359 589 475 643 quod
494 589 624 645 longe
646 590 837 629 omnium
860 594 924 629 est
946 587 1265 643 gravissimum,
1296 590 1405 641 juge
1434 592 1477 626 et
1499 590 1814 625 sacrosanctum

359 662 626 702 Sacrificium
660 661 780 717 apud
815 675 886 702 eos
918 666 1079 709 cessat3
1122 659 1240 714 quod
1273 658 1569 699 intermissum
1605 662 1813 712 quantam

357 734 529 774 ruinam
569 749 714 775 secum
748 733 914 780 afferat,
951 739 993 773 et
1030 739 1237 788 quantam
1274 730 1474 786 Regibus
1508 731 1738 785 jacturam,
1771 734 1815 768 et

357 807 624 854 meministis,
638 806 736 847 Viri
757 806 1002 852 doctissimi,
1026 820 1079 846 ex
1099 804 1414 860 prophetarum
1438 802 1632 849 oraculis,
1666 808 1710 842 et
1741 815 1812 841 ex-

357 879 570 934 perientia
605 880 698 934 jam
739 879 784 918 in
819 878 992 933 magnis
1033 877 1241 931 imperiis,
1282 875 1600 916 florentissimis
1636 873 1812 928 Regnis,

357 951 632 1006 amplissimis
653 950 906 995 Provinciis,
930 947 1152 995 didicistis,
1186 953 1320 1002 atque
1354 947 1399 986 in
1434 946 1583 986 Gallia
1612 960 1726 986 nunc
1751 960 1814 986 as-

356 1023 512 1078 picitis.
574 1022 712 1077 Regis
733 1022 848 1062 enim
869 1021 1074 1076 majestas
1095 1019 1399 1066 contemnitur,
1424 1017 1618 1073 Imperia
1639 1017 1811 1057 detrac-

357 1101 518 1142 tantur,
537 1109 621 1135 non
643 1093 769 1134 modo
790 1093 1036 1149 vectigalia,
1060 1091 1169 1147 [sed]
1197 1098 1240 1132 et
1260 1091 1382 1147 leges
1405 1091 1561 1131 silent.1
1614 1089 1815 1139 Quilibet

357 1168 607 1215 vindictam,
655 1182 787 1223 quam
831 1172 1017 1213 exercet,
1059 1180 1112 1206 ex
1160 1165 1337 1221 privato
1383 1163 1479 1205 odio
1520 1163 1713 1210 metitur,
1759 1161 1815 1202 ad

357 1239 610 1281 seditionem
644 1238 840 1294 populus
870 1238 1094 1284 excitatur,
1119 1243 1163 1277 et
1192 1251 1369 1278 excusso
1393 1234 1674 1280 Monarchiae,
1698 1232 1817 1288 quod

357 1311 496 1360 aiunt,
531 1312 656 1365 jugo,
694 1309 916 1350 Anarchia
948 1309 993 1348 in
1026 1308 1301 1349 concionibus
1336 1307 1511 1363 publice
1542 1305 1811 1361 proponitur.

358 1382 469 1422 Haec
491 1382 631 1422 omnia
658 1380 779 1435 apud
805 1395 880 1421 vos
903 1380 1103 1435 cogitate,
1127 1380 1353 1420 clarissimi
1388 1379 1609 1426 Oratores,
1632 1383 1676 1418 et
1696 1375 1816 1432 quod

356 1456 401 1496 in
438 1455 585 1495 Gallia
619 1470 732 1495 nunc
765 1454 914 1495 videre
948 1454 1095 1494 otiosis
1126 1453 1238 1501 licet,
1273 1457 1364 1494 sera
1393 1453 1523 1493 nimis
1553 1452 1814 1506 poenitentia

356 1527 656 1582 experiemini,
692 1527 728 1566 si
758 1526 870 1566 mole
904 1540 983 1565 sua
1020 1525 1167 1565 Gallia
1199 1540 1251 1565 ex
1285 1525 1443 1565 vicinia
1475 1538 1552 1564 vos
1578 1523 1623 1563 in
1642 1523 1813 1563 ruinam

356 1598 515 1639 trahat.
579 1597 665 1638 Sed
697 1596 805 1652 quid
838 1612 927 1644 vos,
969 1597 1223 1637 sanctissimi
1262 1596 1490 1651 Episcopi,
1527 1594 1712 1642 detineo,
1737 1602 1814 1636 aut

356 1672 521 1712 diutius
553 1672 731 1726 affligo?
773 1676 1008 1725 supersunt
1037 1670 1117 1710 toti
1150 1670 1251 1710 huic
1283 1669 1435 1710 morbo
1467 1675 1719 1724 opportuna
1752 1684 1816 1710 re-

355 1743 510 1784 media.
573 1743 809 1784 Habemus
838 1743 952 1783 enim
974 1757 1147 1798 magnae
1169 1742 1262 1797 spei
1282 1742 1504 1797 pupillum
1525 1742 1707 1798 Regem,
1729 1757 1814 1783 non

354 1824 443 1858 tam
476 1816 624 1872 Regni
650 1831 672 1857 e
705 1816 905 1871 legitima
937 1816 1203 1856 successione
1235 1814 1530 1861 Monarcham,
1565 1830 1698 1870 quam
1718 1817 1815 1857 reli-

355 1890 494 1945 gionis
515 1896 558 1930 et
579 1890 792 1930 virtutum
814 1889 1007 1928 omnium
1031 1889 1250 1929 avitarum
1272 1887 1502 1935 haeredem,
1527 1903 1659 1943 quem
1681 1889 1815 1930 Pater

355 1959 574 2001 Henricus
595 1967 637 2000 et
660 1974 770 2000 avus
791 1960 1048 2000 Franciscus
1069 1960 1247 2007 excitat,
1271 1965 1315 2000 et
1331 1959 1375 1999 in
1399 1973 1485 2013 quo
1503 1963 1595 2014 jam
1617 1959 1655 2000 F
1657 1961 1816 2001 rancisi

354 2033 501 2074 fratris
522 2033 751 2081 demortui,
769 2033 961 2073 omnium
985 2033 1158 2088 generis
1174 2033 1384 2073 virtutum
1402 2033 1582 2088 igniculi
1602 2033 1813 2076 relucent.

355 2107 451 2147 Nec
482 2106 640 2147 desunt
675 2104 924 2146 Catharinae
956 2105 1140 2160 Reginae
1173 2104 1322 2146 viduae
1356 2111 1399 2145 et
1432 2105 1644 2145 Navarrae
1676 2105 1815 2162 Regis

356 2179 523 2234 optima
545 2178 734 2223 consilia,
757 2184 799 2218 et
820 2177 1015 2218 infractae
1038 2178 1274 2218 Procerum
1296 2177 1423 2217 vires.
1486 2177 1636 2217 Nullis
1656 2178 1816 2233 opibus

355 2252 563 2307 parcitur,
596 2250 795 2305 undique
828 2250 1060 2290 auxiliares
1083 2251 1215 2306 copiae
1239 2257 1560 2305 comparantur,
1582 2251 1720 2306 fitque
1744 2252 1818 2293 via

356 2325 412 2372 vi,
445 2323 521 2364 sed
550 2324 594 2364 in
623 2330 769 2364 nostra-
796 2323 972 2370 viscera,
996 2329 1399 2378 quantumcumque
1429 2323 1588 2363 victrix
1621 2323 1814 2374 dextera,

354 2396 417 2443 fit,
453 2395 617 2436 ferrum
651 2394 932 2442 convertitur,
968 2401 1184 2435 eruuntur
1216 2410 1336 2450 opes,
1373 2401 1416 2435 et
1450 2395 1499 2435 fit
1530 2395 1815 2438 lamentabile

355 2482 552 2523 regnum.
605 2468 798 2522 Jamque
818 2466 942 2506 nulla
963 2466 1018 2506 ad
1038 2466 1250 2507 sedandos
1271 2474 1416 2507 tantos
1435 2467 1653 2507 tumultus
1672 2468 1816 2522 aptior

356 2540 440 2589 via,
466 2540 635 2580 nullam
667 2539 928 2595 praesentius
960 2546 1027 2580 est
1046 2539 1301 2588 remedium,
1325 2554 1458 2595 quam
1494 2540 1613 2595 quod
1647 2540 1703 2581 ad
1733 2540 1813 2582 hoc

356 2619 597 2653 sacrosanta
617 2611 892 2653 Universalis
912 2611 1121 2653 Ecclesiae
1142 2612 1338 2667 legitime
1368 2613 1413 2652 in
1445 2612 1614 2666 Spiritu
1637 2613 1697 2653 S10
1717 2628 1813 2654 con-

399 2738 406 2754 ยน
435 2737 491 2765 For
505 2744 532 2766 et
545 2738 628 2777 leges
641 2737 733 2768 silent
751 2738 793 2767 Le
810 2737 881 2767 Plat
904 2738 958 2768 has
980 2738 1033 2768 sed
1058 2746 1224 2778 proventus
1249 2738 1344 2768 etiam
1361 2744 1532 2777 negantur:
1556 2750 1588 2770 so
1603 2738 1742 2770 likewise
1765 2740 1815 2770 the

355 2788 471 2818 edition
488 2790 522 2818 of
544 2790 633 2820 1562.
