1905 3254
1431 304 1456 342 Nu

1461 302 1484 344 x]

1488 303 1514 342 :D

672 322 787 352 SESS.
814 321 892 351 VH.

418 667 555 705 ACTA
588 669 841 706 SEPTIMAE
873 669 1086 706 SESSION
1096 670 1155 706 IS.

553 782 615 807 DIE
635 786 664 808 18
684 783 915 808 SEPTEMBRIS
936 786 1009 809 1562,

48 902 266 944 PRAESENs
290 902 447 951 Sessio,
476 902 532 943 ob
569 903 848 959 gravissimas
881 917 980 959 quae
1002 903 1046 943 in
1070 917 1122 943 ea
1142 903 1390 945 inciderunt
1411 920 1508 946 con-

45 976 262 1017 tentiones
285 982 328 1016 et
349 976 557 1031 pericula,
579 976 766 1017 maxime
789 983 854 1017 est
875 976 1172 1017 memorabilis
1190 992 1200 1024 3
1238 992 1338 1018 nam
1361 978 1508 1027 octies,

45 1049 164 1104 quod
196 1048 291 1090 aliis
323 1049 597 1105 temporibus
626 1064 853 1105 nunquam
877 1049 1042 1097 accidit,
1066 1057 1358 1107 prorogatur;
1395 1066 1509 1093 accr-

41 1121 163 1162 rimis
185 1121 331 1162 decem
364 1122 576 1163 mensium
608 1122 984 1178 disputationibus
1014 1121 1189 1163 assiduo
1208 1122 1293 1163 fuit
1314 1123 1509 1179 agitata3

42 1193 320 1248 interimque,
361 1193 537 1235 duobus
572 1194 820 1235 clarissimis
858 1195 1028 1252 Summi
1066 1194 1284 1235 Pontificis
1326 1194 1509 1251 chatis

44 1267 260 1314 extinctis,
304 1272 370 1307 tot
406 1267 504 1307 aliae
540 1267 789 1315 varietates,
830 1273 896 1308 tot
930 1267 1148 1323 inopinati
1181 1272 1368 1308 eventus
1407 1273 1510 1307 sunt

46 1339 282 1387 subsecuti,
323 1346 373 1381 ut
412 1355 499 1381 non
540 1340 665 1381 facile
707 1340 763 1381 sit
799 1346 954 1382 cuncta
989 1355 1222 1383 recensere.
1300 1339 1509 1382 Dicemus

42 1417 202 1462 tamen,
224 1413 322 1454 Deo
339 1418 538 1469 juvante,
561 1413 742 1469 potiora.

99 1484 166 1525 ΡΟ.
221 1485 381 1541 Igitur,
425 1486 588 1541 Legati
630 1501 790 1527 munus
832 1485 938 1528 dant
980 1485 1254 1535 Rossanensi,
1297 1487 1508 1528 Vestano,

43 1558 278 1607 Auditori‚l
312 1558 554 1607 Advocato,
588 1559 935 1614 Promotoriquc,
958 1567 1009 1601 ut
1033 1560 1173 1600 multa
1201 1559 1254 1600 dc
1283 1559 1508 1601 formando

43 1632 156 1672 Ecce
183 1637 347 1672 statum
379 1645 404 1671 a
435 1632 598 1673 Pribus
630 1631 871 1687 postulata,
904 1639 997 1674 tum
1022 1632 1077 1673 ab
1111 1632 1218 1687 ipsis
1244 1633 1507 1687 excogitata,

45 1719 90 1744 ac
112 1705 240 1759 siqua
260 1704 321 1744 cis
345 1704 430 1744 alia
456 1703 747 1744 commodiora
768 1711 1043 1745 occurrerent
1062 1705 1106 1744 in
1129 1719 1264 1744 unum
1287 1704 1506 1760 colligant,

44 1776 281 1831 ordineque
304 1776 551 1831 disponant,
575 1790 663 1831 quo
693 1781 846 1831 postea
880 1775 934 1816 dc
968 1775 1037 1815 his
1070 1775 1286 1831 Synodus,
1311 1791 1408 1817 cum
1431 1792 1508 1834 op-

45 1856 282 1905 portunum
304 1849 449 1897 fuerit,
480 1849 746 1889 consulatur.
811 1848 994 1889 Interim
1025 1848 1171 1896 etiam,
1197 1848 1406 1890 adhibitis
1431 1851 1506 1892 Sa-

43 1938 217 1964 crarum
246 1924 495 1965 Literarum
523 1922 686 1978 peritis,
711 1921 916 1962 articulos
945 1921 999 1962 de
1025 1922 1302 1963 Sacramento
1331 1922 1507 1965 Ordinis

44 2010 68 2035 a
90 1994 332 2051 Theologis
364 1995 602 2035 minoribus
634 1993 945 2035 examinandos
977 1993 1128 2042 edunt,
1163 1995 1327 2049 quibus
1354 1995 1398 2035 in
1430 2011 1506 2037 sex

46 2068 217 2110 Classes
250 2068 509 2116 distributis,
543 2069 728 2124 singulis
750 2067 978 2108 Classibus
1002 2066 1358 2124 Theologorum²
1379 2070 1504 2124 quin-

41 2141 179 2183 decim
222 2142 466 2198 propositos
507 2142 712 2183 articulos
753 2140 999 2182 tractandos
1042 2141 1265 2197 assignant
1305 2142 1349 2183 in
1388 2142 1504 2184 hunc

42 2216 231 2258 modum.

77 2317 284 2364 Articuli
314 2317 371 2363 de
398 2315 711 2363 Sacramento
738 2314 935 2362 Ordinis
961 2332 989 2361 a
1007 2314 1264 2378 Theologis
1289 2318 1467 2364 exami-

689 2397 855 2443 nandi.

77 2497 154 2543 An
182 2496 407 2543 Haeretici
445 2497 553 2553 sint,
579 2497 656 2544 vcl
682 2495 898 2552 Erronei,
932 2496 1007 2543 vel
1047 2494 1368 2552 Schismatici,
1393 2496 1470 2543 vel

264 2579 548 2636 scandalosi‚
575 2589 621 2627 et
646 2597 673 2625 a
699 2578 766 2626 Sta
792 2578 991 2644 Synodo
1016 2577 1293 2624 damnandi.

101 2675 309 2717 Ordinem
331 2691 414 2717 non
435 2692 526 2718 csse
564 2677 893 2718 Sacramentum
923 2675 999 2717 sed
1026 2675 1160 2715 ritum
1191 2672 1408 2729 quondam
1431 2674 1504 2716 eli-

50 2750 193 2806 gendi,
215 2757 260 2791 et
281 2750 570 2792 constituendi
591 2751 808 2792 ministros
830 2750 965 2791 Verbi
987 2756 1030 2790 et
1053 2749 1445 2789 Sacramentorum.

149 2853 215 2884 The
230 2854 341 2885 author
357 2854 511 2894 modestly
529 2859 680 2887 contracte
695 2854 827 2885 himself
838 2853 949 2884 Audri.
1132 2850 1144 2867 ²
1168 2849 1351 2890 Theologos,
1370 2851 1439 2882 MS·
