1905 3254
380 251 433 292 86
1021 268 1131 298 sEss.
1155 270 1218 300 111.

378 371 600 427 plerisque
615 372 699 412 fuit
713 373 850 412 satius
867 380 910 414 et
928 373 1190 428 prudentius
1206 388 1310 421 esse,
1323 372 1415 413 haee
1431 374 1474 414 in
1492 373 1829 429 frequentiorem

378 445 561 485 Patrum
597 445 834 486 adventum
866 446 1052 494 differre,
1081 448 1342 502 interimque
1376 462 1427 487 ea
1460 463 1558 503 quse
1591 447 1830 489 Romanam

379 515 560 557 Curiam
583 519 888 574 quoquomodo
911 519 1137 576 attingunt
1160 526 1287 560 antea
1319 520 1549 560 Sanctitati
1578 535 1668 560 suae
1699 521 1832 576 signi-

377 591 520 639 ficare,
534 590 707 641 idcirco,
721 592 772 632 iis
793 593 971 642 omissis,
991 593 1077 634 alia
1098 593 1279 634 fuerunt
1294 593 1460 633 leviora
1476 593 1622 648 capita
1637 592 1831 641 delecta3

377 679 477 720 quae
513 681 608 706 cum
651 665 807 707 deinde
849 667 905 707 ad
946 666 1236 722 Seripandum
1284 666 1457 721 perlata
1496 672 1649 714 essent,
1690 665 1831 706 adhuc

376 738 596 792 urgebant
632 739 780 794 aliqui,
822 746 871 780 ut
903 754 928 780 a
962 740 1091 780 rebus
1125 739 1257 795 paulo
1294 738 1571 794 gravioribus
1602 744 1833 793 expectata

374 812 466 853 haee
487 813 654 854 tamdiu
672 814 727 854 ab
744 814 947 854 omnibus
966 813 1215 854 reformatio
1230 813 1403 854 initium
1422 819 1634 862 sumeret3
1669 812 1832 867 quibus
1878 831 1905 872 ἰ’

374 886 446 926 ille
469 886 704 935 annuisset,
737 888 772 927 si
793 887 837 927 id
863 888 917 934 ei,
941 887 1126 928 aliorum
1149 887 1389 934 voluntate,
1412 886 1627 926 licuisset:
1662 901 1829 933 verum,

373 972 469 998 cum
486 958 643 1013 reliqui
657 959 981 1014 responderent,
997 960 1099 1000 satis
1114 974 1229 1000 nunc
1247 974 1337 999 esse
1352 958 1566 1000 interhaec
1580 959 1830 1015 primordia,

373 1031 407 1070 si
430 1031 580 1086 aliqua
599 1046 683 1071 non
706 1032 909 1088 vulgaria
939 1047 1016 1073 nec
1048 1031 1359 1080 contendenda,
1394 1039 1706 1088 proponantur,
1739 1040 1830 1074 tan-

371 1102 470 1143 dem
514 1118 654 1145 coram
696 1104 855 1160 legatis
894 1105 1097 1145 omnibus
1145 1105 1422 1160 infrascripta
1462 1106 1609 1160 capita
1655 1113 1831 1161 sumpta

371 1176 565 1226 fuerunt,
599 1192 696 1233 quae
725 1178 888 1234 placuit
923 1178 986 1219 ita
1016 1178 1060 1219 in
1091 1178 1274 1219 dubiam
1306 1185 1477 1233 partem
1511 1178 1747 1233 concipere,
1780 1184 1832 1220 ut

370 1249 499 1290 latior
520 1249 574 1290 de
590 1250 642 1290 iis
658 1249 897 1291 disserendi
915 1265 1094 1306 campus
1111 1251 1320 1292 Patribus
1342 1251 1676 1306 relinqueretur.
1719 1250 1830 1291 Haec

372 1330 496 1364 erant
518 1323 623 1363 talia
645 1338 778 1378 super
799 1323 1118 1364 reformatione.

429 1394 464 1435 I.
500 1394 786 1436 Considerent
814 1395 982 1443 Patres,
1019 1411 1118 1451 quae
1149 1395 1260 1435 ratio
1293 1396 1392 1435 iniri
1426 1402 1582 1450 posset,
1616 1401 1667 1436 ut
1691 1396 1829 1436 Patri-

369 1467 523 1516 archae,
547 1468 890 1524 Archiepiscopi,
914 1469 1137 1523 Episcopi,
1170 1475 1215 1508 et
1235 1468 1379 1508 centeri
1413 1483 1560 1508 omnes
1590 1469 1828 1509 animarum

369 1555 516 1581 curam
549 1541 762 1582 habentes
791 1543 836 1581 in
869 1541 1075 1582 Ecclesiis
1107 1542 1196 1581 suis
1224 1540 1451 1588 resideant,
1485 1548 1528 1581 et
1561 1541 1616 1581 ab
1649 1542 1711 1582 eis
1744 1556 1830 1582 non

368 1613 450 1652 nisi
477 1613 624 1667 justis,
656 1612 863 1659 honestis,
893 1614 1158 1661 necessariis,
1182 1620 1225 1653 et
1247 1613 1458 1653 Ecclesiae
1482 1612 1720 1654 Catholicae
1744 1614 1828 1654 uti-

367 1686 486 1726 libus
506 1685 559 1726 de
582 1686 721 1726 causis
749 1686 904 1726 absint.

425 1757 491 1799 ΙΙ.
525 1757 653 1805 Item,
678 1772 732 1798 an
754 1758 978 1813 expediat,
1010 1766 1061 1799 ut
1081 1773 1208 1799 nemo
1241 1759 1468 1799 ordinetur
1501 1759 1555 1800 ad
1591 1774 1731 1800 sacros
1762 1774 1828 1800 or-

366 1830 500 1878 dines,
522 1831 605 1871 nisi
628 1830 682 1871 ad
703 1837 868 1872 certum
893 1831 1083 1886 aliquem
1106 1832 1303 1872 beneficii
1318 1832 1526 1872 titulum:
1559 1839 1827 1888 compertum

367 1910 432 1944 est
453 1904 581 1952 enim,
609 1904 775 1944 multas
802 1904 1013 1944 committi
1033 1904 1237 1951 fallacias,
1262 1919 1315 1946 ex
1338 1919 1388 1945 eo
1411 1905 1529 1960 quod
1550 1906 1751 1961 plerique
1773 1906 1829 1947 ad

366 1975 544 2015 titulum
566 1975 823 2016 Patrimonii
843 1975 1115 2016 ordinantur.

426 2047 518 2089 III.
551 2048 615 2088 Et
637 2048 753 2104 quod
784 2049 1035 2089 ordinantes
1063 2048 1171 2089 nihil
1202 2050 1377 2090 omnino
1408 2051 1621 2105 recipiant
1643 2066 1721 2106 pro
1744 2051 1825 2092 col-

364 2120 525 2162 latione
558 2136 935 2177 quorumcumque
969 2121 1187 2170 ordinum,
1220 2137 1366 2178 neque
1403 2124 1533 2163 etiam
1566 2139 1716 2165 eorum
1748 2125 1825 2165 mi-

364 2193 489 2234 nistri
511 2201 586 2235 aut
606 2195 778 2236 notarii.

425 2266 505 2307 IV.
540 2268 612 2307 An
641 2267 804 2308 eisdem
837 2266 1157 2308 concedendum
1193 2268 1263 2316 sit,
1288 2274 1336 2309 ut
1368 2268 1422 2308 de
1460 2268 1709 2324 praebendis
1739 2284 1825 2310 non

365 2339 648 2381 servientium
686 2341 854 2395 possint
880 2339 1216 2381 distributiones
1248 2340 1527 2395 quotidianas
1559 2342 1824 2383 constituere

364 2412 409 2452 in
441 2412 530 2453 illis
551 2412 774 2461 Ecclesiis‚
797 2414 840 2453 in
871 2412 1038 2467 quibus
1072 2413 1206 2453 nullae
1243 2420 1346 2454 sunt
1377 2413 1724 2464 distributiones,
1748 2422 1826 2456 aut
1883 2415 1888 2439 ²

363 2485 427 2525 ita
449 2492 605 2526 tenues
627 2493 677 2527 ut
698 2486 1000 2542 negligantur.

421 2558 475 2599 V.
511 2560 584 2599 An
621 2558 843 2600 Parochiae
880 2573 1027 2599 omnes
1064 2574 1178 2613 quae,
1216 2559 1272 2599 ob
1309 2574 1432 2600 suam
1470 2560 1822 2616 amplitudinem,

364 2631 514 2685 plures
545 2631 781 2686 requirunt
812 2630 1068 2678 sacerdotes,
1094 2630 1245 2686 plures
1276 2632 1408 2672 etiam
1438 2630 1601 2673 habere
1633 2632 1824 2674 debeant

364 2703 517 2743 titulos
540 2704 596 2744 ab
618 2703 836 2744 ordinario
858 2703 1161 2744 instituendos.

421 2775 501 2815 VI.
537 2776 756 2816 Beneficia
809 2790 985 2829 quoquc.
1028 2782 1194 2823 curata,
1237 2791 1337 2830 quae
1384 2776 1536 2817 idonea
1577 2777 1820 2832 provisione
1879 2787 1882 2817 ὲ
