1905 3254
346 309 426 349 184
992 325 1100 355 sess.
1125 325 1183 354 vi.

408 435 464 474 8⁰.
498 432 566 472 An
600 433 711 473 Εςοῑἓ
743 431 954 472 Romanae
986 431 1108 475 ritus,
1142 429 1262 485 quod
1292 436 1469 476 secroto,
1505 435 1549 469 ct
1580 429 1804 469 summissa

352 522 456 548 voce
479 507 615 548 verba
635 506 960 548 consecrationis
977 504 1272 560 proferuntur,
1289 501 1562 543 damnandus
1583 509 1660 543 est.

409 581 466 620 9⁰.
500 581 572 620 An
604 580 747 628 missa,
779 579 947 620 nonnisi
977 579 1021 619 in
1052 578 1206 633 lingua
1228 576 1402 632 vulgari
1425 591 1555 632 quam
1577 590 1723 617 omnes
1744 576 1804 616 in-

352 654 567 710 telligant,
592 653 802 694 celebrari
823 653 993 694 debeat.

415 728 498 769 100.
531 728 604 768 An
632 727 798 768 abusus
830 727 900 774 sit,
934 732 1094 766 certam
1126 725 1300 765 missam
1334 724 1459 764 certis
1495 723 1654 763 sanctis
1685 723 1806 763 attri-

353 801 503 842 buere.

420 874 500 914 110.
534 875 607 914 An
648 874 914 921 ceremoniae,
957 879 1100 913 vestes
1141 878 1184 913 et
1225 873 1351 928 signa
1402 878 1593 918 externa,
1646 871 1810 925 quibus

357 946 462 987 Ecca
491 948 534 987 in
556 947 847 988 celebratione
868 947 1098 987 missarum
1122 946 1277 992 utitur,
1301 946 1386 985 sint
1407 944 1617 985 tollendae.

420 1019 498 1059 120.
531 1019 598 1059 An
632 1019 859 1060 Christum
893 1034 972 1074 pro
998 1019 1122 1059 nobis
1153 1018 1331 1074 mystice
1364 1017 1581 1058 immolari
1612 1016 1728 1058 idem
1759 1017 1812 1058 sit

358 1090 475 1146 quod
495 1092 620 1132 nobis
643 1091 697 1131 ad
719 1091 1069 1132 manducandum
1093 1091 1199 1132 dari.

420 1165 500 1205 130.
533 1167 606 1206 An
633 1166 764 1206 missa
795 1166 852 1207 sit
873 1172 1043 1206 tantum
1065 1164 1317 1206 sacrificium
1338 1164 1482 1205 laudis
1504 1170 1546 1205 et
1568 1164 1810 1220 gratiarum

361 1238 549 1285 actionis,
583 1253 636 1278 an
669 1238 800 1279 etiam
826 1237 1079 1278 sacrificium
1101 1236 1466 1293 propitiatorium,
1490 1242 1579 1277 tam
1600 1250 1680 1292 pro
1701 1236 1812 1277 vivis

359 1325 491 1366 quam
514 1325 594 1366 pro
614 1310 860 1352 defunctis.¹

419 1384 618 1430 Dicatur,
652 1399 706 1425 an
741 1385 920 1431 erronei,
964 1383 1034 1424 vel
1076 1383 1185 1431 falsi,
1228 1389 1304 1423 aut
1344 1382 1539 1423 haeretici
1570 1383 1666 1430 sint,
1703 1390 1746 1424 et
1789 1398 1814 1424 a

362 1458 520 1498 Sancta
542 1457 715 1513 Synodo
735 1456 983 1498 damnandi.

421 1530 613 1570 Articuli
644 1537 791 1571 autem
830 1529 971 1571 XIII.
1009 1530 1296 1584 suprascripti
1329 1528 1382 1569 de
1418 1528 1622 1569 sacrificio
1656 1529 1812 1578 missae,

364 1602 441 1658 qui
460 1617 573 1643 nunc
604 1609 907 1658 proponuntur
928 1601 1203 1642 examinandi
1224 1616 1249 1641 a
1270 1600 1523 1656 Theologis,
1555 1600 1618 1641 ita
1636 1601 1750 1643 inter
1770 1616 1814 1642 se

362 1674 627 1723 dividantur,
663 1681 712 1716 ut
739 1675 918 1715 dimidia
945 1689 1047 1730 pars
1068 1674 1410 1730 Theologorum‚
1434 1689 1596 1722 eorum,
1619 1674 1716 1723 viz„
1740 1675 1813 1731 qui

363 1749 497 1806 priori
528 1749 620 1789 loco
650 1748 808 1796 dicent,
844 1748 922 1803 qui
954 1754 1083 1788 erunt
1115 1748 1190 1789 ΝΟ.
1226 1747 1290 1796 13,
1323 1747 1615 1803 respondeant
1644 1754 1813 1789 tantum

363 1837 495 1878 super
515 1829 683 1878 septem
706 1821 926 1876 prioribus
948 1820 1167 1862 articulis:
1196 1820 1355 1875 reliqui
1377 1835 1479 1860 vero
1503 1820 1717 1878 Theologi
1739 1821 1814 1877 qui

362 1903 461 1954 post
482 1911 553 1938 eos
574 1895 729 1943 dicent,
762 1894 1050 1951 respondeant
1072 1910 1206 1951 super
1228 1895 1396 1936 caeteris
1417 1895 1611 1937 articulis
1632 1911 1813 1952 sequen-

360 1971 491 2012 tibus.

421 2044 530 2086 Inde
562 2045 817 2101 deliguntur
850 2045 1005 2085 Patres
1040 2044 1116 2099 qui
1149 2043 1409 2085 disserentes
1441 2043 1691 2100 Theologos
1719 2044 1814 2086 dili-

363 2128 516 2179 genter
531 2122 775 2167 observent,
795 2136 842 2161 ac
864 2127 1017 2176 postea
1031 2121 1161 2175 juxta
1182 2134 1331 2160 eorum
1348 2134 1557 2175 responsa
1573 2119 1813 2162 doctrinam

364 2211 411 2236 ac
433 2209 612 2236 canones
631 2199 903 2250 componant,
935 2208 1036 2248 quae
1060 2192 1267 2233 Patribus
1289 2191 1444 2233 deinde
1466 2192 1665 2242 edantur,
1687 2200 1737 2235 ut
1758 2194 1813 2235 ab

363 2268 425 2309 eis
456 2268 695 2309 accuratius
730 2273 883 2308 cuncta
918 2266 1234 2306 examinentur.
1297 2266 1457 2321 Itaque
1489 2266 1706 2322 Theologi
1736 2268 1814 2308 mi-

361 2356 499 2389 nores,
522 2356 619 2382 cum
641 2340 784 2381 multa
807 2338 978 2380 erudite
1005 2345 1246 2393 ornateque
1271 2338 1585 2389 disseruissent,
1608 2340 1815 2396 pluribus

361 2414 603 2456 rationibus
634 2421 679 2455 et
707 2412 1051 2454 authoritatibus
1071 2412 1245 2453 missam
1268 2427 1360 2454 esse
1384 2428 1535 2454 verum
1557 2413 1813 2454 sacrificium

361 2488 673 2540 ostendissent3
715 2487 891 2529 tandem
935 2502 987 2527 cx
1030 2501 1178 2527 eorum
1215 2487 1525 2527 assertionibus
1564 2493 1812 2543 excerptam

362 2563 602 2605 doctrinam
630 2569 673 2605 et
696 2562 894 2604 Canones
916 2560 1078 2617 Legati
1106 2562 1314 2602 Patribus
1335 2560 1636 2602 excutiendam
1656 2576 1813 2618 propo-

361 2644 470 2678 nunt
483 2654 493 2687 3
517 2653 617 2693 quae
639 2636 737 2678 talis
759 2643 865 2678 erat.

404 2740 411 2757 ¹
432 2740 552 2771 Pallav.
565 2741 689 2777 XVII„
701 2740 768 2772 xiii.
781 2740 886 2770 differs
895 2750 913 2769 a
924 2739 1015 2775 little,
1029 2739 1165 2780 perhaps,
1181 2739 1258 2769 from
1270 2739 1319 2770 the
1332 2740 1424 2770 Latin
1437 2739 1618 2770 translation
1629 2738 1722 2778 being
1735 2739 1813 2769 from

359 2789 407 2819 his
422 2802 490 2820 own
500 2790 681 2830 Italiaxunot
699 2790 786 2832 quite
805 2789 932 2829 rightly.
964 2789 1010 2820 He
1021 2789 1076 2820 has
1090 2789 1219 2820 omitted
1233 2789 1282 2819 the
1294 2790 1378 2820 word
1388 2790 1630 2828 propitiatorium
1649 2789 1681 2819 in
1694 2789 1752 2820 No.
1767 2790 1815 2819 13.
