<?xml version="1.0" encoding="UTF-8"?>
<!DOCTYPE html PUBLIC "-//W3C//DTD XHTML 1.0 Transitional//EN"
    "http://www.w3.org/TR/xhtml1/DTD/xhtml1-transitional.dtd">
<html xmlns="http://www.w3.org/1999/xhtml" xml:lang="en" lang="en">
 <head>
  <title>
</title>
<meta http-equiv="Content-Type" content="text/html;charset=utf-8" />
  <meta name='ocr-system' content='tesseract 3.04.00' />
  <meta name='ocr-capabilities' content='ocr_page ocr_carea ocr_par ocr_line ocrx_word'/>
</head>
<body>
  <div class='ocr_page' id='page_1' title='image "actaconciliitrid00paleuoft_0706.png"; bbox 0 0 1905 3254; ppageno 0'>
   <div class='ocr_carea' id='block_1_1' title="bbox 359 270 1198 314">
    <p class='ocr_par' dir='ltr' id='par_1_1' title="bbox 359 270 1198 314">
     <span class='ocr_line' id='line_1_1' title="bbox 359 270 1198 314; baseline 0.005 -6"><span class='ocrx_word' id='word_1_1' title='bbox 359 270 439 309; x_wconf 72' lang='lat'>514</span> <span class='ocrx_word' id='word_1_2' title='bbox 985 284 1093 314; x_wconf 65' lang='lat' dir='ltr'>sess.</span> <span class='ocrx_word' id='word_1_3' title='bbox 1122 284 1198 313; x_wconf 70' lang='lat' dir='ltr'>vn.</span> 
     </span>
    </p>
   </div>
   <div class='ocr_carea' id='block_1_2' title="bbox 361 388 1838 2857">
    <p class='ocr_par' dir='ltr' id='par_1_2' title="bbox 361 388 1822 810">
     <span class='ocr_line' id='line_1_2' title="bbox 361 388 1819 445; baseline -0.001 -15"><span class='ocrx_word' id='word_1_4' title='bbox 361 405 548 445; x_wconf 87' lang='lat' dir='ltr'>cumque</span> <span class='ocrx_word' id='word_1_5' title='bbox 570 389 668 430; x_wconf 90' lang='lat' dir='ltr'>hinc</span> <span class='ocrx_word' id='word_1_6' title='bbox 691 388 746 430; x_wconf 89' lang='lat' dir='ltr'>ad</span> <span class='ocrx_word' id='word_1_7' title='bbox 767 389 940 430; x_wconf 84' lang='lat' dir='ltr'><strong>altiores</strong></span> <span class='ocrx_word' id='word_1_8' title='bbox 973 389 1150 445; x_wconf 84' lang='lat' dir='ltr'>gradus,</span> <span class='ocrx_word' id='word_1_9' title='bbox 1186 394 1229 429; x_wconf 88' lang='lat' dir='ltr'>et</span> <span class='ocrx_word' id='word_1_10' title='bbox 1260 388 1548 429; x_wconf 88' lang='lat' dir='ltr'>sacratissima</span> <span class='ocrx_word' id='word_1_11' title='bbox 1579 388 1819 429; x_wconf 81' lang='lat' dir='ltr'>ministeria</span> 
     </span>
     <span class='ocr_line' id='line_1_3' title="bbox 361 460 1819 516; baseline -0.001 -14"><span class='ocrx_word' id='word_1_12' title='bbox 361 463 415 502; x_wconf 91' lang='lat' dir='ltr'>sit</span> <span class='ocrx_word' id='word_1_13' title='bbox 447 461 669 516; x_wconf 83' lang='lat' dir='ltr'>ingressus</span> <span class='ocrx_word' id='word_1_14' title='bbox 709 475 836 501; x_wconf 87' lang='lat' dir='ltr'>nemo</span> <span class='ocrx_word' id='word_1_15' title='bbox 876 461 929 501; x_wconf 89' lang='lat' dir='ltr'>iis</span> <span class='ocrx_word' id='word_1_16' title='bbox 960 461 1172 509; x_wconf 81' lang='lat' dir='ltr'>initietur,</span> <span class='ocrx_word' id='word_1_17' title='bbox 1212 475 1343 516; x_wconf 90' lang='lat' dir='ltr'>quem</span> <span class='ocrx_word' id='word_1_18' title='bbox 1377 474 1462 500; x_wconf 92' lang='lat' dir='ltr'>non</span> <span class='ocrx_word' id='word_1_19' title='bbox 1497 460 1689 501; x_wconf 80' lang='lat' dir='ltr'>scientiae</span> <span class='ocrx_word' id='word_1_20' title='bbox 1721 474 1819 514; x_wconf 90' lang='lat' dir='ltr'>spes</span> 
     </span>
     <span class='ocr_line' id='line_1_4' title="bbox 361 532 1822 591; baseline -0.001 -16"><span class='ocrx_word' id='word_1_21' title='bbox 361 535 604 591; x_wconf 83' lang='lat' dir='ltr'>majoribus</span> <span class='ocrx_word' id='word_1_22' title='bbox 636 534 864 575; x_wconf 83' lang='lat' dir='ltr'>ordinibus</span> <span class='ocrx_word' id='word_1_23' title='bbox 895 534 1079 590; x_wconf 84' lang='lat' dir='ltr'>dignum</span> <span class='ocrx_word' id='word_1_24' title='bbox 1112 533 1325 574; x_wconf 88' lang='lat' dir='ltr'>ostendat.</span> <span class='ocrx_word' id='word_1_25' title='bbox 1390 532 1456 572; x_wconf 79' lang='lat' dir='ltr'>Hi</span> <span class='ocrx_word' id='word_1_26' title='bbox 1488 548 1590 574; x_wconf 75' lang='lat' dir='ltr'>vero</span> <span class='ocrx_word' id='word_1_27' title='bbox 1621 548 1706 573; x_wconf 90' lang='lat' dir='ltr'>non</span> <span class='ocrx_word' id='word_1_28' title='bbox 1740 534 1822 574; x_wconf 90' lang='lat' dir='ltr'>nisi</span> 
     </span>
     <span class='ocr_line' id='line_1_5' title="bbox 361 606 1820 664; baseline -0.002 -15"><span class='ocrx_word' id='word_1_29' title='bbox 361 615 461 664; x_wconf 89' lang='lat' dir='ltr'>post</span> <span class='ocrx_word' id='word_1_30' title='bbox 483 623 643 649; x_wconf 86' lang='lat' dir='ltr'>annum</span> <span class='ocrx_word' id='word_1_31' title='bbox 677 623 701 648; x_wconf 87' lang='lat' dir='ltr'>a</span> <span class='ocrx_word' id='word_1_32' title='bbox 732 608 1003 663; x_wconf 80' lang='lat' dir='ltr'>susceptione</span> <span class='ocrx_word' id='word_1_33' title='bbox 1034 607 1241 663; x_wconf 80' lang='lat' dir='ltr'>postremi</span> <span class='ocrx_word' id='word_1_34' title='bbox 1275 606 1438 663; x_wconf 81' lang='lat' dir='ltr'>gradus</span> <span class='ocrx_word' id='word_1_35' title='bbox 1468 606 1687 646; x_wconf 87' lang='lat' dir='ltr'>minorum</span> <span class='ocrx_word' id='word_1_36' title='bbox 1709 606 1820 647; x_wconf 90' lang='lat' dir='ltr'>ordi-</span> 
     </span>
     <span class='ocr_line' id='line_1_6' title="bbox 361 680 1821 737; baseline -0.002 -15"><span class='ocrx_word' id='word_1_37' title='bbox 361 697 466 723; x_wconf 86' lang='lat' dir='ltr'>num</span> <span class='ocrx_word' id='word_1_38' title='bbox 499 682 554 722; x_wconf 90' lang='lat' dir='ltr'>ad</span> <span class='ocrx_word' id='word_1_39' title='bbox 587 696 729 722; x_wconf 85' lang='lat' dir='ltr'>sacros</span> <span class='ocrx_word' id='word_1_40' title='bbox 761 681 950 723; x_wconf 82' lang='lat' dir='ltr'>Ordines</span> <span class='ocrx_word' id='word_1_41' title='bbox 982 686 1333 737; x_wconf 88' lang='lat' dir='ltr'>promoveantur,</span> <span class='ocrx_word' id='word_1_42' title='bbox 1367 680 1451 719; x_wconf 91' lang='lat' dir='ltr'>nisi</span> <span class='ocrx_word' id='word_1_43' title='bbox 1477 680 1712 720; x_wconf 80' lang='lat' dir='ltr'>necessitas</span> <span class='ocrx_word' id='word_1_44' title='bbox 1745 686 1821 720; x_wconf 91' lang='lat' dir='ltr'>aut</span> 
     </span>
     <span class='ocr_line' id='line_1_7' title="bbox 362 752 1569 810; baseline -0.004 -14"><span class='ocrx_word' id='word_1_45' title='bbox 362 755 572 796; x_wconf 72' lang='lat' dir='ltr'>Ecclesiae</span> <span class='ocrx_word' id='word_1_46' title='bbox 596 754 766 795; x_wconf 85' lang='lat' dir='ltr'>utilitas</span> <span class='ocrx_word' id='word_1_47' title='bbox 789 754 955 810; x_wconf 86' lang='lat' dir='ltr'>judicio</span> <span class='ocrx_word' id='word_1_48' title='bbox 976 753 1187 809; x_wconf 84' lang='lat' dir='ltr'>Episcopi</span> <span class='ocrx_word' id='word_1_49' title='bbox 1211 752 1333 793; x_wconf 87' lang='lat' dir='ltr'>aliud</span> <span class='ocrx_word' id='word_1_50' title='bbox 1355 758 1569 807; x_wconf 82' lang='lat' dir='ltr'>exposcat.</span> 
     </span>
    </p>

    <p class='ocr_par' dir='ltr' id='par_1_3' title="bbox 362 824 1824 1462">
     <span class='ocr_line' id='line_1_8' title="bbox 424 824 1823 881; baseline -0.001 -15"><span class='ocrx_word' id='word_1_51' title='bbox 424 827 490 868; x_wconf 76' lang='lat'>12.</span> <span class='ocrx_word' id='word_1_52' title='bbox 525 828 683 867; x_wconf 84' lang='lat' dir='ltr'>Sancta</span> <span class='ocrx_word' id='word_1_53' title='bbox 716 826 916 881; x_wconf 68' lang='lat' dir='ltr'>Synodus</span> <span class='ocrx_word' id='word_1_54' title='bbox 949 825 1264 867; x_wconf 88' lang='lat' dir='ltr'>Constitutioni</span> <span class='ocrx_word' id='word_1_55' title='bbox 1293 824 1531 865; x_wconf 87' lang='lat' dir='ltr'>Clementis</span> <span class='ocrx_word' id='word_1_56' title='bbox 1557 824 1602 865; x_wconf 89' lang='lat' dir='ltr'>in</span> <span class='ocrx_word' id='word_1_57' title='bbox 1627 824 1823 866; x_wconf 85' lang='lat' dir='ltr'>Concilio</span> 
     </span>
     <span class='ocr_line' id='line_1_9' title="bbox 362 894 1822 951; baseline -0.003 -12"><span class='ocrx_word' id='word_1_58' title='bbox 362 898 601 939; x_wconf 89' lang='lat' dir='ltr'>Viennensi</span> <span class='ocrx_word' id='word_1_59' title='bbox 628 896 881 937; x_wconf 87' lang='lat' dir='ltr'>inhaerendo</span> <span class='ocrx_word' id='word_1_60' title='bbox 914 897 1122 945; x_wconf 82' lang='lat' dir='ltr'>decernit,</span> <span class='ocrx_word' id='word_1_61' title='bbox 1158 904 1209 938; x_wconf 90' lang='lat' dir='ltr'>ut</span> <span class='ocrx_word' id='word_1_62' title='bbox 1230 896 1327 951; x_wconf 91' lang='lat' dir='ltr'>quis</span> <span class='ocrx_word' id='word_1_63' title='bbox 1359 895 1415 936; x_wconf 88' lang='lat' dir='ltr'>ad</span> <span class='ocrx_word' id='word_1_64' title='bbox 1444 895 1615 936; x_wconf 84' lang='lat' dir='ltr'>ordines</span> <span class='ocrx_word' id='word_1_65' title='bbox 1648 894 1822 936; x_wconf 86' lang='lat' dir='ltr'>subdia-</span> 
     </span>
     <span class='ocr_line' id='line_1_10' title="bbox 363 969 1824 1025; baseline -0.001 -14"><span class='ocrx_word' id='word_1_66' title='bbox 363 977 544 1012; x_wconf 84' lang='lat' dir='ltr'>conatus</span> <span class='ocrx_word' id='word_1_67' title='bbox 566 971 611 1010; x_wconf 89' lang='grc'>111</span> <span class='ocrx_word' id='word_1_68' title='bbox 630 971 695 1017; x_wconf 84' lang='grc'>18,</span> <span class='ocrx_word' id='word_1_69' title='bbox 714 969 986 1011; x_wconf 90' lang='lat' dir='ltr'>Diaconatus</span> <span class='ocrx_word' id='word_1_70' title='bbox 1007 970 1052 1010; x_wconf 89' lang='lat' dir='ltr'>in</span> <span class='ocrx_word' id='word_1_71' title='bbox 1074 970 1142 1017; x_wconf 70' lang='grc' dir='ltr'>ΞΟ,</span> <span class='ocrx_word' id='word_1_72' title='bbox 1166 970 1501 1025; x_wconf 70' lang='lat' dir='ltr'>Presbyteratus</span> <span class='ocrx_word' id='word_1_73' title='bbox 1522 969 1567 1009; x_wconf 88' lang='lat' dir='ltr'>in</span> <span class='ocrx_word' id='word_1_74' title='bbox 1590 969 1658 1018; x_wconf 74' lang='lat'>25,</span> <span class='ocrx_word' id='word_1_75' title='bbox 1683 969 1824 1009; x_wconf 84' lang='lat' dir='ltr'>aetatis</span> 
     </span>
     <span class='ocr_line' id='line_1_11' title="bbox 362 1043 1823 1098; baseline -0.001 -14"><span class='ocrx_word' id='word_1_76' title='bbox 362 1059 455 1085; x_wconf 85' lang='lat' dir='ltr'>suae</span> <span class='ocrx_word' id='word_1_77' title='bbox 492 1058 602 1084; x_wconf 87' lang='lat' dir='ltr'>anno</span> <span class='ocrx_word' id='word_1_78' title='bbox 638 1044 778 1098; x_wconf 84' lang='lat' dir='ltr'>possit</span> <span class='ocrx_word' id='word_1_79' title='bbox 818 1044 1094 1098; x_wconf 74' lang='lat' dir='ltr'>promoveri3</span> <span class='ocrx_word' id='word_1_80' title='bbox 1141 1043 1277 1084; x_wconf 88' lang='lat' dir='ltr'>sciant</span> <span class='ocrx_word' id='word_1_81' title='bbox 1311 1048 1458 1084; x_wconf 86' lang='lat' dir='ltr'>tamen</span> <span class='ocrx_word' id='word_1_82' title='bbox 1494 1043 1706 1098; x_wconf 86' lang='lat' dir='ltr'>Episcopi</span> <span class='ocrx_word' id='word_1_83' title='bbox 1740 1057 1823 1083; x_wconf 91' lang='lat' dir='ltr'>non</span> 
     </span>
     <span class='ocr_line' id='line_1_12' title="bbox 363 1115 1823 1174; baseline -0.001 -16"><span class='ocrx_word' id='word_1_84' title='bbox 363 1117 560 1174; x_wconf 84' lang='lat' dir='ltr'>singulos</span> <span class='ocrx_word' id='word_1_85' title='bbox 601 1117 645 1157; x_wconf 93' lang='lat' dir='ltr'>in</span> <span class='ocrx_word' id='word_1_86' title='bbox 687 1132 738 1157; x_wconf 89' lang='lat' dir='ltr'>ea</span> <span class='ocrx_word' id='word_1_87' title='bbox 777 1124 905 1157; x_wconf 80' lang='lat' dir='ltr'>aetate</span> <span class='ocrx_word' id='word_1_88' title='bbox 942 1117 1200 1157; x_wconf 87' lang='lat' dir='ltr'>constitutos</span> <span class='ocrx_word' id='word_1_89' title='bbox 1240 1116 1398 1158; x_wconf 88' lang='lat' dir='ltr'>debere</span> <span class='ocrx_word' id='word_1_90' title='bbox 1440 1117 1495 1158; x_wconf 90' lang='lat' dir='ltr'>ad</span> <span class='ocrx_word' id='word_1_91' title='bbox 1534 1116 1612 1157; x_wconf 91' lang='lat' dir='ltr'>hos</span> <span class='ocrx_word' id='word_1_92' title='bbox 1653 1115 1823 1157; x_wconf 84' lang='lat' dir='ltr'>ordines</span> 
     </span>
     <span class='ocr_line' id='line_1_13' title="bbox 363 1188 1823 1245; baseline -0.001 -15"><span class='ocrx_word' id='word_1_93' title='bbox 363 1191 539 1238; x_wconf 84' lang='lat' dir='ltr'>assumi,</span> <span class='ocrx_word' id='word_1_94' title='bbox 572 1188 648 1230; x_wconf 89' lang='lat' dir='ltr'>sed</span> <span class='ocrx_word' id='word_1_95' title='bbox 675 1189 830 1245; x_wconf 83' lang='lat' dir='ltr'>dignos</span> <span class='ocrx_word' id='word_1_96' title='bbox 862 1189 1106 1234; x_wconf 81' lang='lat' dir='ltr'>dumtaxat,</span> <span class='ocrx_word' id='word_1_97' title='bbox 1139 1195 1182 1229; x_wconf 88' lang='lat' dir='ltr'>ct</span> <span class='ocrx_word' id='word_1_98' title='bbox 1204 1204 1391 1244; x_wconf 85' lang='lat' dir='ltr'>quorum</span> <span class='ocrx_word' id='word_1_99' title='bbox 1424 1189 1612 1245; x_wconf 86' lang='lat' dir='ltr'>probata</span> <span class='ocrx_word' id='word_1_100' title='bbox 1638 1189 1730 1230; x_wconf 87' lang='lat' dir='ltr'>vita</span> <span class='ocrx_word' id='word_1_101' title='bbox 1761 1203 1823 1229; x_wconf 88' lang='lat' dir='ltr'>se-</span> 
     </span>
     <span class='ocr_line' id='line_1_14' title="bbox 362 1261 1823 1317; baseline 0 -14"><span class='ocrx_word' id='word_1_102' title='bbox 362 1269 512 1303; x_wconf 87' lang='lat' dir='ltr'>nectus</span> <span class='ocrx_word' id='word_1_103' title='bbox 543 1263 610 1310; x_wconf 89' lang='lat' dir='ltr'>sit,</span> <span class='ocrx_word' id='word_1_104' title='bbox 647 1261 857 1302; x_wconf 85' lang='lat' dir='ltr'>mandans</span> <span class='ocrx_word' id='word_1_105' title='bbox 890 1269 940 1302; x_wconf 91' lang='lat' dir='ltr'>ut</span> <span class='ocrx_word' id='word_1_106' title='bbox 962 1262 1188 1317; x_wconf 83' lang='lat' dir='ltr'>regulares</span> <span class='ocrx_word' id='word_1_107' title='bbox 1218 1277 1294 1302; x_wconf 92' lang='lat' dir='ltr'>nec</span> <span class='ocrx_word' id='word_1_108' title='bbox 1316 1262 1361 1302; x_wconf 90' lang='lat' dir='ltr'>in</span> <span class='ocrx_word' id='word_1_109' title='bbox 1393 1262 1551 1302; x_wconf 87' lang='lat' dir='ltr'>minori</span> <span class='ocrx_word' id='word_1_110' title='bbox 1582 1268 1724 1310; x_wconf 83' lang='lat' dir='ltr'>aetate,</span> <span class='ocrx_word' id='word_1_111' title='bbox 1748 1277 1823 1303; x_wconf 88' lang='lat' dir='ltr'>nec</span> 
     </span>
     <span class='ocr_line' id='line_1_15' title="bbox 364 1333 1823 1390; baseline 0 -16"><span class='ocrx_word' id='word_1_112' title='bbox 364 1335 455 1375; x_wconf 90' lang='lat' dir='ltr'>sine</span> <span class='ocrx_word' id='word_1_113' title='bbox 477 1334 680 1389; x_wconf 83' lang='lat' dir='ltr'>diligenti</span> <span class='ocrx_word' id='word_1_114' title='bbox 710 1333 923 1388; x_wconf 89' lang='lat' dir='ltr'>Episcopi</span> <span class='ocrx_word' id='word_1_115' title='bbox 955 1334 1154 1374; x_wconf 82' lang='lat' dir='ltr'>examine</span> <span class='ocrx_word' id='word_1_116' title='bbox 1186 1334 1375 1374; x_wconf 87' lang='lat' dir='ltr'>debeant</span> <span class='ocrx_word' id='word_1_117' title='bbox 1408 1334 1666 1390; x_wconf 87' lang='lat' dir='ltr'>promoveri,</span> <span class='ocrx_word' id='word_1_118' title='bbox 1691 1334 1823 1390; x_wconf 89' lang='lat' dir='ltr'>privi-</span> 
     </span>
     <span class='ocr_line' id='line_1_16' title="bbox 362 1405 1541 1462; baseline -0.001 -15"><span class='ocrx_word' id='word_1_119' title='bbox 362 1406 492 1462; x_wconf 84' lang='lat' dir='ltr'>legiis</span> <span class='ocrx_word' id='word_1_120' title='bbox 515 1406 858 1461; x_wconf 87' lang='lat' dir='ltr'>quibuscunque</span> <span class='ocrx_word' id='word_1_121' title='bbox 881 1405 1027 1461; x_wconf 86' lang='lat' dir='ltr'>quoad</span> <span class='ocrx_word' id='word_1_122' title='bbox 1046 1405 1125 1447; x_wconf 93' lang='lat' dir='ltr'>hoc</span> <span class='ocrx_word' id='word_1_123' title='bbox 1147 1406 1323 1462; x_wconf 83' lang='lat' dir='ltr'>penitus</span> <span class='ocrx_word' id='word_1_124' title='bbox 1343 1406 1541 1446; x_wconf 83' lang='lat' dir='ltr'>exclusis.</span> 
     </span>
    </p>

    <p class='ocr_par' dir='ltr' id='par_1_4' title="bbox 362 1478 1838 2416">
     <span class='ocr_line' id='line_1_17' title="bbox 427 1478 1823 1534; baseline 0 -14"><span class='ocrx_word' id='word_1_125' title='bbox 427 1480 530 1534; x_wconf 64' lang='lat'>[13]</span> <span class='ocrx_word' id='word_1_126' title='bbox 568 1478 833 1520; x_wconf 87' lang='lat' dir='ltr'>Subdiaconi</span> <span class='ocrx_word' id='word_1_127' title='bbox 856 1486 898 1520; x_wconf 87' lang='lat' dir='ltr'>et</span> <span class='ocrx_word' id='word_1_128' title='bbox 921 1479 1107 1520; x_wconf 86' lang='lat' dir='ltr'>Diaconi</span> <span class='ocrx_word' id='word_1_129' title='bbox 1136 1478 1389 1520; x_wconf 88' lang='lat' dir='ltr'>ordinentur</span> <span class='ocrx_word' id='word_1_130' title='bbox 1415 1478 1628 1520; x_wconf 86' lang='lat' dir='ltr'>habentes</span> <span class='ocrx_word' id='word_1_131' title='bbox 1660 1480 1823 1520; x_wconf 88' lang='lat' dir='ltr'>bonum</span> 
     </span>
     <span class='ocr_line' id='line_1_18' title="bbox 364 1552 1825 1608; baseline 0.001 -15"><span class='ocrx_word' id='word_1_132' title='bbox 364 1553 672 1599; x_wconf 88' lang='lat' dir='ltr'>testimonium,</span> <span class='ocrx_word' id='word_1_133' title='bbox 715 1559 760 1593; x_wconf 91' lang='lat' dir='ltr'>et</span> <span class='ocrx_word' id='word_1_134' title='bbox 795 1553 840 1592; x_wconf 89' lang='lat' dir='ltr'>in</span> <span class='ocrx_word' id='word_1_135' title='bbox 876 1552 1121 1592; x_wconf 89' lang='lat' dir='ltr'>minoribus</span> <span class='ocrx_word' id='word_1_136' title='bbox 1162 1552 1388 1592; x_wconf 89' lang='lat' dir='ltr'>ordinibus</span> <span class='ocrx_word' id='word_1_137' title='bbox 1422 1554 1513 1608; x_wconf 79' lang='lat' dir='ltr'>jain</span> <span class='ocrx_word' id='word_1_138' title='bbox 1553 1553 1744 1608; x_wconf 85' lang='lat' dir='ltr'>probati,</span> <span class='ocrx_word' id='word_1_139' title='bbox 1777 1569 1825 1594; x_wconf 88' lang='lat' dir='ltr'>ac</span> 
     </span>
     <span class='ocr_line' id='line_1_19' title="bbox 362 1617 1823 1682; baseline 0.002 -17"><span class='ocrx_word' id='word_1_140' title='bbox 362 1626 512 1673; x_wconf 82' lang='lat' dir='ltr'>literis,</span> <span class='ocrx_word' id='word_1_141' title='bbox 545 1624 690 1674; x_wconf 87' lang='lat' dir='ltr'>ethis,</span> <span class='ocrx_word' id='word_1_142' title='bbox 715 1640 815 1680; x_wconf 80' lang='lat' dir='ltr'>quae</span> <span class='ocrx_word' id='word_1_143' title='bbox 850 1625 905 1666; x_wconf 86' lang='lat' dir='ltr'>ad</span> <span class='ocrx_word' id='word_1_144' title='bbox 938 1625 1136 1666; x_wconf 88' lang='lat' dir='ltr'>ordinem</span> <span class='ocrx_word' id='word_1_145' title='bbox 1169 1625 1460 1667; x_wconf 84' lang='lat' dir='ltr'>exercendum</span> <span class='ocrx_word' id='word_1_146' title='bbox 1493 1617 1729 1682; x_wconf 84' lang='lat' dir='ltr'>pertinent,</span> <span class='ocrx_word' id='word_1_147' title='bbox 1761 1627 1823 1668; x_wconf 90' lang='lat' dir='ltr'>in-</span> 
     </span>
     <span class='ocr_line' id='line_1_20' title="bbox 363 1697 1822 1755; baseline 0.002 -17"><span class='ocrx_word' id='word_1_148' title='bbox 363 1699 528 1747; x_wconf 80' lang='lat' dir='ltr'>structi,</span> <span class='ocrx_word' id='word_1_149' title='bbox 553 1699 631 1754; x_wconf 90' lang='lat' dir='ltr'>qui</span> <span class='ocrx_word' id='word_1_150' title='bbox 660 1706 854 1754; x_wconf 89' lang='lat' dir='ltr'>sperant,</span> <span class='ocrx_word' id='word_1_151' title='bbox 878 1699 976 1739; x_wconf 92' lang='lat' dir='ltr'>Deo</span> <span class='ocrx_word' id='word_1_152' title='bbox 1011 1697 1209 1747; x_wconf 79' lang='lat' dir='ltr'>authore,</span> <span class='ocrx_word' id='word_1_153' title='bbox 1239 1714 1284 1740; x_wconf 91' lang='lat' dir='ltr'>se</span> <span class='ocrx_word' id='word_1_154' title='bbox 1319 1699 1535 1741; x_wconf 88' lang='lat' dir='ltr'>continere</span> <span class='ocrx_word' id='word_1_155' title='bbox 1571 1715 1710 1755; x_wconf 88' lang='lat' dir='ltr'>posse,</span> <span class='ocrx_word' id='word_1_156' title='bbox 1740 1700 1822 1741; x_wconf 87' lang='lat' dir='ltr'>Ec-</span> 
     </span>
     <span class='ocr_line' id='line_1_21' title="bbox 363 1771 1823 1829; baseline 0.003 -18"><span class='ocrx_word' id='word_1_157' title='bbox 363 1771 514 1819; x_wconf 90' lang='lat' dir='ltr'>clesiis,</span> <span class='ocrx_word' id='word_1_158' title='bbox 547 1771 710 1827; x_wconf 90' lang='lat' dir='ltr'>quibus</span> <span class='ocrx_word' id='word_1_159' title='bbox 745 1771 1059 1820; x_wconf 82' lang='lat' dir='ltr'>adscribentur,</span> <span class='ocrx_word' id='word_1_160' title='bbox 1090 1772 1355 1823; x_wconf 70' lang='lat' dir='ltr'>inserviant,</span> <span class='ocrx_word' id='word_1_161' title='bbox 1389 1773 1615 1829; x_wconf 88' lang='lat' dir='ltr'>sciantque</span> <span class='ocrx_word' id='word_1_162' title='bbox 1638 1774 1823 1815; x_wconf 83' lang='lat' dir='ltr'>maxime</span> 
     </span>
     <span class='ocr_line' id='line_1_22' title="bbox 363 1845 1823 1896; baseline 0.002 -11"><span class='ocrx_word' id='word_1_163' title='bbox 363 1845 529 1893; x_wconf 88' lang='lat' dir='ltr'>decere,</span> <span class='ocrx_word' id='word_1_164' title='bbox 572 1845 608 1886; x_wconf 92' lang='lat' dir='ltr'>si</span> <span class='ocrx_word' id='word_1_165' title='bbox 647 1845 803 1886; x_wconf 88' lang='lat' dir='ltr'>saltem</span> <span class='ocrx_word' id='word_1_166' title='bbox 845 1845 1003 1886; x_wconf 88' lang='lat' dir='ltr'>diebus</span> <span class='ocrx_word' id='word_1_167' title='bbox 1043 1845 1281 1886; x_wconf 89' lang='lat' dir='ltr'>Dominicis</span> <span class='ocrx_word' id='word_1_168' title='bbox 1322 1853 1368 1886; x_wconf 92' lang='lat' dir='ltr'>et</span> <span class='ocrx_word' id='word_1_169' title='bbox 1407 1847 1683 1896; x_wconf 83' lang='lat' dir='ltr'>solemnibus,</span> <span class='ocrx_word' id='word_1_170' title='bbox 1727 1862 1823 1888; x_wconf 91' lang='lat' dir='ltr'>cum</span> 
     </span>
     <span class='ocr_line' id='line_1_23' title="bbox 364 1918 1821 1976; baseline 0.001 -18"><span class='ocrx_word' id='word_1_171' title='bbox 364 1918 512 1959; x_wconf 89' lang='lat' dir='ltr'>Altari</span> <span class='ocrx_word' id='word_1_172' title='bbox 553 1919 911 1966; x_wconf 86' lang='lat' dir='ltr'>ministraverint,</span> <span class='ocrx_word' id='word_1_173' title='bbox 956 1933 1121 1959; x_wconf 88' lang='lat' dir='ltr'>sacram</span> <span class='ocrx_word' id='word_1_174' title='bbox 1161 1920 1501 1961; x_wconf 90' lang='lat' dir='ltr'>communionem</span> <span class='ocrx_word' id='word_1_175' title='bbox 1533 1921 1821 1976; x_wconf 86' lang='lat' dir='ltr'>perceperint.</span> 
     </span>
     <span class='ocr_line' id='line_1_24' title="bbox 363 1992 1823 2050; baseline 0 -15"><span class='ocrx_word' id='word_1_176' title='bbox 363 1994 559 2035; x_wconf 88' lang='lat' dir='ltr'>Promoti</span> <span class='ocrx_word' id='word_1_177' title='bbox 592 1992 648 2034; x_wconf 89' lang='lat' dir='ltr'>ad</span> <span class='ocrx_word' id='word_1_178' title='bbox 680 2008 851 2034; x_wconf 89' lang='lat' dir='ltr'>sacrum</span> <span class='ocrx_word' id='word_1_179' title='bbox 884 1992 1226 2034; x_wconf 88' lang='lat' dir='ltr'>subdiaconatus</span> <span class='ocrx_word' id='word_1_180' title='bbox 1257 1993 1466 2041; x_wconf 88' lang='lat' dir='ltr'>ordinem,</span> <span class='ocrx_word' id='word_1_181' title='bbox 1499 1995 1534 2034; x_wconf 91' lang='lat' dir='ltr'>si</span> <span class='ocrx_word' id='word_1_182' title='bbox 1555 2009 1634 2050; x_wconf 91' lang='lat' dir='ltr'>per</span> <span class='ocrx_word' id='word_1_183' title='bbox 1663 2009 1823 2035; x_wconf 91' lang='lat' dir='ltr'>annum</span> 
     </span>
     <span class='ocr_line' id='line_1_25' title="bbox 363 2066 1823 2122; baseline 0 -15"><span class='ocrx_word' id='word_1_184' title='bbox 363 2067 516 2107; x_wconf 87' lang='lat' dir='ltr'>saltem</span> <span class='ocrx_word' id='word_1_185' title='bbox 537 2066 581 2106; x_wconf 85' lang='lat' dir='ltr'>in</span> <span class='ocrx_word' id='word_1_186' title='bbox 598 2081 648 2107; x_wconf 90' lang='lat' dir='ltr'>eo</span> <span class='ocrx_word' id='word_1_187' title='bbox 669 2080 755 2106; x_wconf 92' lang='lat' dir='ltr'>non</span> <span class='ocrx_word' id='word_1_188' title='bbox 776 2066 863 2107; x_wconf 92' lang='lat' dir='ltr'>sint</span> <span class='ocrx_word' id='word_1_189' title='bbox 881 2067 1058 2115; x_wconf 79' lang='lat' dir='ltr'>versati,</span> <span class='ocrx_word' id='word_1_190' title='bbox 1082 2066 1138 2107; x_wconf 90' lang='lat' dir='ltr'>ad</span> <span class='ocrx_word' id='word_1_191' title='bbox 1159 2066 1359 2108; x_wconf 87' lang='lat' dir='ltr'>altiorem</span> <span class='ocrx_word' id='word_1_192' title='bbox 1382 2067 1582 2122; x_wconf 85' lang='lat' dir='ltr'>gradum,</span> <span class='ocrx_word' id='word_1_193' title='bbox 1604 2067 1687 2108; x_wconf 89' lang='lat' dir='ltr'>nisi</span> <span class='ocrx_word' id='word_1_194' title='bbox 1704 2066 1823 2108; x_wconf 87' lang='lat' dir='ltr'>aliud</span> 
     </span>
     <span class='ocr_line' id='line_1_26' title="bbox 362 2139 1822 2196; baseline 0 -14"><span class='ocrx_word' id='word_1_195' title='bbox 362 2140 586 2196; x_wconf 90' lang='lat' dir='ltr'>Episcopo</span> <span class='ocrx_word' id='word_1_196' title='bbox 608 2139 823 2187; x_wconf 85' lang='lat' dir='ltr'>videatur,</span> <span class='ocrx_word' id='word_1_197' title='bbox 861 2140 1091 2180; x_wconf 89' lang='lat' dir='ltr'>ascendere</span> <span class='ocrx_word' id='word_1_198' title='bbox 1121 2155 1206 2180; x_wconf 92' lang='lat' dir='ltr'>non</span> <span class='ocrx_word' id='word_1_199' title='bbox 1227 2141 1552 2195; x_wconf 85' lang='lat' dir='ltr'>permittantur.</span> <span class='ocrx_word' id='word_1_200' title='bbox 1617 2141 1739 2181; x_wconf 88' lang='lat' dir='ltr'>Sacri</span> <span class='ocrx_word' id='word_1_201' title='bbox 1761 2155 1822 2182; x_wconf 87' lang='lat' dir='ltr'>or-</span> 
     </span>
     <span class='ocr_line' id='line_1_27' title="bbox 363 2212 1822 2270; baseline 0 -15"><span class='ocrx_word' id='word_1_202' title='bbox 363 2214 486 2255; x_wconf 86' lang='lat' dir='ltr'>dines</span> <span class='ocrx_word' id='word_1_203' title='bbox 517 2228 603 2254; x_wconf 90' lang='lat' dir='ltr'>non</span> <span class='ocrx_word' id='word_1_204' title='bbox 636 2213 788 2254; x_wconf 88' lang='lat' dir='ltr'>eodem</span> <span class='ocrx_word' id='word_1_205' title='bbox 817 2212 887 2253; x_wconf 89' lang='lat' dir='ltr'>die</span> <span class='ocrx_word' id='word_1_206' title='bbox 919 2214 1051 2253; x_wconf 87' lang='lat' dir='ltr'>etiam</span> <span class='ocrx_word' id='word_1_207' title='bbox 1074 2213 1374 2268; x_wconf 84' lang='lat' dir='ltr'>Regularibus</span> <span class='ocrx_word' id='word_1_208' title='bbox 1410 2214 1701 2263; x_wconf 87' lang='lat' dir='ltr'>conferantur,</span> <span class='ocrx_word' id='word_1_209' title='bbox 1737 2214 1822 2270; x_wconf 89' lang='lat' dir='ltr'>pri-</span> 
     </span>
     <span class='ocr_line' id='line_1_28' title="bbox 364 2286 1838 2344; baseline 0 -16"><span class='ocrx_word' id='word_1_210' title='bbox 364 2288 542 2344; x_wconf 85' lang='lat' dir='ltr'>vilegiis</span> <span class='ocrx_word' id='word_1_211' title='bbox 564 2302 612 2328; x_wconf 89' lang='lat' dir='ltr'>ac</span> <span class='ocrx_word' id='word_1_212' title='bbox 631 2286 812 2328; x_wconf 88' lang='lat' dir='ltr'>indultis</span> <span class='ocrx_word' id='word_1_213' title='bbox 833 2286 1064 2342; x_wconf 82' lang='lat' dir='ltr'>quibusvis</span> <span class='ocrx_word' id='word_1_214' title='bbox 1086 2287 1293 2327; x_wconf 86' lang='lat' dir='ltr'>concessis</span> <span class='ocrx_word' id='word_1_215' title='bbox 1323 2301 1408 2327; x_wconf 91' lang='lat' dir='ltr'>non</span> <span class='ocrx_word' id='word_1_216' title='bbox 1430 2287 1705 2329; x_wconf 87' lang='lat' dir='ltr'>obstantibus</span> <span class='ocrx_word' id='word_1_217' title='bbox 1728 2287 1838 2343; x_wconf 30' lang='lat' dir='ltr'>qui-⁷</span> 
     </span>
     <span class='ocr_line' id='line_1_29' title="bbox 363 2361 638 2416; baseline -0.004 -13"><span class='ocrx_word' id='word_1_218' title='bbox 363 2361 638 2416; x_wconf 82' lang='lat' dir='ltr'>buscunque.</span> 
     </span>
    </p>

    <p class='ocr_par' dir='ltr' id='par_1_5' title="bbox 361 2431 1821 2857">
     <span class='ocr_line' id='line_1_30' title="bbox 426 2431 1819 2490; baseline 0.001 -17"><span class='ocrx_word' id='word_1_219' title='bbox 426 2435 489 2474; x_wconf 83' lang='lat'>14.</span> <span class='ocrx_word' id='word_1_220' title='bbox 524 2434 615 2483; x_wconf 86' lang='lat' dir='ltr'>Qui</span> <span class='ocrx_word' id='word_1_221' title='bbox 635 2433 708 2488; x_wconf 90' lang='lat' dir='ltr'>pie</span> <span class='ocrx_word' id='word_1_222' title='bbox 730 2438 774 2474; x_wconf 92' lang='lat' dir='ltr'>et</span> <span class='ocrx_word' id='word_1_223' title='bbox 793 2432 982 2473; x_wconf 88' lang='lat' dir='ltr'>fideliter</span> <span class='ocrx_word' id='word_1_224' title='bbox 1012 2432 1057 2472; x_wconf 88' lang='lat' dir='ltr'>in</span> <span class='ocrx_word' id='word_1_225' title='bbox 1079 2431 1328 2473; x_wconf 88' lang='lat' dir='ltr'>ministeriis</span> <span class='ocrx_word' id='word_1_226' title='bbox 1361 2434 1567 2474; x_wconf 86' lang='lat' dir='ltr'>anteactis</span> <span class='ocrx_word' id='word_1_227' title='bbox 1600 2448 1645 2475; x_wconf 92' lang='lat' dir='ltr'>se</span> <span class='ocrx_word' id='word_1_228' title='bbox 1681 2448 1819 2490; x_wconf 88' lang='lat' dir='ltr'>gesse-</span> 
     </span>
     <span class='ocr_line' id='line_1_31' title="bbox 361 2504 1821 2562; baseline 0 -14"><span class='ocrx_word' id='word_1_229' title='bbox 361 2507 464 2555; x_wconf 88' lang='lat' dir='ltr'>rint,</span> <span class='ocrx_word' id='word_1_230' title='bbox 484 2506 539 2547; x_wconf 89' lang='lat' dir='ltr'>ad</span> <span class='ocrx_word' id='word_1_231' title='bbox 556 2507 894 2562; x_wconf 79' lang='lat' dir='ltr'>Presbyteratus</span> <span class='ocrx_word' id='word_1_232' title='bbox 914 2504 1107 2546; x_wconf 89' lang='lat' dir='ltr'>ordinem</span> <span class='ocrx_word' id='word_1_233' title='bbox 1126 2512 1425 2555; x_wconf 72' lang='lat' dir='ltr'>assumantur,</span> <span class='ocrx_word' id='word_1_234' title='bbox 1448 2507 1612 2548; x_wconf 90' lang='lat' dir='ltr'>bonum</span> <span class='ocrx_word' id='word_1_235' title='bbox 1629 2507 1821 2548; x_wconf 88' lang='lat' dir='ltr'>habeant</span> 
     </span>
     <span class='ocr_line' id='line_1_32' title="bbox 363 2579 1820 2637; baseline -0.001 -15"><span class='ocrx_word' id='word_1_236' title='bbox 363 2581 688 2630; x_wconf 72' lang='lat' dir='ltr'>testimonium3</span> <span class='ocrx_word' id='word_1_237' title='bbox 721 2581 798 2620; x_wconf 85' lang='lat' dir='ltr'>uni</span> <span class='ocrx_word' id='word_1_238' title='bbox 820 2587 966 2621; x_wconf 89' lang='lat' dir='ltr'>tamen</span> <span class='ocrx_word' id='word_1_239' title='bbox 986 2579 1197 2620; x_wconf 82' lang='lat' dir='ltr'>Ecclesiae</span> <span class='ocrx_word' id='word_1_240' title='bbox 1219 2580 1304 2620; x_wconf 89' lang='lat' dir='ltr'>sint</span> <span class='ocrx_word' id='word_1_241' title='bbox 1325 2579 1498 2621; x_wconf 75' lang='lat' dir='ltr'>addicti.</span> <span class='ocrx_word' id='word_1_242' title='bbox 1559 2581 1623 2622; x_wconf 91' lang='lat' dir='ltr'>Et</span> <span class='ocrx_word' id='word_1_243' title='bbox 1641 2581 1716 2637; x_wconf 91' lang='lat' dir='ltr'>qui</span> <span class='ocrx_word' id='word_1_244' title='bbox 1735 2595 1820 2622; x_wconf 88' lang='lat' dir='ltr'>non</span> 
     </span>
     <span class='ocr_line' id='line_1_33' title="bbox 362 2652 1818 2710; baseline 0 -15"><span class='ocrx_word' id='word_1_245' title='bbox 362 2653 491 2695; x_wconf 87' lang='lat' dir='ltr'>modo</span> <span class='ocrx_word' id='word_1_246' title='bbox 510 2654 555 2694; x_wconf 87' lang='lat' dir='ltr'>in</span> <span class='ocrx_word' id='word_1_247' title='bbox 576 2653 826 2694; x_wconf 90' lang='lat' dir='ltr'>Diaconatu</span> <span class='ocrx_word' id='word_1_248' title='bbox 851 2652 906 2694; x_wconf 89' lang='lat' dir='ltr'>ad</span> <span class='ocrx_word' id='word_1_249' title='bbox 926 2653 1068 2693; x_wconf 86' lang='lat' dir='ltr'>minus</span> <span class='ocrx_word' id='word_1_250' title='bbox 1101 2667 1262 2693; x_wconf 92' lang='lat' dir='ltr'>annum</span> <span class='ocrx_word' id='word_1_251' title='bbox 1293 2653 1527 2710; x_wconf 84' lang='lat' dir='ltr'>integrum,</span> <span class='ocrx_word' id='word_1_252' title='bbox 1555 2653 1640 2694; x_wconf 91' lang='lat' dir='ltr'>nisi</span> <span class='ocrx_word' id='word_1_253' title='bbox 1662 2653 1718 2695; x_wconf 86' lang='lat' dir='ltr'>ad</span> <span class='ocrx_word' id='word_1_254' title='bbox 1738 2654 1818 2695; x_wconf 91' lang='lat' dir='ltr'>Ec-</span> 
     </span>
     <span class='ocr_line' id='line_1_34' title="bbox 363 2726 1813 2783; baseline -0.001 -14"><span class='ocrx_word' id='word_1_255' title='bbox 363 2728 503 2769; x_wconf 88' lang='lat' dir='ltr'>clesiae</span> <span class='ocrx_word' id='word_1_256' title='bbox 525 2727 763 2768; x_wconf 87' lang='lat' dir='ltr'>utilitatem</span> <span class='ocrx_word' id='word_1_257' title='bbox 796 2743 843 2768; x_wconf 86' lang='lat' dir='ltr'>ac</span> <span class='ocrx_word' id='word_1_258' title='bbox 869 2727 1170 2768; x_wconf 87' lang='lat' dir='ltr'>necessitatem</span> <span class='ocrx_word' id='word_1_259' title='bbox 1192 2726 1312 2767; x_wconf 87' lang='lat' dir='ltr'>aliud</span> <span class='ocrx_word' id='word_1_260' title='bbox 1331 2727 1555 2783; x_wconf 88' lang='lat' dir='ltr'>Episcopo</span> <span class='ocrx_word' id='word_1_261' title='bbox 1578 2727 1813 2774; x_wconf 87' lang='lat' dir='ltr'>videretur,</span> 
     </span>
     <span class='ocr_line' id='line_1_35' title="bbox 361 2799 1815 2857; baseline -0.001 -16"><span class='ocrx_word' id='word_1_262' title='bbox 361 2801 729 2850; x_wconf 74' lang='lat' dir='ltr'>ministraverint,</span> <span class='ocrx_word' id='word_1_263' title='bbox 763 2799 839 2841; x_wconf 89' lang='lat' dir='ltr'>sed</span> <span class='ocrx_word' id='word_1_264' title='bbox 863 2806 906 2841; x_wconf 88' lang='lat' dir='ltr'>et</span> <span class='ocrx_word' id='word_1_265' title='bbox 928 2800 1006 2855; x_wconf 91' lang='lat' dir='ltr'>qui</span> <span class='ocrx_word' id='word_1_266' title='bbox 1033 2799 1087 2841; x_wconf 92' lang='lat' dir='ltr'>ad</span> <span class='ocrx_word' id='word_1_267' title='bbox 1113 2800 1329 2855; x_wconf 87' lang='lat' dir='ltr'>populum</span> <span class='ocrx_word' id='word_1_268' title='bbox 1362 2800 1603 2842; x_wconf 86' lang='lat' dir='ltr'>docendum</span> <span class='ocrx_word' id='word_1_269' title='bbox 1628 2817 1691 2850; x_wconf 89' lang='lat' dir='ltr'>ea,</span> <span class='ocrx_word' id='word_1_270' title='bbox 1716 2813 1815 2857; x_wconf 86' lang='lat' dir='ltr'>quae</span> 
     </span>
    </p>
   </div>
   <div class='ocr_carea' id='block_1_3' title="bbox 1866 0 1905 3254">
    <p class='ocr_par' dir='ltr' id='par_1_6' title="bbox 1866 0 1905 3254">
     <span class='ocr_line' id='line_1_36' title="bbox 1866 0 1905 3254; baseline 0 0"><span class='ocrx_word' id='word_1_271' title='bbox 1866 0 1905 3254; x_wconf 95' lang='lat' dir='ltr'> </span> 
     </span>
    </p>
   </div>
  </div>
 </body>
</html>
