1905 3254
367 259 448 298 :3va
988 273 1100 303 snss,
1131 272 1205 302 vn,

372 383 587 436 simplicia
623 383 923 437 cujuscunque
958 381 1186 436 qualitatis
1219 387 1263 421 ct
1295 380 1524 437 dignitatis
1552 381 1726 427 fuerint,
1754 378 1824 420 vel

372 456 503 496 etiam
534 455 862 511 impedimenta,
898 455 966 496 vel
1001 454 1363 510 praestimoniales
1398 455 1620 509 portiones
1661 469 1824 494 nuncu-

371 535 487 583 patae
507 527 609 569 huic
633 528 829 584 Collegio
851 528 895 568 in
924 534 1191 583 perpetuum
1226 527 1516 583 applicabunt
1551 532 1596 567 et
1629 526 1824 582 incorpo-

367 601 541 642 rabunt.
605 601 679 642 Ad
709 601 820 642 hanc
850 607 995 642 autem
1025 601 1266 656 portionem
1301 600 1488 657 singulis
1518 600 1640 640 annis
1660 599 1824 640 solven-

370 675 486 722 dam,
511 675 843 723 Beneficiorum,
869 674 1167 730 Dignitatum,
1192 674 1524 721 Personatuum,
1548 681 1592 714 et
1614 673 1824 721 omnium,

371 754 414 788 et
445 748 723 804 singulorum
765 762 901 803 supra
941 752 1375 788 commemoratorum
1416 761 1696 801 possessores,
1739 759 1824 785 non

370 821 499 862 modo
520 836 600 876 pro
621 836 679 869 se,
703 821 777 862 sed
796 836 876 877 pro
897 820 1192 876 pensionibus,
1215 835 1324 875 quas
1347 820 1442 860 aliis
1462 820 1607 861 forsan
1629 835 1681 861 ex
1702 818 1828 860 dictis

370 893 583 934 fructibus
604 895 835 942 solverent,
858 893 1085 934 retinendo
1107 900 1250 934 tamen
1273 907 1352 948 pro
1374 899 1482 940 rata,
1517 891 1727 948 quicquid
1746 906 1825 947 pro

369 965 495 1006 dictis
515 965 799 1021 pensionibus
819 966 904 1006 illis
925 966 1008 1006 erit
1030 964 1304 1013 solvendum,
1331 964 1388 1004 ab
1421 964 1623 1020 episcopo
1645 963 1726 1004 loci
1746 978 1827 1019 per

370 1052 572 1078 censuras
594 1037 923 1079 Ecclesiasticas
946 1052 993 1078 ac
1016 1037 1102 1078 alia
1130 1037 1160 1078 J
1165 1037 1255 1077 uris
1287 1036 1497 1086 remedia,
1530 1036 1663 1076 etiam
1697 1035 1824 1076 advo-

370 1118 465 1152 cato
491 1110 546 1151 ad
579 1110 670 1157 hoc,
704 1111 739 1150 si
771 1110 1010 1158 videbitur,
1040 1095 1212 1151 auxilio
1244 1109 1409 1150 brachii
1446 1108 1681 1155 saecularis,
1715 1124 1826 1150 com-

370 1184 586 1239 pellatur:
625 1184 867 1238 quibusviS,
903 1183 1051 1239 quoad
1086 1183 1230 1224 omnia
1270 1190 1313 1224 et
1349 1182 1526 1238 singula
1557 1182 1824 1237 supradicta,

368 1256 626 1312 privilegiiS,
646 1257 1011 1312 exemptionibus,
1033 1257 1166 1297 etiam
1184 1257 1220 1297 si
1242 1257 1474 1312 specialem
1496 1255 1824 1311 derogationem

368 1330 653 1385 requirerent,
677 1329 989 1371 consuetudine
1016 1330 1147 1371 etiam
1178 1330 1528 1378 immemorabili,
1562 1330 1719 1385 quavis
1749 1345 1823 1386 ap-

369 1404 618 1459 pellatione,
657 1403 930 1450 inhibitione,
974 1410 1017 1444 et
1058 1403 1336 1459 allegatione,
1382 1418 1481 1458 quae
1523 1404 1824 1444 executionem

367 1477 592 1533 impediat,
624 1493 708 1518 non
736 1477 1027 1518 obstantibus.
1091 1476 1220 1527 Quod
1241 1477 1277 1517 si
1299 1475 1631 1517 Cathedralium
1655 1483 1698 1518 et
1720 1477 1823 1518 alia-

367 1565 465 1590 rum
489 1551 705 1605 majorum
726 1549 1023 1590 Ecclesiarum
1046 1549 1227 1590 Praelati
1253 1549 1296 1588 in
1329 1548 1411 1589 hac
1447 1549 1676 1589 Scminarii
1710 1564 1824 1590 erec-

367 1622 496 1670 tione,
531 1626 716 1677 ejusque
749 1622 1073 1662 conservatione
1101 1621 1379 1677 negligentes
1411 1621 1588 1670 fuerint,
1624 1637 1672 1662 ac
1700 1636 1824 1662 suam

366 1696 611 1750 portionem
653 1694 819 1735 solvere
861 1694 1212 1743 detrectaverint,
1255 1695 1424 1750 Epum,
1467 1694 1738 1750 Archepum,
1781 1701 1824 1736 et

366 1768 612 1825 superiores
646 1767 848 1823 Synodus
881 1767 1168 1808 provincialis
1204 1768 1360 1808 acriter
1391 1768 1620 1823 corripere,
1663 1783 1822 1824 eosque

367 1841 421 1882 ad
454 1841 599 1882 omnia
631 1840 885 1897 supradicta
921 1855 1075 1896 cogere
1108 1840 1295 1890 debeat;
1330 1847 1375 1881 et
1409 1847 1459 1882 ut
1494 1842 1822 1897 quamprimum

366 1922 455 1955 tam
489 1920 684 1954 sanctum
719 1920 762 1954 et
799 1920 887 1954 tam
921 1913 1043 1968 pium
1077 1927 1202 1969 OPUS,
1241 1913 1493 1969 ubicunque
1524 1915 1618 1955 fieri
1644 1915 1820 1970 poterit,

363 1992 691 2042 promoveatur,
715 1985 907 2025 studiose
931 1985 1114 2026 curabit.
1176 1985 1384 2027 Rationes
1415 1993 1565 2027 autem
1597 1986 1821 2027 redituum

363 2060 500 2116 hujus
531 2060 752 2101 seminarii
784 2059 1035 2115 Episcopus
1065 2059 1249 2115 singulis
1271 2061 1394 2101 annis
1415 2060 1579 2109 audiat,
1602 2061 1820 2116 praesenti-

364 2134 449 2174 bus
470 2133 642 2174 duobus
664 2149 689 2174 a
711 2133 922 2188 Capitulo
945 2139 988 2173 et
1008 2132 1189 2173 totidem
1211 2149 1236 2173 a
1259 2133 1390 2174 Clero
1411 2133 1646 2188 deputatis.

421 2206 608 2254 Deinde,
642 2214 693 2247 ut
722 2221 818 2246 cum
850 2205 1005 2246 minori
1026 2206 1225 2261 impensa
1245 2205 1497 2261 hujusmodi
1524 2205 1680 2246 scholis
1700 2206 1820 2247 insti-

365 2280 541 2321 tuendis
573 2279 869 2336 provideatur,
899 2279 1056 2320 statuit
1083 2280 1241 2319 Sancta
1263 2279 1475 2335 Synodus,
1499 2287 1550 2320 ut
1570 2279 1820 2335 Archiepis-

365 2354 474 2409 copi,
495 2353 723 2409 Episcopi,
744 2353 976 2401 Primates,
1010 2359 1056 2393 et
1078 2352 1153 2392 alii
1175 2351 1366 2393 locorum
1392 2352 1615 2393 Ordinarii
1635 2351 1820 2393 scholas-

363 2428 494 2468 terias
526 2427 786 2473 obtinentes,
821 2432 864 2466 et
892 2426 1010 2474 alios,
1034 2426 1197 2481 quibus
1219 2433 1284 2466 est
1303 2426 1501 2467 lectionis
1522 2427 1594 2467 vel
1615 2426 1819 2467 doctrinae

362 2516 521 2541 munus
543 2515 774 2547 annexum,
807 2499 862 2540 ad
884 2499 1124 2540 docendum
1147 2499 1191 2539 111
1213 2499 1318 2554 ipsis
1339 2499 1494 2540 scholis
1514 2500 1818 2548 instituendos,

361 2589 440 2629 per
462 2589 506 2614 se
528 2574 656 2628 ipsos
681 2573 717 2613 si
738 2572 883 2613 idonei
906 2573 1082 2618 fuerint,
1107 2572 1301 2627 alioquin
1322 2587 1403 2628 per
1430 2572 1634 2613 idoneum
1657 2572 1816 2613 substi-

360 2654 508 2688 tutum
541 2647 597 2687 ab
633 2646 796 2687 eisdem
830 2646 1096 2687 scholasticis
1130 2645 1397 2701 eligendum,
1432 2652 1475 2687 et
1499 2646 1555 2687 ab
1577 2645 1818 2687 Ordinariis

361 2722 650 2778 probandum,
675 2737 755 2778 per
775 2722 1117 2763 subtractionem
1139 2721 1362 2762 fructuum
1387 2727 1543 2777 cogant
1565 2728 1608 2762 et
1630 2721 1816 2777 compel-

360 2798 465 2838 lant.
529 2797 657 2847 Quod
694 2797 729 2837 si
757 2797 923 2852 judicio
960 2797 1172 2852 Episcopi
1218 2797 1483 2838 substitutus
1528 2797 1690 2853 dignus
1730 2811 1814 2838 non

362 2872 506 2919 suerit.
552 2872 687 2912 alium
725 2873 801 2927 qui
842 2871 1000 2927 dignus
1032 2872 1087 2912 sit
1119 2871 1322 2917 nominet,
1365 2871 1480 2911 omni
1517 2870 1813 2926 appellatione
