1905 3254
1458 241 1473 249 υ

698 255 806 286 sess.
833 255 908 285 vn.
1455 254 1462 277 s
1488 241 1536 281 15

74 360 182 402 scire
203 359 405 400 omnibus
427 353 718 400 necessarium
736 366 801 400 est
824 359 879 400 ad
901 359 1104 407 salutem,
1123 365 1166 400 et
1190 359 1534 401 administranda

75 438 356 479 sacramenta,
394 431 598 488 diligenti
630 433 829 473 examine
863 433 1129 488 praecedenti
1163 433 1309 475 idonei
1342 448 1533 488 compro-

76 506 249 553 bentur,
283 511 416 560 atque
453 506 516 545 ita
552 506 717 560 pietate
752 512 794 546 et
829 507 957 546 castis
990 506 1185 547 moribus
1218 507 1450 561 conspicui,
1483 512 1534 546 ut

75 578 336 635 praeclarum
358 579 571 619 bonorum
601 593 783 633 operum
812 578 1076 633 exemplum,
1100 585 1144 619 et
1167 579 1270 619 vitae
1293 579 1455 619 monita
1477 579 1533 619 ab

75 652 138 694 eis
157 651 323 707 possint
343 651 575 707 expectari.
621 652 759 692 Curet
776 653 1040 707 Episcopus,
1065 658 1114 691 ut
1135 651 1180 699 ii,
1204 651 1357 691 saltem
1379 650 1534 691 diebus

76 724 330 775 Dominicis,
358 739 407 765 ac
428 724 549 766 festis
579 725 857 773 solemnibus,
890 725 925 765 si
959 732 1107 766 autem
1129 739 1277 765 curam
1299 723 1534 765 habuerint

76 797 331 844 animarum,
354 803 444 838 tam
467 797 734 853 frequenter,
757 805 808 839 ut
831 812 908 838 suo
930 798 1102 838 muneri
1124 796 1402 845 satisfaciant,
1425 796 1533 837 cele-

77 870 216 912 brent.
281 869 395 910 Cum
427 871 639 926 promotis
669 885 748 926 per
779 871 953 918 saltum,
991 871 1026 911 si
1058 885 1143 911 non
1174 868 1533 915 ministraverint,

75 943 326 1000 Episcopus
349 958 402 984 ex
423 944 625 1000 legitima
646 959 777 985 causa
799 945 936 1000 possit
958 944 1223 1000 dispensare.

135 1017 348 1067 Quamvis
384 1017 638 1073 Presbyteri
670 1018 712 1057 in
746 1033 826 1058 sua
867 1017 1137 1058 ordinatione
1175 1032 1200 1058 a
1239 1016 1429 1072 peccatis
1460 1016 1535 1056 ab·

75 1090 273 1132 solvendi
304 1097 570 1146 potestatem
604 1091 830 1146 recipiant,
855 1091 1048 1131 declarat
1083 1097 1242 1137 tamen,
1265 1096 1310 1130 et
1340 1089 1536 1130 decernit

77 1165 138 1206 S²³
170 1164 384 1221 Synodus,
417 1164 591 1205 nullum
633 1165 764 1205 etiam
807 1163 1054 1219 regularem
1095 1178 1222 1219 posse
1255 1162 1536 1204 confessiones

76 1237 351 1278 saecularium
383 1238 515 1278 etiam
549 1237 822 1278 sacerdotum
858 1237 1033 1286 audire3
1067 1252 1143 1278 nee
1175 1236 1230 1277 ad
1258 1236 1303 1276 id
1334 1236 1533 1277 idoneum

77 1311 288 1366 reputari,
318 1310 400 1351 nisi
428 1316 506 1351 aut
528 1310 775 1366 parochiale
808 1310 1089 1358 Beneficium,
1124 1317 1202 1350 aut
1234 1310 1290 1350 ab
1312 1309 1536 1365 Episcopo

80 1386 368 1434 examinatus,
401 1391 444 1426 et
474 1385 658 1426 idoneus
694 1391 907 1440 repertUS,
940 1384 1301 1439 approbationem
1334 1389 1379 1423 et
1410 1382 1536 1423 licen-

81 1459 202 1510 tiam,
224 1474 324 1515 quae
357 1459 495 1515 gratis
521 1459 664 1506 detur,
687 1459 908 1507 obtineat,
943 1458 1201 1513 privilegiiS,
1224 1456 1537 1498 consuetudine

79 1547 347 1589 quacunque
370 1533 501 1573 etiam
522 1530 860 1572 immemorabili
882 1545 965 1571 non
988 1531 1204 1572 obstante.

141 1607 247 1662 [15.]
274 1609 389 1650 Cum
405 1605 554 1646 nullus
570 1603 728 1645 debeat
745 1603 948 1650 ordinari,
967 1604 1043 1658 qui
1059 1602 1226 1659 judicio
1243 1603 1310 1643 sui
1325 1602 1539 1658 Episcopi

78 1696 164 1723 non
186 1681 242 1721 sit
263 1681 390 1728 utilis,
415 1686 493 1720 aut
514 1678 781 1720 necessarius
803 1678 894 1718 suis
914 1677 1134 1723 Ecclesiis,
1157 1677 1316 1718 Sancta
1338 1675 1540 1732 Synodus

80 1753 279 1810 vestigiis
312 1754 425 1794 sexti
463 1752 654 1793 Canonis
684 1750 865 1791 Concilii
890 1749 1258 1790 Chalcedonensis
1289 1747 1537 1790 inhaerendo

83 1827 253 1877 statuit,
289 1832 339 1867 ut
373 1825 542 1867 nullum
576 1825 865 1880 imposterum
898 1823 1080 1871 ordinet,
1115 1823 1193 1879 qui
1226 1822 1288 1863 illi
1317 1822 1537 1869 Ecclesiae,

84 1906 161 1940 aut
182 1899 256 1955 pio
276 1899 380 1947 loco,
403 1913 482 1954 pro
504 1901 631 1953 cujus
662 1897 918 1938 necessitate
950 1903 1028 1936 aut
1061 1895 1253 1936 utilitate
1285 1894 1537 1941 assumitur,

82 1987 167 2013 non
190 1971 478 2020 adscribatur,
511 1971 589 2012 ubi
611 1971 700 2012 suis
722 1970 937 2026 fungatur
968 1969 1236 2017 muneribus,
1269 1983 1347 2009 nec
1366 1967 1540 2008 incertis

26 2049 38 2060 ’
82 2053 266 2102 urgetur
286 2045 474 2087 sedibus.
539 2044 670 2095 Quod
697 2045 732 2084 si
763 2043 903 2085 locum
935 2043 1176 2084 inconsulto
1208 2042 1432 2097 Episcopo
1467 2041 1539 2082 de-

83 2118 281 2166 seruerit,
305 2118 345 2159 ei
368 2118 598 2159 Sacrorum
622 2117 876 2158 exercitium
898 2115 1198 2157 interdicatur.
1241 2115 1408 2156 Nullus
1426 2129 1538 2170 prae-

85 2197 205 2232 terea
229 2190 427 2231 Clericus
447 2189 708 2246 peregrinus
725 2189 816 2230 sine
838 2186 1210 2229 commendatariis
1231 2187 1299 2228 sui
1321 2186 1541 2228 Ordinarii

84 2261 222 2304 literis
246 2262 302 2303 ab
324 2261 415 2302 ullo
432 2262 654 2317 Episcopo
677 2261 733 2302 ad
753 2260 903 2301 divina
917 2258 1189 2306 celebranda,
1208 2265 1250 2299 et
1271 2263 1543 2298 sacramenta

86 2333 430 2377 administranda
453 2334 728 2376 admittatur.

147 2408 270 2464 [16]ι
303 2407 417 2449 Cum
459 2407 798 2449 adolescentium
839 2412 956 2451 aetas,
998 2405 1082 2445 nisi
1121 2411 1236 2445 recte
1271 2403 1542 2452 instituatur,

87 2495 226 2536 prona
247 2481 327 2522 sit²
351 2479 406 2521 ad
427 2479 582 2521 mundi
603 2480 859 2535 voluptates
879 2476 1139 2533 sequendaS‚
1165 2482 1208 2517 ct
1228 2475 1311 2516 nisi
1333 2491 1359 2516 a
1386 2477 1543 2518 teneris

87 2555 210 2595 annis
239 2554 296 2596 ad
326 2554 536 2610 pictatem
569 2560 612 2595 et
647 2553 900 2608 religionem
932 2551 1201 2595 informetur,
1226 2555 1459 2604 antequam
1483 2551 1543 2591 vi-

131 2635 141 2654 ¹
165 2637 217 2675 So,
234 2637 258 2667 it
270 2647 397 2677 appears
420 2636 501 2667 from
517 2636 559 2666 Le
573 2635 656 2675 Plat,
671 2635 734 2665 and
756 2635 805 2665 the
821 2634 1011 2673 subseqnent
1027 2630 1179 2672 speeches,
1195 2630 1256 2660 this
1269 2630 1384 2661 should
1401 2631 1438 2661 be
1454 2642 1546 2661 num-

88 2688 191 2720 bered.
239 2690 270 2719 It
285 2689 310 2719 is
326 2689 367 2720 C.
383 2689 461 2719 xviii
479 2689 511 2718 in
527 2688 577 2718 the
594 2689 723 2718 Deerees
737 2688 772 2718 of
785 2686 834 2717 the
851 2686 984 2720 sessim»,
1002 2684 1084 2714 there
1107 2683 1198 2721 being
1222 2681 1354 2721 nothing
1377 2683 1548 2722 answering

91 2745 123 2770 to
138 2741 176 2772 ivs
192 2741 294 2772 xviith
312 2741 343 2771 in
361 2741 411 2771 the
426 2741 508 2771 draft
523 2741 591 2771 here
608 2741 709 2780 given.

133 2793 146 2811 ²
167 2794 265 2824 Prout
282 2795 312 2824 in
328 2794 378 2824 the
395 2795 486 2832 MS.;
511 2794 567 2823 but
586 2794 616 2823 in
636 2793 678 2824 Le
694 2793 777 2827 Plat,
794 2803 826 2822 as
841 2790 967 2821 altered.

1201 2847 1225 2885 lv

1251 2859 1271 2884 Γ·

1295 2846 1321 2884 Νη
