1905 3254
669 361 777 392 sEss.
805 362 865 391 vl.
1427 345 1441 383 l
1457 343 1510 384 89

52 475 170 511 tatus
202 474 280 517 est,
313 468 493 510 videant
514 467 663 509 fideles
683 468 827 509 offerri
850 474 981 522 atque
1013 467 1242 516 immolari,
1267 472 1405 508 certas
1420 467 1512 522 jam

51 550 189 598 atque
229 542 500 583 confirmatas
541 555 692 582 omnes
732 541 1049 596 promissiones,
1089 556 1190 596 quae
1227 555 1307 596 per
1349 538 1515 580 Christi

52 622 234 657 mortem
251 621 377 656 erant
397 613 672 662 exhibendae,
688 614 952 670 intelligant.
994 613 1277 669 Cognoscunt
1295 613 1408 654 enim
1431 612 1514 653 sibi

53 689 110 729 ab
131 689 225 744 ipso
244 689 391 736 Patre,
415 703 502 728 una
522 702 620 728 cum
644 686 833 735 Christo,
865 687 1007 727 omnia
1038 686 1167 726 simul
1201 700 1293 727 esse
1326 685 1512 733 donata3

53 776 141 816 qua
161 760 338 816 quidem
360 760 608 816 cognitione
630 759 806 807 eruditi,
836 766 880 800 et
910 758 1042 815 hujus
1073 758 1271 799 sacrificii
1303 758 1514 799 beneficio

54 833 207 889 adjuti,
229 834 274 874 in
295 834 457 874 bonum
479 833 695 878 feruntur,
713 838 846 888 atque
870 831 925 873 ad
945 831 1058 872 illud
1080 831 1386 887 exequendum
1408 830 1514 873 adeo

51 908 327 955 roborentur,
365 913 416 948 ut
453 914 496 948 et
529 907 704 947 Satanae
738 912 782 947 ct
822 905 990 961 peccati
1033 905 1196 946 aculeis
1234 906 1435 946 resistere
1471 920 1515 946 se

53 995 177 1036 posse
211 979 439 1027 confidant,
475 995 573 1021 cum
607 980 804 1036 cogitant
834 993 914 1035 pro
936 994 980 1019 sc
1003 978 1214 1026 oblatum,
1238 979 1315 1034 qui
1339 979 1514 1019 Satanae

53 1060 98 1095 et
133 1054 301 1109 pcccati
332 1053 525 1095 detraxit
562 1053 824 1108 imperium3
869 1058 1003 1107 atque
1046 1058 1090 1093 et
1124 1052 1160 1092 is
1200 1052 1369 1093 fructus
1404 1053 1516 1093 inter

53 1134 230 1170 caeteros
250 1127 386 1184 hujus
407 1128 758 1184 praestantissimi
789 1128 988 1169 sacrificii
1010 1127 1249 1175 invenitur,
1284 1133 1333 1167 ut
1354 1134 1448 1168 tum
1471 1128 1514 1167 in

55 1216 105 1243 eo
137 1201 402 1249 immoletur,
437 1202 514 1257 qui
547 1208 612 1243 est
651 1200 931 1257 propitiati03
974 1207 1018 1241 et
1049 1200 1405 1255 propitiatorium
1436 1215 1516 1255 pro

54 1276 242 1331 peccatis
278 1276 436 1317 nostris
468 1276 605 1331 possit
636 1274 750 1315 illud
779 1274 1023 1329 ingentium
1057 1273 1284 1314 criminum
1320 1273 1513 1314 dolorem

54 1349 258 1398 excitare,
301 1364 349 1390 ac
389 1349 562 1390 tandem
599 1347 895 1390 remissionem
936 1347 1174 1403 acquirere.
1255 1347 1360 1388 Ecca
1400 1348 1513 1388 enim

55 1438 227 1479 semper
247 1423 443 1472 credidit,
467 1430 511 1464 et
533 1422 694 1470 docuit,
718 1421 798 1463 hoc
821 1422 1026 1463 sacrificio
1048 1421 1109 1462 ita
1128 1421 1293 1462 remitti
1314 1421 1515 1462 mortalia

56 1497 226 1543 delicta,
239 1504 291 1538 ut
314 1511 398 1538 non
416 1512 466 1537 eo
481 1496 666 1537 tollatur
687 1496 952 1552 poenitentia
967 1495 1254 1543 Sam-amenti,
1270 1495 1346 1536 scd
1367 1496 1515 1550 potius

56 1570 344 1611 confirmetur.
404 1568 606 1610 Eundem
627 1584 730 1610 vero
752 1569 957 1617 fructum,
982 1569 1100 1624 quod
1118 1567 1172 1610 ad
1194 1583 1427 1624 poenarum
1451 1583 1513 1609 re-

56 1643 302 1684 missionem
341 1643 508 1690 attinet,
545 1641 669 1682 docet
701 1642 857 1682 Sancta
891 1641 1101 1696 Synodus,
1135 1657 1188 1682 ex
1222 1648 1439 1697 perpetua
1471 1648 1514 1681 et

56 1716 268 1756 constanti
290 1715 521 1756 traditione
536 1715 667 1761 Eecae,
686 1728 786 1768 quae
805 1720 849 1753 et
866 1728 945 1768 pro
962 1714 1144 1754 mortuis
1160 1714 1414 1755 sacrificium
1436 1713 1515 1754 hoc

57 1789 212 1830 offerre
247 1788 483 1836 consuevit,
515 1788 559 1827 in
592 1786 690 1827 illos
722 1786 851 1826 etiam
883 1787 1129 1840 provenire,
1153 1787 1304 1841 quiex
1325 1787 1403 1827 hac
1426 1788 1517 1828 vita

59 1878 156 1904 cum
189 1863 311 1918 signo
343 1861 458 1908 fidei,
493 1859 567 1901 sed
595 1867 741 1900 tamen
774 1874 852 1914 pro
875 1866 1151 1914 peccatorum
1175 1860 1372 1901 reatibus
1393 1862 1515 1903 satis·

58 1938 198 1978 facere
215 1942 434 1984 tenentur,
453 1934 682 1976 decessisse
696 1940 1037 1989 cognoscuntur:
1060 1948 1156 1973 cum
1179 1940 1223 1974 et
1244 1941 1514 1976 mortuorum

58 2011 254 2052 fidelium
278 2016 321 2051 et
343 2010 546 2050 vivorum
570 2022 705 2048 unum
728 2007 783 2048 sit
813 2006 980 2047 Christi
1002 2021 1174 2061 corpus,
1197 2021 1375 2063 unaque
1397 2009 1515 2058 Ecca,

58 2083 204 2125 nullus
239 2083 376 2139 igitur
408 2081 510 2122 huic
543 2080 821 2121 Sanctissimo
855 2086 898 2121 et
933 2079 1274 2120 fructuosissimo
1307 2081 1516 2122 sacrificio

61 2156 290 2199 detrahere
313 2155 489 2203 audeat,
522 2154 598 2195 sed
619 2154 767 2209 potius
790 2159 999 2194 conentur
1021 2167 1182 2200 omneS,
1212 2159 1260 2193 ut
1282 2155 1396 2208 grati
1418 2154 1516 2196 Deo

61 2230 215 2278 effecti,
236 2229 408 2270 fructus
428 2227 505 2268 hos
526 2227 736 2268 maximos
758 2241 805 2267 ac
828 2225 1072 2281 singulares
1093 2224 1137 2264 in
1159 2225 1226 2264 sui
1247 2225 1431 2269 salutem
1456 2242 1514 2275 se,

63 2305 133 2347 vel
155 2320 280 2362 posse
303 2304 543 2361 percipere,
568 2302 638 2343 vel
657 2306 747 2357 jain
770 2299 1030 2356 percepisse,
1053 2297 1274 2339 laetentur.

674 2404 791 2469 Cap.
828 2408 903 2451 4¹¹¹.

66 2495 137 2543 De
165 2495 351 2543 Ritibus
386 2505 432 2542 et
468 2494 777 2550 caeremoniis,
803 2510 910 2557 quae
936 2493 985 2537 in
1011 2491 1175 2537 Missae
1205 2491 1518 2540 celebratione

640 2576 940 2623 adhibentur.

120 2674 249 2716 Ritus
271 2690 374 2717 vero
393 2676 455 2716 illi
478 2690 526 2716 ac
545 2674 820 2721 caeremoniae,
845 2672 1011 2728 quibus
1032 2670 1138 2711 Ecca
1168 2671 1311 2711 utitur
1337 2671 1380 2712 in
1410 2673 1517 2715 cele-

65 2747 258 2790 bratione
291 2748 541 2795 Missarum,
575 2746 625 2788 ea
661 2746 828 2786 ratione
870 2744 1081 2784 institutae
1119 2750 1231 2789 sunt,
1268 2749 1319 2783 ut
1352 2751 1518 2786 mentes

66 2818 298 2867 hominurn,
322 2836 401 2876 per
430 2821 524 2861 haec
553 2819 747 2860 visibilia
777 2817 1002 2872 religionis
1035 2831 1081 2856 ac
1115 2815 1292 2870 pietatis
1319 2816 1444 2871 signa
1475 2825 1518 2859 et

67 2901 337 2949 argumenta,
367 2894 421 2935 ad
442 2908 633 2949 superna
655 2891 730 2932 illa
750 2898 794 2932 et
816 2889 1055 2932 invisibilia
1077 2903 1174 2942 quae
1198 2888 1240 2928 in
1265 2888 1359 2943 ipso
1382 2889 1517 2931 Sacri-
