1905 3254
298 344 382 385 470
926 358 1039 386 sEss.
1067 357 1143 385 vil.

307 463 403 517 ipsi,
438 468 514 502 aut
550 463 624 516 jus
663 461 860 501 divinum
905 463 1053 508 astrui,
1085 469 1161 502 aut
1201 459 1559 501 Jurisdictionem
1603 474 1627 499 a
1668 459 1764 500 Deo

308 535 558 576 mandatam
577 535 723 590 colligi
745 550 871 589 posse
893 536 1155 575 asserebant.
1205 534 1291 583 Qui
1314 540 1461 574 contra
1481 532 1764 580 nitebantur,¹

310 608 498 654 aiebant,
521 607 695 647 tametsi
727 607 771 646 in
804 606 882 646 hoc
914 606 1126 661 prooemio
1156 604 1348 645 nonnihil
1379 604 1434 644 ad
1462 608 1536 659 jus
1569 603 1765 644 divinum

312 681 534 736 pertinens
565 679 663 719 elici
693 686 852 734 posset,
886 679 1098 734 reliquam
1132 685 1278 718 tamen
1306 684 1442 717 totam
1467 676 1646 716 Decreti
1668 691 1767 731 par-

313 760 400 794 tem
433 768 529 793 cum
557 754 657 808 jure
689 752 837 792 divino
866 752 1014 807 palam
1036 766 1258 806 pugnare,
1292 757 1335 790 et
1357 765 1452 805 quae
1475 750 1634 789 multas
1657 749 1768 789 exci-

312 826 407 881 piat
428 840 579 866 causas
601 825 823 871 absentiae,
848 831 890 864 et
914 824 1020 864 alias
1047 823 1296 878 probandas
1319 821 1673 876 Metropolitanis
1694 835 1770 861 seu

313 898 548 953 Episcopis
578 897 844 952 relinquant,
880 912 977 951 quae
1016 896 1244 951 perspicue
1281 895 1514 936 ostendunt
1544 894 1769 950 negotium

312 970 390 1010 hoe
414 986 438 1010 a
470 970 582 1011 Jure
610 970 758 1010 divino
787 970 916 1025 longe
947 976 1160 1009 remotum
1193 984 1307 1009 esse:
1342 968 1460 1023 quod
1479 968 1595 1008 hisce
1618 981 1772 1021 excep·

314 1044 520 1091 tionibus,
545 1050 622 1084 aut
642 1043 845 1083 humanis
866 1042 1188 1097 Episcoporum
1211 1041 1584 1081 moderationibus
1610 1054 1773 1094 nequa-

316 1130 449 1170 quam
489 1116 738 1172 subjectum
773 1122 850 1156 est.
916 1114 1079 1154 Idcirco
1112 1113 1371 1162 cavendum,
1407 1128 1461 1153 ne
1500 1118 1683 1158 mutato,
1725 1116 1774 1150 ut

315 1190 564 1244 petebatur,
588 1188 816 1244 prooemio,
839 1194 932 1239 tota
959 1186 1049 1227 haec
1080 1201 1181 1241 pars
1204 1187 1233 1227 J
1239 1187 1329 1226 uris
1351 1185 1502 1232 divini,
1525 1184 1615 1225 suis
1636 1183 1775 1224 veluti

317 1261 548 1301 debilitata
571 1259 799 1316 praesidiis,
819 1259 957 1305 alteri,
974 1259 1104 1314 longe
1121 1258 1408 1299 validioribus
1428 1258 1605 1298 munitae
1627 1256 1773 1311 copiis,

316 1348 494 1388 prorsus
526 1332 790 1372 succumbat.
854 1330 981 1378 Haec,
1019 1331 1096 1370 ubi
1140 1330 1346 1384 utrinque
1378 1329 1572 1369 multum
1612 1328 1776 1382 diuque

318 1422 498 1447 excussa
519 1413 651 1460 atque
674 1404 923 1445 examinata
953 1403 1147 1450 fuerunt,
1180 1402 1355 1442 tandem
1384 1403 1561 1456 placuit,
1584 1401 1774 1441 medium

318 1480 388 1520 hie
422 1495 598 1536 quoque
622 1478 762 1519 veluti
785 1492 958 1517 cursum
989 1484 1148 1523 tenere,
1174 1483 1308 1530 atque
1329 1490 1414 1515 non
1435 1476 1578 1515 omnia
1600 1489 1778 1530 prorsus

321 1552 396 1592 sed
417 1551 618 1606 quaedam
643 1556 814 1590 tantum
834 1551 902 1588 ex²
921 1548 1156 1603 propositis
1178 1547 1424 1594 immutare,
1443 1562 1624 1602 remque
1643 1553 1777 1587 totam

322 1623 540 1679 generalis
592 1620 762 1675 Conguis
805 1619 968 1674 judicio
1017 1618 1292 1659 statuendam
1332 1618 1593 1673 relinquere.
1663 1618 1780 1668 Qua-

320 1703 513 1753 propter,
550 1700 766 1735 conventu
803 1693 937 1734 Pium
971 1692 1025 1732 de
1058 1707 1174 1732 more
1209 1698 1366 1737 coacto,
1404 1707 1499 1731 cum
1534 1690 1782 1731 Cardinalis

324 1769 550 1825 Moronus,
586 1767 678 1822 qui3
711 1766 767 1806 ab
809 1765 883 1812 eis,
917 1779 996 1819 pro
1032 1765 1248 1804 communi
1284 1764 1475 1804 utilitate
1508 1764 1782 1818 Patrumque

323 1840 550 1882 concordia
581 1839 657 1879 diu
690 1844 904 1885 curatum,
929 1844 971 1877 et
1006 1852 1090 1891 quo
1123 1836 1296 1876 tandem
1330 1851 1397 1876 res
1429 1835 1644 1891 perducta
1671 1841 1783 1875 esset

324 1913 609 1968 exposuisset,
647 1924 882 1965 omnesque
923 1908 977 1948 ad
1018 1908 1295 1963 deponendas
1335 1908 1665 1963 disputationes,
1706 1921 1782 1962 pa-

324 2001 506 2041 cemque
539 1983 885 2039 amplectandam
919 1981 1168 2022 cohortatus
1195 1988 1320 2028 esset,
1354 1980 1576 2036 proposito
1597 1980 1783 2027 decreto,

327 2075 376 2100 eo
408 2060 497 2099 fere
531 2073 616 2113 quo
648 2057 776 2097 hodie
808 2062 930 2096 extat
953 2054 1094 2101 modo,
1119 2069 1203 2093 non
1226 2053 1462 2093 defuerunt
1485 2052 1624 2093 adhuc
1647 2053 1723 2107 qui
1745 2051 1784 2092 ei

326 2133 665 2188 refragarentur,
689 2129 806 2184 quod
823 2133 897 2183 jus
917 2127 1116 2167 divinum
1140 2127 1267 2166 nimis
1289 2133 1440 2181 aperte
1460 2126 1504 2166 in
1527 2140 1576 2166 eo
1596 2140 1784 2181 pronun-

327 2206 429 2246 ciari
450 2204 724 2252 sentiebant3
758 2203 845 2249 alii,
875 2201 995 2256 quod
1014 2201 1142 2240 nimis
1163 2201 1345 2241 obscure
1368 2199 1421 2239 de
1444 2214 1494 2239 eo
1516 2205 1673 2246 actum,
1696 2197 1784 2238 evi-

327 2277 590 2331 dentiusque
613 2276 750 2316 altera
770 2288 872 2329 pars
899 2272 1172 2328 apprehensa
1194 2272 1443 2319 videretur3
1477 2270 1564 2318 alii,
1588 2269 1705 2325 quod
1726 2269 1785 2317 id,

330 2357 380 2391 ut
399 2350 627 2405 problema
646 2355 867 2393 neutrum,
901 2346 1241 2402 proponebatur,
1264 2344 1451 2399 ideoque
1472 2358 1557 2383 11011
1579 2349 1691 2384 esset
1713 2342 1785 2384 ad-

331 2421 605 2470 mittendum,
629 2419 746 2476 quod
767 2419 797 2460 J
801 2418 1172 2473 ustinopolitanus
1194 2415 1428 2471 respondit.
1474 2416 1640 2456 Verum
1661 2416 1788 2470 longe

331 2493 603 2548 frequentior
616 2492 749 2532 Pium
774 2505 928 2535 manus
951 2505 975 2529 a
996 2489 1166 2529 decreto
1187 2488 1321 2535 stetit,
1338 2486 1456 2542 quod
1472 2487 1551 2527 ita⁴
1574 2501 1674 2527 vere
1695 2501 1788 2527 con-

332 2573 508 2621 ceptum
526 2571 649 2609 esset,
666 2571 716 2604 ut
730 2570 887 2603 neutra
901 2562 1046 2617 opinio
1065 2567 1214 2616 aperte
1231 2567 1308 2600 aut
1325 2560 1616 2605 damnaretur,
1633 2565 1710 2599 aut
1726 2573 1789 2599 re-

335 2639 575 2693 ciperetur3
596 2637 780 2691 ideoque
794 2650 874 2691 pro
892 2634 1108 2675 communi
1124 2632 1284 2688 Synodi
1302 2632 1623 2687 tranquillitate
1636 2632 1675 2672 ei
1689 2631 1788 2672 sub-

336 2710 611 2752 scribendum
626 2715 751 2750 esset.
806 2709 924 2747 Inter
940 2713 1205 2760 czeterosque
1222 2705 1466 2760 Episcopos
1486 2704 1788 2760 AugustensiS,

525 2813 531 2831 ³
561 2813 782 2847 Mittebautur,
798 2812 869 2841 MS.
1087 2812 1098 2827 ²
1123 2811 1179 2847 Ac,
1199 2809 1267 2838 MS.
1482 2809 1494 2825 ³
1521 2808 1584 2838 Cui
1596 2808 1609 2837 ἲ)

936 2869 948 2885 ⁴
967 2868 1038 2897 MS.
1054 2867 1108 2896 has
1122 2873 1150 2896 et
1166 2870 1191 2895 a.
