1905 3254
701 271 812 301 sEss.
840 270 897 299 vi.
1447 254 1530 297 227

68 375 283 418 haeresum
320 377 423 433 igne
460 392 507 418 ac
540 376 739 418 sordibus
771 376 943 433 jamdiu
978 376 1023 417 hi
1058 375 1252 417 homines
1280 381 1522 423 versentur,

65 449 300 490 incolumes
321 456 468 490 tamen
484 449 624 490 adhuc
642 457 684 491 et
706 449 974 490 immaculati
992 455 1325 504 permanserunt
1337 466 1348 498 3
1370 463 1521 504 quam—

65 522 229 569 obrem,
258 530 307 563 ut
327 523 426 563 filiis
447 529 651 578 parentes
672 523 821 577 parvis
855 521 1119 577 quibusdam
1156 522 1199 562 in
1231 522 1364 562 rebus
1396 522 1518 563 obse-

64 602 276 651 quuntur,
300 602 351 636 ut
372 596 414 636 in
435 595 669 651 majoribus
690 601 734 635 et
756 594 1037 650 gravioribus
1059 595 1275 651 subjectos
1291 609 1362 635 eos
1383 602 1518 650 atque

63 669 316 710 obedientes
347 668 549 715 habeant,
582 668 645 709 ita
680 667 834 708 horum
874 667 1112 717 hominum,
1153 668 1230 723 qui
1270 668 1349 709 filii
1383 669 1519 710 vestri

64 749 178 790 sunt,
215 748 265 783 ut
305 742 347 783 in
381 742 592 783 Ecclesiae
635 742 801 797 gremio
838 741 1126 789 continentur,
1161 742 1396 797 postulatis
1435 742 1516 790 his,

64 815 226 872 quibus
245 829 323 856 nec
342 814 450 856 fides
471 814 698 856 Catholiea
719 814 922 861 violatur,
947 821 991 856 et
1023 814 1265 855 multorum
1298 814 1515 870 exemplo,

63 893 106 928 et
118 901 249 942 magn
263 888 471 934 aratione,
486 886 819 935 conditionibus,
834 887 1078 943 praesertim
1092 901 1200 942 quas
1214 886 1516 942 produximus,

60 960 162 1001 licet
183 961 392 1008 assentiri,
425 959 777 1001 satisfaciendum
800 960 926 1001 vobis
948 966 1026 1008 est,
1060 967 1111 1000 ut
1132 960 1291 1015 Regna
1311 959 1517 1007 maxima,

61 1033 404 1089 clarissimasque
439 1033 689 1074 Provincias
718 1034 762 1073 in
793 1033 1004 1074 Romanae
1036 1033 1245 1073 Ecclesiae
1270 1032 1518 1073 obedientia

61 1112 104 1147 et
127 1106 364 1147 Christiani
387 1106 669 1162 Imperatoris
695 1106 859 1147 ditione
882 1112 1014 1161 atquc
1035 1105 1216 1161 imperio
1238 1105 1515 1154 conservetis,

61 1177 177 1234 quod
209 1178 385 1233 quidem
414 1194 463 1220 eo
484 1178 720 1220 studiosius
741 1185 877 1234 atque
899 1178 1107 1219 libentius
1128 1177 1267 1218 facere
1290 1177 1338 1217 P.
1363 1178 1418 1218 A.
1443 1177 1515 1219 (le-

61 1251 185 1300 betis,
208 1251 326 1307 quod
347 1267 509 1308 magna
530 1266 628 1307 spes
649 1258 725 1299 est,
748 1252 850 1299 fore,
875 1257 926 1292 ut
946 1251 1077 1291 multi
1099 1258 1143 1292 et
1169 1250 1335 1291 nobiles
1366 1251 1516 1306 impri-

61 1325 141 1366 mis
161 1325 255 1374 viri,
279 1326 354 1381 qui
377 1340 402 1365 a
423 1340 631 1381 germana
658 1325 771 1366 Eccae
803 1324 1012 1372 doctrina,
1046 1339 1142 1365 cum
1181 1325 1225 1365 in
1258 1325 1352 1365 aliis
1381 1325 1514 1366 rebus

59 1405 153 1440 tum
184 1399 228 1439 in
261 1414 310 1440 eo
345 1399 590 1455 praesertim
626 1398 913 1445 deflexerunt,
949 1397 1069 1453 quod
1101 1397 1243 1438 calicis
1271 1402 1366 1454 ejus
1387 1413 1516 1440 usum

59 1471 194 1520 nulla,
228 1479 306 1514 aut
327 1472 623 1514 Conciliorum
654 1478 731 1512 aut
753 1471 1011 1511 Pontificum
1036 1469 1279 1512 authoritas
1301 1478 1377 1512 aut
1399 1486 1519 1512 arma

61 1543 251 1598 denique
281 1544 378 1599 ipsa
410 1549 652 1599 potuerunt
683 1541 828 1583 adhuc
851 1549 1128 1597 extorquere,
1151 1543 1187 1583 si
1208 1542 1319 1583 hane
1341 1558 1516 1585 consue-

60 1614 259 1657 tudinem
293 1630 466 1656 servare
492 1617 591 1671 jure
622 1629 666 1654 sc
699 1629 824 1669 posse
848 1615 1142 1669 cognoverint,
1166 1615 1209 1654 in
1231 1615 1383 1655 matris
1403 1615 1517 1656 Eccae

59 1687 331 1742 complexum
350 1686 717 1742 quemadmodum
735 1685 996 1725 dictitabant
1012 1700 1056 1725 se
1075 1700 1165 1725 csse
1182 1685 1366 1732 futuros,
1381 1685 1515 1725 omni-

61 1760 145 1800 bus
178 1760 359 1815 abjectis
386 1766 429 1800 et
456 1759 683 1800 detestatis
703 1757 954 1805 haeresibus,
978 1763 1265 1798 revertantur.
1328 1757 1457 1807 Quod
1478 1758 1514 1798 si

58 1833 194 1880 fieret,
210 1833 314 1874 felix
336 1833 448 1873 inter
464 1838 623 1873 caetera
639 1846 775 1886 regna
788 1829 1016 1877 Bohemia,
1031 1829 1134 1870 felix
1153 1828 1404 1885 Hungaria,
1424 1831 1514 1879 ubi,

59 1911 110 1944 ut
141 1904 479 1945 innumerabilia
516 1903 600 1944 alia
631 1903 901 1944 incommoda
929 1901 1143 1949 omittam,
1166 1901 1278 1942 nulli
1306 1902 1395 1942 fere
1421 1903 1512 1958 jam

59 1977 311 2032 Presbyteri
321 1977 395 2032 qui
409 1991 526 2017 sacra
539 1977 770 2017 conficiunt
784 1976 1064 2031 reperiuntur
1073 1991 1083 2024 3
1105 1974 1206 2015 inde
1217 1989 1354 2031 prope
1367 1990 1514 2017 omnes

58 2049 343 2105 aufugerunt,
361 2064 415 2090 ne
433 2055 667 2104 utramque
683 2049 867 2104 speciem
882 2046 1194 2088 communionis
1210 2053 1422 2102 cogantur
1438 2047 1513 2089 ad-

59 2123 325 2164 ministrare:
358 2122 433 2163 sed
455 2138 533 2178 pro
549 2122 601 2163 iis
616 2121 722 2162 nihil
744 2122 925 2177 petitur,
945 2121 1020 2175 qui
1038 2126 1227 2160 vestram
1251 2125 1510 2175 potestatem

0 2227 1 2239 ,
56 2210 140 2237 non
157 2202 410 2252 agnoscunt,
425 2202 556 2251 atque
577 2194 832 2251 suspiciunt,
846 2192 957 2234 illud
977 2199 1147 2233 tantum
1167 2192 1433 2246 postulatur,
1448 2200 1510 2243 ut,

58 2268 94 2310 si
115 2284 140 2310 a
161 2269 278 2310 salsis
300 2283 346 2310 ac
381 2268 633 2324 perniciosis
663 2268 754 2309 suis
785 2266 983 2308 sensibus
1009 2265 1063 2306 ad
1086 2279 1232 2305 veram
1254 2265 1511 2322 religionem

58 2356 102 2383 se
123 2342 355 2390 conferant,
371 2344 419 2383 eii
441 2341 719 2398 indulgentia
740 2347 871 2395 atque
889 2338 1132 2380 conditione
1153 2337 1318 2393 possint
1338 2338 1383 2378 in
1396 2339 1509 2379 Εοοὅθ

59 2415 273 2471 gremium
296 2415 483 2464 admitti,
507 2415 624 2471 quod
644 2429 807 2470 negare
830 2414 926 2469 quis
944 2416 1046 2468 jure
1067 2411 1244 2467 potest?
1295 2411 1404 2460 Quis
1424 2427 1509 2453 non

58 2489 236 2544 proprio
275 2489 486 2544 sanguine
525 2503 626 2529 vere
665 2486 928 2533 Catholicus,
966 2484 1124 2527 nedum
1159 2484 1339 2524 honesta
1374 2491 1508 2540 atque

57 2560 218 2601 usitata
250 2561 532 2617 permissione
564 2567 756 2601 errantes
788 2559 831 2599 in
866 2557 1058 2599 tenebris
1094 2563 1226 2611 atquc
1266 2556 1310 2596 in
1352 2557 1510 2597 umbra

57 2633 206 2674 mortis
226 2633 403 2681 animas,
427 2632 482 2674 ad
499 2633 697 2674 veritatis
721 2647 767 2672 ac
788 2631 890 2672 vitm
919 2630 1061 2671 lucem
1094 2630 1345 2669 revocaret?
1407 2627 1508 2669 Hac

57 2703 110 2745 de
145 2720 274 2746 causa
309 2705 434 2746 Deus
472 2705 600 2746 homo
641 2706 779 2746 faetus
812 2710 888 2751 est,
932 2709 1113 2743 mortem
1147 2702 1189 2742 in
1224 2701 1342 2758 ligno
1374 2703 1510 2744 crucis

63 2779 272 2833 appetiit3
305 2794 382 2820 nos
410 2779 522 2820 ritus
544 2778 757 2834 quosdam
791 2778 1020 2817 immutare
1043 2774 1372 2816 recusabimus?
1431 2776 1510 2817 Et-

1194 2862 1220 2892 Q
1252 2848 1278 2886 2
