1905 3254
695 333 806 365 sess.
833 335 889 365 vs.
1439 325 1522 368 267

61 435 302 491 prudenter
331 446 478 494 posset
500 443 760 497 prospicere.
823 445 889 485 Ac
911 446 1112 501 quamvis
1133 446 1263 488 multi
1284 461 1337 489 ex
1357 462 1404 489 re
1426 462 1518 489 esse

60 518 295 559 censerent,
316 511 426 552 nihil
462 513 516 554 de
547 514 679 555 rebus
700 517 936 572 propositis
958 517 1144 567 demere,
1169 519 1287 575 quod
1306 520 1399 562 haec
1421 536 1519 577 quae

59 583 312 625 nominatim
334 585 376 625 in
398 586 571 642 Synodo
593 591 921 632 constituuntur
942 592 1111 634 facilius
1134 609 1216 635 usu
1238 596 1518 651 recipiantur,

58 657 300 709 praesertim
332 659 368 698 si
400 660 619 715 generalis
655 662 840 704 facultas
864 665 1090 706 ordinariis
1124 667 1406 724 adjungatur,
1430 685 1520 725 qua

55 727 142 783 ipsi
180 743 260 784 pro
301 746 452 773 eorum
492 734 744 789 prudentia,
782 737 985 793 quaedam
1031 740 1200 795 possint
1240 747 1515 798 temperare3

55 807 201 843 tamen
223 805 438 846 contraria
455 808 683 857 sententia,
722 810 906 852 authore
925 812 1197 869 Segobiensi,
1220 815 1425 863 obtinuit,
1454 822 1517 865 ut,

57 874 156 923 viz.,
179 882 273 917 tota
306 877 400 919 haee
433 882 618 922 materia
659 883 714 923 ad
756 885 841 925 tria
882 892 1056 927 tantum
1090 889 1235 944 capita
1265 889 1308 929 in
1341 890 1515 930 univer—

54 961 150 987 sum
183 947 474 1005 redigeretur,
509 952 651 1009 iisque
686 956 910 1012 praecipue
949 958 1159 999 abusibus
1199 968 1513 1010 occurreretur,

53 1021 131 1076 qui
153 1022 221 1062 vel
243 1022 298 1063 ad
319 1024 621 1080 cupiditatem,
652 1028 722 1068 vel
747 1029 801 1069 ad
822 1030 1163 1082 irreverentiam,
1187 1040 1264 1074 aut
1285 1034 1340 1074 ad
1361 1049 1513 1091 super-

51 1094 272 1136 stitionem
307 1104 517 1153 spectant.
583 1100 684 1150 Qua
705 1101 757 1142 de
780 1117 912 1144 causa
938 1105 1112 1145 unicum
1147 1112 1320 1148 tantum
1352 1107 1512 1150 Decre-

50 1172 145 1207 tum
182 1167 250 1208 his
285 1169 429 1210 tribus
470 1172 671 1227 partibus
711 1181 911 1216 constans
939 1178 1180 1219 confectum
1222 1179 1334 1220 fuit:
1379 1181 1512 1235 quale

49 1238 178 1281 hodie
201 1241 334 1297 vulgo
354 1242 555 1285 habetur.

47 1401 305 1451 Decretum
334 1406 392 1452 de
428 1406 733 1455 observandis
758 1418 804 1456 et
828 1411 1063 1460 evitandis
1088 1414 1136 1460 in
1172 1413 1508 1466 Celebratione

636 1489 916 1539 Missarum.

103 1605 279 1656 Quanta
300 1624 404 1650 cura
425 1610 672 1654 adhibenda
695 1615 762 1662 sit,
797 1622 848 1657 ut
875 1625 1191 1660 sacrosanctum
1213 1620 1354 1662 missae
1377 1623 1505 1663 sacri-

41 1679 186 1719 ficium
209 1681 324 1721 omni
340 1682 562 1738 religionis
580 1686 704 1727 cultu
721 1702 768 1728 ac
785 1691 1066 1731 veneratione
1083 1692 1341 1741 celebretur,
1358 1695 1505 1749 quivis

42 1751 167 1792 facile
189 1754 440 1796 existimare
463 1759 639 1811 poterit,
674 1760 750 1814 qui
772 1762 976 1816 cogitarit
996 1764 1274 1805 maledictum
1295 1766 1338 1805 in
1363 1768 1504 1809 Sacris

41 1823 205 1865 Literis
224 1827 413 1868 invocari
452 1829 511 1883 [in
545 1831 664 1885 eum]
692 1833 769 1887 qui
790 1848 901 1888 opus
917 1834 1003 1875 Dei
1017 1836 1293 1892 negligenter
1317 1838 1500 1894 [faciat].

42 1897 171 1947 Quod
195 1899 231 1939 si
260 1901 496 1942 necessario
527 1902 726 1953 fatemur,
760 1906 935 1948 nullum
968 1907 1089 1949 aliud
1120 1924 1230 1964 opus
1253 1911 1360 1952 adeo
1383 1927 1501 1954 sanc-

40 1976 134 2011 tum
158 1986 205 2012 ac
226 1972 424 2014 divinum
450 1990 474 2016 a
493 1975 656 2018 Christi
676 1978 880 2020 fidelibus
902 1983 1080 2022 tractari
1103 1998 1243 2038 posse,
1266 1999 1397 2040 quam
1420 1986 1500 2029 hoc

39 2044 183 2100 ipsum
221 2048 495 2090 tremendum
533 2052 802 2107 mysterium,
840 2069 927 2109 quo
949 2055 1121 2097 vivifica
1142 2057 1218 2099 illa
1248 2057 1388 2101 hostia
1410 2075 1500 2116 qua

38 2117 136 2160 Deo
158 2120 282 2162 Patri
302 2124 565 2164 reconciliati
597 2140 749 2166 sumus
781 2127 825 2167 in
848 2128 993 2169 Altari
1014 2145 1093 2185 per
1117 2130 1371 2174 Sacerdotes
1391 2149 1497 2190 quo-

37 2190 144 2233 tidie
183 2193 448 2243 immolatur,
491 2197 596 2238 satis
632 2199 764 2239 etiam
799 2208 998 2256 apparet,
1031 2217 1201 2244 omnem
1237 2219 1416 2260 operam
1449 2223 1497 2249 ac

36 2262 309 2322 diligentiam
342 2268 385 2309 in
411 2284 462 2311 eo
488 2271 727 2326 parandam
763 2288 868 2323 esse,
900 2281 950 2315 ut
985 2279 1148 2330 quanta
1185 2277 1371 2319 maxima
1402 2281 1496 2322 fieri

35 2343 182 2391 potest
201 2338 396 2382 interiori
416 2342 554 2384 cordis
576 2344 804 2393 munditia,
829 2352 872 2387 et
894 2347 1102 2402 puritate,
1126 2354 1259 2403 atque
1281 2351 1494 2394 exteriore

34 2407 279 2453 devotionis
301 2427 349 2454 ac
370 2415 546 2470 pietatis
568 2418 707 2473 specie
730 2425 984 2474 peragatur.
1034 2419 1148 2460 Cum
1180 2421 1318 2476 igitur
1351 2424 1495 2466 multa

27 2482 133 2538 jam,
170 2485 263 2526 sive
291 2492 536 2542 temporum
561 2490 682 2539 vitio,
716 2492 808 2532 sive
830 2492 1056 2533 hominum
1079 2494 1245 2535 incuria
1266 2502 1311 2536 ct
1332 2496 1492 2553 impro-

33 2553 172 2598 bitate
200 2557 423 2614 irrepsisse
446 2561 693 2610 videantur,
733 2580 833 2620 quae
858 2580 881 2606 a
904 2566 1015 2606 tanti
1048 2566 1244 2607 sacrificii
1273 2567 1491 2623 dignitate

33 2627 173 2670 aliena
192 2638 304 2679 sunt,
336 2639 387 2674 ut
407 2633 447 2674 ei
469 2634 647 2677 debitus
668 2636 803 2678 honor
825 2645 868 2679 ct
891 2639 1034 2679 cultus
1056 2639 1112 2680 ad
1133 2639 1219 2680 Dei
1240 2641 1425 2696 gloriam
1448 2650 1492 2685 et

30 2701 170 2743 fidelis
216 2706 371 2760 populi
428 2707 742 2751 edificationem
790 2712 1061 2761 restituatur,
1097 2712 1287 2756 decernit
1335 2717 1491 2760 Sancta

34 2773 244 2830 Synodus,
269 2785 318 2820 ut
339 2779 545 2822 ordinarii
563 2781 751 2824 locorum
776 2784 987 2840 Episcopi
1009 2800 1061 2826 ea
1082 2787 1226 2828 omnia
1240 2788 1487 2843 prohibere,

33 2854 169 2904 utque
191 2865 214 2891 e
237 2851 379 2893 medio
401 2853 554 2896 tollere
576 2855 730 2897 scdulo
753 2864 916 2905 curent,
952 2873 998 2898 ac
1031 2865 1275 2910 teneantur,
1293 2876 1393 2918 quae
1417 2865 1488 2907 vel
