1905 3254
779 254 804 295 7

20 405 28 408 -
70 378 222 419 idcirco
242 375 580 433 improbandum
602 381 744 430 putet,
768 372 886 429 quod
907 387 1004 413 cum
1037 371 1329 413 contentiones
1354 370 1520 418 multae,

70 451 363 508 querimoniae,
396 449 668 505 suspiciones,
701 446 987 493 calamitates,
1018 444 1229 500 pericula,
1250 449 1522 498 eventusque

70 525 215 566 tristes
249 530 376 564 erunt
403 520 663 568 recensendi,
687 521 728 560 in
766 518 991 560 clarissimi
1023 517 1155 573 hujus
1176 524 1316 558 coetus
1338 516 1521 572 gloriam

70 598 314 645 observare,
336 604 381 638 et
412 600 681 636 sacrosancta
713 597 807 649 ejus
842 591 1017 632 decreta
1054 590 1196 631 veluti
1225 590 1407 631 maculis
1429 589 1524 645 qui-

71 671 256 713 busdam
277 684 509 726 aspergere
532 667 769 709 videamur.
831 665 948 706 Nam
972 665 1100 706 sicuti
1128 665 1233 705 dum
1257 671 1527 720 apparantur

71 745 230 801 epulae‚
263 744 368 785 dum
401 743 484 784 cibi
517 741 789 788 condiuntur,
827 738 1066 780 sordidiora
1099 738 1243 779 multa
1280 738 1392 779 inter
1431 738 1526 793 ipsa

70 819 310 861 necessaria
343 818 634 858 ministrorum
667 814 805 855 officia
833 828 949 869 saepc
984 828 1028 854 se
1050 813 1304 860 immiscent,
1327 827 1426 868 quae
1449 812 1525 852 ali-

71 907 193 934 orum
223 891 369 933 oculos
395 889 628 946 effugiunt,
651 887 900 942 compositae
933 894 1078 927 tamen
1106 885 1251 941 epulae
1275 885 1363 926 suis
1385 885 1524 925 distri-

72 965 179 1006 bute
201 965 304 1006 locis
332 963 505 1004 mirifice
539 961 733 1002 convivia
753 960 927 1000 reficere
966 967 1101 1015 atque
1134 959 1353 999 oblectare
1376 958 1528 1005 solent,

72 1040 129 1080 sic
150 1040 245 1095 ipsa
267 1037 539 1094 Synodorum
561 1043 670 1082 acta,
689 1035 792 1075 licet
810 1034 948 1089 primo
970 1040 1150 1088 aspectu
1172 1032 1371 1081 rudibus,
1392 1039 1528 1087 atque

72 1114 116 1154 in
136 1113 204 1154 his
222 1127 305 1154 non
327 1111 523 1159 versatis,
554 1125 637 1150 non
671 1108 778 1149 nihil
803 1108 1115 1158 admirationis,
1139 1114 1216 1148 aut
1237 1106 1446 1148 stomachi
1468 1107 1527 1146 in-

73 1187 197 1228 terim
234 1186 422 1227 excitare
463 1198 586 1240 posse
629 1182 873 1230 videantur,
909 1181 987 1222 ubi
1020 1188 1165 1221 tamen
1199 1180 1254 1220 ad
1284 1187 1527 1220 extremum

73 1260 215 1301 omnia
241 1260 460 1316 sapienter
481 1257 757 1310 fideliterque
792 1253 1006 1309 perducta
1041 1254 1370 1308 comperientur,
1404 1253 1530 1293 dubi-

73 1333 156 1374 tari
177 1333 352 1373 minime
372 1338 529 1387 potest,
552 1329 658 1386 quin
691 1328 843 1384 majori
865 1326 1016 1367 cadem
1040 1326 1230 1366 omnium
1253 1325 1384 1366 laude
1408 1325 1532 1381 plau-

74 1422 213 1463 suque
249 1405 403 1447 extolli
430 1410 691 1445 mereantur.
757 1402 866 1452 Quis
902 1401 1014 1441 enim
1045 1399 1192 1448 nescit,
1217 1399 1309 1454 pios
1338 1398 1532 1439 fidelium

74 1487 252 1522 conatus
289 1478 472 1520 assiduis
503 1477 735 1519 demonum
768 1474 932 1516 insidiis
968 1473 1141 1521 tentari,
1165 1480 1209 1513 ct
1231 1488 1318 1528 quo
1351 1474 1531 1528 praecla-

73 1555 186 1596 riora
217 1561 429 1610 parantur
460 1567 606 1608 opera,
648 1566 698 1591 eo
738 1557 781 1591 et
824 1547 1114 1589 severioribus
1148 1547 1267 1588 illius
1302 1548 1534 1589 fraudibus

74 1628 237 1684 objici?
278 1627 457 1675 Verum,
481 1641 578 1667 cum
610 1624 701 1665 haec
726 1623 894 1664 Summi
915 1622 1002 1662 Dei
1024 1622 1260 1676 patrocinio
1280 1636 1452 1677 opeque
1475 1623 1535 1661 ni-

75 1710 239 1751 tantur,
261 1701 400 1742 solent
421 1699 571 1741 eadem
595 1705 639 1738 et
660 1697 838 1752 puriora
860 1710 906 1735 ac
928 1694 1180 1742 illustriora,
1204 1701 1413 1749 tanquam
1434 1696 1533 1751 igne

75 1775 334 1822 examinata,
364 1772 589 1829 effulgere.
653 1771 764 1819 Imo,
786 1769 821 1808 si
844 1768 943 1823 quis
966 1781 1244 1822 quaecunquc
1266 1766 1334 1807 hic
1371 1768 1533 1808 accide-

76 1854 180 1887 runt
201 1846 435 1901 diligenter
465 1858 610 1884 secum
632 1839 924 1898 perpenderit,
948 1838 1055 1878 nihil
1084 1853 1168 1878 non
1190 1838 1389 1887 inveniet,
1418 1839 1533 1880 unde

77 1920 165 1960 Dei
197 1919 337 1975 gloria
375 1916 676 1970 Ecclesiaeque
710 1912 917 1969 splendor
950 1911 1090 1966 magis
1124 1910 1353 1952 elucescat.
1417 1912 1534 1953 Nam

77 2008 175 2034 cum
197 1993 239 2033 in
262 1992 323 2033 eis
344 1991 486 2032 multa
503 1988 770 2045 quandoque
794 1985 1095 2041 indignissima
1117 2000 1142 2025 a
1163 1985 1379 2026 nonnullis
1401 1987 1534 2041 patri-

77 2067 161 2107 bus
200 2065 254 2106 de
295 2066 388 2121 ipso
430 2063 707 2105 Sanctissimo
745 2060 965 2108 Pontifice,
1004 2059 1057 2100 de
1094 2059 1288 2100 moribus
1325 2059 1534 2101 Romanae

78 2137 239 2186 Curiae,
262 2136 316 2178 de
338 2136 532 2192 Legatis,
555 2135 609 2176 dc
632 2133 922 2189 Principibus,
941 2133 1109 2187 jactata
1131 2130 1300 2187 legerit,
1323 2146 1459 2173 nonne
1482 2147 1535 2173 ex

77 2214 196 2252 tanta
215 2209 298 2251 haa
319 2208 499 2250 scientia
520 2208 695 2265 plenam
713 2206 844 2247 simul
861 2205 1062 2246 omnibus
1077 2203 1246 2244 dicendi
1269 2203 1534 2254 libertatem,

78 2299 178 2341 quae
195 2299 298 2325 vera
314 2282 542 2338 solidaque
563 2289 629 2323 est
651 2280 814 2322 concilii
832 2280 983 2327 forma,
1007 2278 1201 2319 relictam
1221 2277 1368 2327 fuisse,
1392 2279 1536 2334 quivis

80 2360 310 2414 agnoscet?
383 2357 567 2404 Rursus,
590 2355 625 2396 si
645 2355 819 2396 decreta
841 2368 865 2393 a
885 2352 1142 2393 doctissimis
1165 2352 1374 2392 Patribus
1395 2353 1536 2408 prima

79 2431 326 2487 composita,
351 2429 459 2470 adeo
480 2428 637 2470 deinde
671 2427 832 2469 crebris
865 2426 1050 2467 aliorum
1084 2426 1276 2466 censuris
1306 2433 1468 2475 notata,
1493 2434 1536 2467 ct

79 2507 206 2562 quasi
239 2506 281 2546 in
312 2505 518 2546 invidiam
542 2502 760 2550 convulsa,
790 2517 839 2542 ac
866 2500 919 2541 de
953 2500 1167 2541 industria
1199 2499 1391 2541 lacerata
1412 2501 1534 2540 mire-

79 2586 163 2628 tur,
185 2594 261 2620 cur
281 2593 364 2619 non
385 2577 499 2618 idem
525 2591 737 2618 summam
774 2575 920 2630 potius
953 2573 1103 2629 synodi
1133 2572 1403 2620 industriam,
1430 2573 1536 2629 vigi-

80 2651 271 2700 lantiam,
293 2651 642 2707 sapientiamque
675 2647 1007 2704 contempletur,
1031 2661 1130 2702 quae
1152 2646 1311 2685 nemini
1343 2660 1534 2700 parcens,

79 2724 185 2766 nihil
204 2725 285 2765 nisi
307 2724 494 2765 maxime
513 2723 804 2771 elaboratum,
826 2736 965 2776 eoque
983 2735 1112 2760 censu
1132 2719 1311 2774 dignum
1329 2719 1446 2760 exire
1462 2735 1536 2776 pa-

83 2801 278 2839 teretur?
311 2798 430 2849 Quid
452 2797 505 2838 de
527 2796 591 2837 his
613 2795 814 2852 patribus
837 2794 1045 2839 dicemus,
1078 2792 1167 2847 qui,
1191 2806 1286 2831 cum
1309 2792 1536 2843 affinitate,
