1905 3254
336 264 419 303 200
965 279 1076 307 5Ε55.
1104 278 1162 306 Π.

343 385 495 425 multis
526 384 621 424 aliis
646 383 888 423 rationibus
922 382 1232 428 corroboravit,
1262 380 1579 435 omnipotentes
1611 379 1798 419 actiones

346 455 509 495 Christi
542 469 712 509 semper
748 454 987 508 profuisse3
1026 460 1169 494 tamen
1207 454 1241 493 si
1271 453 1424 493 omnia.
1460 459 1509 493 ut
1544 452 1798 507 plurimum,

347 527 479 567 Cruci
501 527 594 582 ipsi,
620 533 826 581 tanquam
849 533 1040 567 extremo
1064 527 1195 574 actui,
1219 533 1263 567 et
1291 527 1333 566 in
1362 541 1446 581 quo
1474 529 1681 580 majorem
1712 539 1801 564 om-

342 601 442 640 nino
465 600 685 640 caritatem
709 600 930 654 patefecit,
952 600 1116 640 soleant
1141 600 1363 656 assignari.

406 672 606 713 Secunda
636 673 783 728 opinio
811 673 1076 729 praecedenti
1115 673 1328 713 contraria
1361 688 1385 713 a
1418 671 1679 713 Granatensi
1716 671 1802 726 pri-

347 762 465 787 mum
491 747 716 802 proposita
744 745 840 793 fuit,
871 760 1001 800 quam
1037 746 1108 786 alii
1141 746 1335 786 nonnulli
1368 752 1469 785 sunt
1502 745 1669 795 secuti3
1705 758 1804 783 nam

350 819 639 866 Bracarensis,
663 819 915 859 sacrificium
954 819 996 858 in
1030 833 1151 859 coena
1174 834 1257 858 non
1282 819 1577 874 expiatorium
1606 817 1683 859 sed
1711 818 1805 857 Eu-

349 893 623 934 charisticum
662 899 833 932 tantum
873 892 1018 939 fuisse,
1045 892 1213 941 aiebat3
1257 908 1354 932 cum
1394 893 1500 932 alias
1536 897 1805 947 sequeretur,

351 966 573 1006 Christum
610 980 685 1005 nos
723 973 822 1005 ante
859 980 1028 1005 crucem
1062 965 1317 1014 redemisse3
1360 964 1529 1020 hocque
1567 979 1692 1005 sensu
1731 979 1806 1004 au-

351 1039 578 1080 thoritates
611 1053 759 1079 omnes
786 1038 1175 1093 interpretabatur,
1204 1039 1433 1094 loquentes
1455 1039 1499 1078 in
1518 1037 1660 1079 Coena
1681 1038 1808 1079 sacri-

350 1114 510 1160 ficasse,
552 1119 602 1152 ut
643 1111 696 1152 cle
740 1112 945 1152 sacrificio
987 1111 1143 1159 laudis,
1182 1120 1225 1153 et
1265 1111 1318 1151 de
1362 1113 1603 1168 gratiarum
1642 1112 1808 1152 actione

353 1185 635 1240 accipiantur.
699 1184 823 1224 Idem
846 1184 1168 1233 Lancianensis,
1199 1200 1245 1224 ac
1273 1183 1519 1240 'Veglensia
1555 1183 1631 1239 qui
1663 1182 1809 1238 dupli-

353 1272 442 1297 cem
467 1257 631 1297 Christi
653 1257 918 1297 oblationem
942 1257 1075 1297 fuisse
1097 1257 1254 1305 aiebat,
1289 1257 1473 1297 alteram
1497 1257 1744 1313 generalem
1767 1256 1810 1296 in

353 1330 552 1370 omnibus
576 1331 668 1385 ejus
698 1330 948 1377 actionibus,
972 1345 1165 1378 nascens,
1185 1330 1351 1378 docens,
1376 1331 1676 1386 peregrinans,
1698 1330 1812 1385 jeju-

353 1417 548 1457 nansque
572 1402 693 1442 Patri
716 1402 949 1451 offerebat3
979 1403 1161 1443 alteram
1195 1402 1482 1457 spiritualem,
1513 1416 1603 1456 qua
1636 1407 1815 1455 peccata

354 1481 500 1514 nostra
532 1473 752 1528 expiabat,
789 1474 905 1528 quol
947 1480 1043 1514 ante
1079 1473 1265 1514 Crucem
1299 1473 1354 1512 ab
1387 1487 1436 1512 eo
1458 1472 1705 1527 praestitum
1727 1485 1814 1511 non

356 1547 502 1591 fuisse,
538 1560 615 1586 nec
649 1546 693 1585 in
725 1545 903 1586 Canone
941 1546 1089 1586 Missae
1127 1545 1260 1601 hujus
1298 1545 1559 1600 expiationis
1590 1545 1635 1584 in
1674 1543 1816 1585 Coena

356 1621 617 1660 mentionem
640 1619 777 1659 ullam
800 1619 908 1665 fieri,
932 1633 1007 1658 nec
1031 1618 1253 1658 ecclesiam
1279 1632 1475 1672 unquam
1499 1617 1546 1658 id
1573 1616 1816 1664 tradidisse,

357 1692 606 1740 asserebat3
645 1691 837 1746 quinimo
876 1691 1081 1731 Sanctum
1121 1690 1335 1731 Thomam
1366 1691 1468 1731 satis
1500 1689 1545 1730 id
1577 1690 1737 1730 sentire
1772 1690 1816 1730 in

358 1766 399 1805 3³
421 1772 544 1820 larte
568 1773 624 1820 qe.
648 1764 717 1803 46.
743 1771 822 1805 art.
849 1764 903 1803 9⁰.
939 1772 982 1805 et
1007 1772 1062 1819 qe.
1090 1763 1154 1806 77.
1183 1771 1262 1804 art.
1300 1765 1348 1812 53
1384 1763 1456 1804 sed
1491 1763 1648 1804 clarius
1681 1762 1818 1804 OEcu-

360 1840 563 1887 menium,
604 1837 830 1879 authorem
866 1839 1086 1887 Graecum,
1125 1854 1252 1894 quem
1287 1837 1429 1879 Carclis
1479 1838 1747 1880 Varmiensis
1774 1839 1818 1879 in

359 1911 472 1951 libro
496 1912 769 1951 confessionis
791 1927 882 1952 suae
908 1928 999 1967 cap.
1027 1912 1080 1952 53
1103 1913 1221 1953 citat.

421 1985 685 2025 Mutinensis
721 1985 834 2026 idem
876 1985 1120 2034 affirmavit,
1154 1986 1406 2026 sacrificium
1438 1987 1482 2026 in
1515 1986 1656 2028 Coena
1687 1987 1819 2028 fuisse

364 2057 732 2106 Eucharisticum,
755 2058 875 2114 quod
898 2059 1090 2099 nobilius
1113 2067 1155 2099 et
1179 2059 1461 2114 praestantius
1483 2060 1621 2101 multo
1652 2061 1822 2101 caeteris

364 2131 580 2171 sacrificiis
617 2132 885 2180 censebatur,
924 2147 1021 2172 cum
1060 2139 1201 2172 totum
1247 2131 1300 2172 ad
1335 2148 1436 2172 eum
1475 2132 1740 2174 adorandum
1779 2140 1823 2174 ct

365 2204 708 2260 glorificandum,
734 2205 844 2245 sicut
859 2204 1177 2253 holocaustum,
1196 2204 1460 2261 dirigeretur
1476 2223 1484 2246 :
1503 2205 1558 2246 ad
1576 2206 1669 2247 haec
1692 2207 1822 2247 ratio-

365 2290 461 2316 nem
499 2276 619 2317 illam
657 2276 856 2324 adduxit,
898 2276 1090 2316 divinam
1123 2276 1340 2331 justitiam
1379 2277 1584 2318 statuisse
1625 2285 1672 2319 ut
1709 2292 1822 2318 mors

366 2355 546 2389 mortem
568 2348 814 2396 redimeret,
839 2355 1120 2404 quapropter,
1144 2349 1246 2391 licet
1279 2351 1407 2391 unica
1434 2351 1660 2406 sanguinis
1693 2358 1824 2408 gutta

366 2421 578 2462 mundum
606 2436 777 2462 servare
803 2422 1029 2477 potuisset,
1063 2438 1197 2477 quum
1222 2430 1366 2464 tamen
1389 2423 1552 2464 divinae
1570 2424 1756 2477 justitiae
1778 2423 1824 2464 id

366 2508 449 2533 non
472 2493 779 2549 respondisset,
804 2493 958 2535 idcirco
986 2509 1070 2534 non
1104 2502 1191 2534 tam
1226 2495 1505 2542 oblationem,
1541 2511 1673 2551 quam
1704 2497 1824 2538 obla-

367 2566 495 2606 tionis
532 2565 708 2606 modum
745 2566 1032 2607 necessarium
1071 2566 1216 2613 fuisse,
1262 2568 1336 2623 qui
1374 2567 1603 2616 sufficeret,
1643 2568 1734 2614 viz„
1774 2575 1824 2609 ut

367 2653 480 2678 mors
502 2639 597 2693 ipsa
618 2645 662 2678 et
693 2639 922 2694 sanguinis
945 2638 1097 2679 effusio
1120 2646 1403 2694 sequeretur;
1437 2639 1481 2680 in
1505 2655 1593 2695 qua
1610 2641 1825 2681 sententia

367 2710 612 2751 existimare
647 2726 703 2758 se,
736 2726 818 2751 non
851 2711 1161 2752 OEeumenium
1191 2719 1378 2760 tantum,
1407 2712 1482 2753 sed
1520 2713 1824 2768 Augustinum
