1905 3254
698 282 808 312 sEss.
835 282 877 312 11.
1462 266 1516 307 39

50 401 128 442 per
154 388 448 436 secretarium,
472 387 618 444 quoad
647 388 848 428 Annonae
877 388 1237 443 procurationem,
1265 389 1510 429 Antonium

51 461 237 502 Helium
259 462 289 503 J
293 461 682 516 ustinopolitanum
719 460 1020 501 patriarcham
1045 461 1511 517 Hierosolymitanum‚

50 536 294 576 Antonium
331 536 611 591 Scarampum
653 535 925 590 AEquensem
968 536 1240 591 Episcopum
1278 536 1513 583 Nolanum,

50 608 328 650 Dominicum
342 608 436 648 Bol]
444 623 575 649 anum
590 608 863 663 Episcopum
878 608 1166 657 Brixiensem,
1179 616 1222 649 et
1238 609 1513 650 Gulielmum

52 680 341 723 Cassadorum
371 681 644 737 Episcopum
667 680 1080 729 Barchinonensem,
1107 681 1418 723 Commissario
1440 681 1513 723 ad-

44 752 305 809 jungendos.

109 823 263 874 Quoad
285 823 504 873 mandata,
526 825 556 866 J
559 840 595 865 o.
612 824 860 881 Baptistam
878 825 1143 866 Castaneum
1162 824 1409 866 Romanum
1432 826 1514 865 Ar-

52 897 375 953 chiepiscopum
409 897 742 947 Rossanensem,
779 898 809 940 J
813 913 993 939 oannem
1040 899 1210 939 Zuarez
1251 898 1513 939 Lusitanum

52 971 325 1026 Episcopum
360 970 721 1020 Coimbriensem‚
747 971 955 1012 Carolum
992 971 1198 1012 Cicadam
1236 971 1515 1012 Genucnsem

51 1044 324 1100 Episcopum
341 1044 766 1100 Albingaunensem,
782 1051 825 1086 et
841 1044 1058 1086 Didacum
1077 1046 1369 1086 Sarmientum
1386 1045 1518 1100 Epis-

53 1132 210 1173 copum
234 1118 576 1167 Asturicensem,
601 1118 790 1160 delectos
811 1118 1090 1161 denunciant.

112 1191 274 1232 Secuta
308 1190 408 1233 hinc
444 1198 510 1233 est
546 1192 633 1233 alia
671 1191 971 1248 Congregatio
1006 1191 1075 1232 die
1112 1192 1166 1231 :30
1199 1191 1418 1239 Januarii,
1444 1191 1520 1231 ubi

56 1263 326 1305 Mantuanus
358 1264 607 1306 humaniter
636 1265 789 1306 Patres
819 1265 1017 1306 hortatus
1040 1272 1119 1313 est,
1140 1271 1187 1305 ut
1203 1265 1320 1305 omni
1343 1279 1522 1320 prorsus

55 1338 305 1380 ambitionis
325 1354 402 1380 scu
425 1339 714 1380 contentionis
736 1338 881 1380 studio
903 1339 1113 1394 depositO,
1132 1353 1220 1393 qua
1241 1338 1363 1379 dccct
1389 1338 1522 1379 since—

54 1409 196 1458 ritate,
220 1416 353 1467 atque
377 1411 510 1452 animi
527 1410 713 1453 candore
736 1411 789 1452 de
816 1411 951 1452 rebus
973 1411 1079 1452 alias
1100 1410 1337 1466 propositis
1355 1416 1523 1451 senten-

55 1483 160 1524 tiam
182 1483 339 1526 dicant.
404 1483 610 1541 Cumque
638 1485 820 1526 meliora
839 1485 895 1526 ab
927 1484 1024 1525 aliis
1055 1483 1288 1532 audierint,
1313 1483 1400 1523 illis
1430 1497 1524 1524 con-

58 1556 224 1599 cedant.
287 1557 413 1599 Tunc
435 1557 549 1599 enim
572 1558 759 1599 maxime
781 1557 1030 1614 prudentiae
1058 1556 1205 1598 lumen
1233 1557 1419 1605 elucere,
1449 1557 1525 1598 ubi

57 1646 144 1672 non
187 1631 364 1687 proprio
399 1632 678 1687 potissimum
720 1631 861 1672 nitens
896 1631 1076 1687 judicio,
1114 1631 1191 1672 sed
1227 1631 1392 1680 alienis,
1428 1646 1525 1672 cum

59 1710 264 1760 apportet
286 1704 398 1759 quis,
427 1703 670 1744 rationibus
704 1704 919 1759 acquiesci
935 1720 945 1753 3
978 1703 1057 1744 hoc
1080 1704 1274 1745 caritatis
1302 1704 1526 1744 vinculum

58 1776 299 1832 postulare,
324 1784 374 1818 ut
396 1776 541 1818 aliena
561 1784 769 1832 tanquam
791 1782 939 1817 nostra
962 1776 1302 1832 amplectamur3
1334 1776 1415 1817 hoc
1437 1783 1527 1817 tan-

58 1850 157 1892 dem
180 1857 224 1892 et
244 1851 337 1892 loco
359 1851 431 1892 isti
452 1850 618 1898 deberi,
646 1857 695 1891 ut
717 1850 908 1890 omnium
933 1850 1182 1891 voluntates
1204 1850 1354 1891 iisdem
1373 1850 1530 1892 studiis

60 1925 301 1981 conjunctae
318 1923 375 1965 ad
390 1939 526 1965 unum
544 1922 821 1978 eundemque
845 1923 971 1964 finem
994 1923 1249 1965 referantur.

127 2039 254 2086 Hinc
280 2038 573 2086 Secretarius
600 2040 717 2103 legit
746 2040 899 2087 Breve
926 2040 1227 2088 Sanctissimi
1259 2041 1356 2088 Dni
1382 2043 1530 2089 nostri

194 2123 252 2170 de
296 2122 459 2169 Indice
501 2123 733 2170 librorum
776 2124 1130 2181 examinand03
1179 2123 1330 2171 Breve
1375 2125 1433 2171 de
1476 2125 1531 2171 li-

197 2205 393 2252 brorum
421 2204 596 2253 Indice.
637 2206 716 2253 fol.
744 2224 788 2252 x.

121 2302 279 2344 Exorsi
299 2303 441 2360 igitur
463 2311 566 2346 sunt
604 2305 757 2346 Patres
790 2305 954 2361 singuli
983 2305 1222 2345 sententias
1250 2320 1365 2353 suas,
1399 2306 1535 2361 aliqui

67 2377 326 2426 memoriter,
360 2378 522 2434 aliique
552 2394 605 2420 ex
636 2379 812 2435 scripto,
849 2378 1058 2435 proferre,
1094 2393 1283 2433 quarum
1317 2394 1400 2434 ego
1428 2395 1534 2420 non-

68 2449 208 2490 nullas
227 2451 271 2491 in
294 2451 518 2507 praesenti,
542 2459 587 2493 et
621 2452 805 2508 sparsim
828 2458 1016 2500 tantum,
1048 2452 1294 2499 recensebo,
1318 2459 1535 2507 quantum

69 2536 217 2564 omnes
237 2523 463 2580 sigillatim
486 2539 821 2566 commemorare
856 2524 984 2566 nimis
1014 2525 1193 2580 longum
1231 2531 1275 2565 et
1305 2525 1537 2566 molestum

74 2602 200 2637 esset.
234 2595 366 2638 Volui
384 2603 548 2645 autem,
566 2604 618 2638 ut
640 2612 694 2638 ex
717 2597 786 2638 his
808 2599 958 2653 paucis
980 2612 1071 2638 mos
1085 2597 1267 2639 Patrum
1290 2598 1334 2638 in
1351 2597 1541 2640 ferendis

71 2667 289 2725 suffragiis
321 2669 613 2726 intelligatur,
637 2671 715 2726 qui
737 2671 779 2711 in
803 2671 984 2725 reliquis
1005 2671 1191 2727 negotiis
1221 2686 1303 2711 non
1333 2671 1542 2713 absimilis

73 2746 178 2788 erat,
206 2749 340 2797 prout
370 2743 432 2783 rei
469 2743 742 2798 propositum
779 2751 1089 2799 argumentum
1118 2743 1310 2791 ferebat3
1341 2745 1543 2798 quamvis

74 2827 157 2854 non
179 2815 373 2870 negarim
396 2816 438 2856 in
461 2823 549 2857 tam
570 2831 728 2872 magno
750 2817 932 2857 Patrum
956 2831 1136 2857 numero
1169 2831 1253 2856 non
1275 2816 1475 2865 defuisse,
1499 2827 1543 2859 et
