1905 3254
715 255 825 285 snss.
854 255 910 286 vl.
1460 251 1544 290 225

85 369 264 397 suorum
301 358 567 414 populorum
603 376 704 417 pars
745 379 769 404 a
810 363 1060 407 Christiana
1099 368 1273 409 omnino
1315 369 1537 427 religione,

86 434 221 483 atque
253 430 385 471 etiam
420 447 445 472 a
477 447 554 473 suo
596 433 789 490 Imperio
822 436 1037 486 deficiant,
1072 454 1181 494 quos
1212 440 1284 482 ille
1317 441 1458 484 adhuc
1493 444 1538 485 in

85 499 222 541 officio
255 505 304 542 ea
335 509 509 544 tantum
545 506 713 547 ratione
747 510 972 557 continuit,
1005 511 1125 565 quod
1157 527 1282 568 spem
1304 513 1425 556 dedit
1445 517 1537 558 fore

85 571 222 621 brevi,
245 581 296 615 ut
325 590 474 616 eorum
503 578 616 618 votis
636 578 833 621 Ecclesia
854 583 1121 624 satisfaceret
1134 601 1145 634 3
1178 586 1213 625 si
1235 602 1336 627 vero
1356 591 1535 643 permit-

83 643 204 692 titur,
236 647 378 686 onmia
410 662 463 688 ex
499 651 717 691 sententia
751 667 1001 695 successura
1032 670 1112 710 pro
1144 664 1258 698 certo
1291 659 1533 713 pollicetur,

80 724 210 773 atque
244 720 480 762 confirmat.
544 724 653 773 Quis
681 740 786 782 ergo
819 734 908 769 tam
937 728 1009 783 pio
1037 735 1079 770 et
1106 731 1315 785 prudenti
1338 733 1532 790 Impera-

81 790 163 830 tori
197 805 281 831 non
316 792 493 834 credat?
530 796 627 851 quis
661 804 778 839 tanto
815 802 908 841 viro
940 801 993 842 de
1026 803 1114 843 suis
1144 804 1278 845 rebus
1301 806 1533 849 affirmanti

76 863 235 905 audeat
255 864 496 921 refragari?
529 884 672 925 neque
695 886 798 913 vcro
827 888 949 915 suam
973 875 1093 931 apud
1116 891 1190 917 vos
1215 878 1529 922 authoritatem

75 942 247 978 tantum
282 938 443 981 habere
479 942 680 996 ponderis
716 947 927 1000 postulat,
971 955 1021 989 ut
1062 949 1179 1004 quod
1219 966 1303 993 non
1340 954 1528 1008 possitis,

77 1009 195 1064 quod
216 1025 301 1051 non
329 1011 393 1052 fas
423 1012 491 1061 sit,
525 1015 642 1069 quod
669 1031 753 1057 non
781 1018 922 1068 liceat,
954 1028 1187 1076 propterea
1220 1023 1411 1066 faciatis:
1445 1041 1529 1066 non

74 1087 138 1121 est
177 1082 212 1121 is
246 1082 407 1131 Caesar,
441 1086 517 1141 qui
552 1103 651 1128 cum
681 1091 795 1145 juris
832 1094 978 1141 vestri,
1009 1110 1055 1135 ac
1085 1098 1317 1150 potestatis
1350 1099 1526 1140 tuendae

70 1160 220 1208 partes
241 1158 467 1207 sustineat,
491 1166 534 1200 et
555 1162 768 1203 sustinere
790 1172 927 1206 morte
950 1166 1045 1222 ipsa
1073 1176 1258 1223 paratus
1289 1171 1344 1211 sit
1376 1179 1527 1213 contra

66 1230 141 1281 jus
162 1233 204 1268 et
225 1235 488 1283 potestatem
513 1240 697 1275 vestram
725 1236 894 1291 aliquid
926 1245 1004 1279 aut
1039 1242 1248 1296 requirat,
1280 1250 1357 1284 aut
1390 1245 1524 1285 medi-

69 1306 200 1343 tetur.
260 1302 349 1344 Res
381 1306 624 1360 cujusmodi
656 1308 712 1349 sit
739 1311 1075 1368 praeclarc'ipse
1102 1314 1325 1372 intelligit.
1387 1319 1525 1360 Novit

67 1387 228 1413 morem
259 1373 467 1417 Ecclesiae
501 1392 673 1434 semper
703 1381 847 1431 fuisse,
881 1391 931 1424 ut
963 1400 1064 1440 quac
1093 1386 1147 1427 ad
1170 1390 1266 1444 ejus
1288 1390 1522 1432 arbitrium

66 1445 347 1499 pertinerent,
371 1448 416 1489 id
438 1457 503 1491 est
526 1466 625 1506 quae
648 1454 770 1495 salva
790 1455 875 1497 fide
904 1463 1079 1512 possent
1112 1459 1271 1502 inverti
1305 1478 1382 1517 pro
1416 1470 1521 1505 tem-

66 1530 222 1571 porum
244 1520 424 1568 ratione,
446 1531 745 1567 commutaret.
809 1527 881 1569 Ita
914 1535 957 1569 ct
988 1530 1031 1570 in
1064 1532 1216 1573 multis
1241 1535 1374 1576 rebus
1407 1543 1450 1577 et
1478 1537 1520 1577 in

64 1602 115 1628 ea
131 1589 227 1644 ipsa
241 1591 400 1633 Calicis
424 1598 748 1648 communione,
780 1615 894 1649 nam,
910 1617 1007 1642 cum
1030 1603 1135 1644 nihil
1158 1613 1288 1647 antea
1306 1607 1359 1648 de
1378 1608 1457 1649 hac
1474 1625 1519 1650 re

63 1664 277 1706 sancitum
300 1674 424 1716 esset,
446 1669 490 1709 in
520 1669 716 1712 Concilio
743 1674 937 1727 primum
968 1676 1293 1720 Constantiensi
1324 1682 1395 1723 lex
1428 1684 1520 1725 lata

63 1735 162 1786 fuit,
187 1752 287 1793 quae
310 1740 459 1781 multis
481 1742 524 1781 in
546 1742 625 1783 hoc
647 1759 805 1799 genere
827 1753 870 1787 et
891 1747 1172 1791 incommodis
1203 1760 1246 1793 et
1277 1753 1518 1798 haeresibus

61 1816 330 1859 occurrerct3
364 1826 495 1867 quam
528 1814 672 1870 legem
697 1817 741 1856 in
773 1817 857 1857 alio
877 1820 1010 1874 paulo
1033 1829 1132 1876 post
1155 1823 1346 1866 Concilio
1368 1827 1518 1884 aliqua

60 1894 114 1920 ex
147 1889 273 1936 parte
305 1884 485 1938 publica
516 1887 679 1929 utilitas
713 1891 956 1946 abrogavit,
986 1909 1080 1935 eam
1103 1910 1188 1937 non
1208 1898 1338 1954 longo
1361 1909 1516 1956 postca

57 1951 291 1994 intervallo
325 1956 432 1997 Pius
466 1958 694 2001 Secundus
735 1964 937 2006 Pontifex
981 1966 1101 2009 Max.
1140 1971 1346 2021 restituit,
1389 1980 1514 2031 eujus

57 2024 231 2068 demum
254 2028 477 2071 irritandae
501 2039 763 2086 potestatem
793 2037 960 2078 Paulus
985 2040 1072 2081 III.
1096 2049 1140 2082 et
1171 2043 1333 2093 Julius,
1356 2050 1514 2090 summi

57 2098 298 2148 Pontifices,
323 2104 498 2144 tametsi
520 2120 587 2146 res
607 2121 691 2147 non
714 2112 979 2158 successerit,
1004 2124 1318 2158 concesserunt.

116 2171 234 2220 Quid
271 2173 446 2216 Graecos
480 2192 822 2229 commemorem,
856 2183 931 2237 qui
958 2199 1011 2224 ne
1035 2186 1090 2225 ab
1112 2186 1322 2230 Ecclesia}
1344 2194 1511 2246 gremio

55 2241 417 2296 distraherentur,
459 2249 576 2290 falsis
619 2252 767 2293 multis
808 2269 957 2295 corum
1006 2258 1295 2312 opinionibus,
1347 2266 1510 2318 quibus

54 2320 198 2357 tamen
218 2317 326 2359 nihil
350 2319 402 2361 dc
433 2321 658 2364 Catholica
688 2325 770 2366 fide
796 2326 1111 2377 detraheretur,
1145 2338 1191 2372 et
1222 2333 1265 2372 in
1302 2333 1381 2376 hoe
1414 2337 1508 2393 ipso

55 2387 214 2430 Calicis
239 2406 320 2432 usu
344 2401 420 2434 aut
447 2410 650 2445 annuere,
674 2405 751 2438 aut
773 2401 1002 2442 connivere
1029 2402 1227 2445 Ecclesia
1257 2411 1506 2461 consuevit3

51 2468 94 2502 et
127 2463 302 2518 quidem
335 2468 567 2521 praeclare:
601 2471 759 2510 etenim
788 2472 822 2512 si
845 2472 991 2514 Moses
1010 2476 1175 2530 populo
1213 2477 1267 2518 ad
1298 2478 1505 2524 duritiem

50 2533 187 2575 cordis
219 2541 313 2591 chs
348 2540 558 2580 nonnulla
590 2543 864 2597 permiserat,
901 2560 977 2585 eur
1009 2546 1122 2587 idem
1156 2550 1280 2591 nobis
1306 2566 1391 2594 non
1420 2570 1504 2598 ser-

50 2605 237 2647 vandum
273 2611 366 2650 est?
409 2626 484 2651 eur
515 2613 624 2653 ritus
658 2621 702 2655 et
736 2616 1070 2657 consuetudines
1113 2618 1327 2662 chariores
1371 2640 1502 2680 quam

51 2678 287 2722 animarum
321 2683 505 2725 salutem
531 2684 819 2728 habebimus?
853 2704 940 2736 cur,
965 2704 1018 2730 ex
1042 2691 1245 2745 Apostoli
1268 2707 1501 2754 praecepto,

49 2747 313 2806 insipientes,
346 2771 442 2797 cum
471 2758 604 2799 simus
641 2760 724 2814 ipsi
756 2762 985 2817 sapientes,
1017 2778 1098 2804 non
1131 2768 1502 2813 sustinuerimus?

1244 2852 1269 2883 Q
