1905 3254
312 273 397 313 406
936 287 1050 318 SEss.
1076 287 1152 317 vn.

314 407 398 433 non
434 399 500 433 cst
537 393 698 447 passim
734 407 813 448 pro
848 393 1003 448 quovis
1026 392 1182 434 delicto
1217 399 1292 434 aut
1320 394 1589 434 contumacia
1624 393 1767 435 decer·

311 464 465 513 nenda,
499 465 576 506 sed
606 480 687 521 pro
721 466 978 522 gravissimo
1011 472 1180 506 tantum
1215 473 1404 522 peecatO,
1432 482 1618 522 cumque
1638 467 1683 507 in
1705 483 1771 517 eo,

310 545 410 594 post
431 554 562 579 unam
581 545 625 580 et
639 539 818 580 alteram
836 545 878 580 et
894 554 1207 595 nonnunquam
1225 540 1398 581 tertiam
1417 540 1767 589 admonitionem,

310 627 410 653 reus
431 617 695 667 perseveret.

371 686 440 725 32.
474 685 544 726 De
567 685 793 726 Beneficiis
824 685 1012 726 forenses
1037 686 1354 734 controversiae,
1389 701 1489 742 quae
1517 686 1768 727 universum

312 758 401 799 fere
443 758 654 799 Ecclescum
696 757 890 798 ordinem
931 758 1350 806 contaminaverunt,
1383 773 1469 798 non
1502 758 1639 798 solum
1673 758 1768 798 bre-

310 832 450 871 viores
492 837 633 876 erunt,
678 831 853 871 sublata
892 830 1090 885 petitoris
1131 838 1173 871 et
1219 830 1478 886 processoris
1524 830 1568 870 in
1611 829 1769 870 Causis

311 904 579 944 Benealibus
616 919 758 959 nuper
790 905 965 944 inventa
997 903 1284 952 distinctione,
1317 904 1393 944 sed
1424 905 1598 944 omnino
1634 919 1768 945 cessa-

311 976 438 1023 bunt,
481 976 515 1016 si
547 976 735 1017 sublatis
769 976 900 1017 etiam
933 976 1186 1016 Basiliensis
1218 976 1397 1016 Concilii
1419 976 1768 1016 Universitatum

309 1050 675 1090 nominationibus
706 1050 990 1106 praecipiatur
1019 1049 1264 1104 EpiscopiS,
1289 1055 1338 1090 ut
1360 1050 1505 1090 Benezi
1529 1050 1767 1090 secundum

312 1122 519 1178 Gregorii
541 1122 867 1169 authoritatem,
890 1137 975 1163 non
998 1122 1295 1163 ambientibus
1316 1122 1392 1163 sed
1413 1122 1703 1178 fugientibus,
1727 1130 1771 1164 et

308 1194 363 1235 de
402 1195 509 1236 Ecea
547 1196 826 1236 benemeritis
867 1196 1155 1236 conserantur.
1218 1195 1379 1236 Merita
1412 1203 1557 1236 autem
1591 1197 1634 1236 in
1672 1197 1768 1237 uni-

310 1283 483 1309 versum
514 1268 848 1323 judicabuntur,
880 1269 916 1309 si
946 1275 1044 1323 post
1074 1268 1378 1323 magisterium
1404 1276 1481 1310 aut
1504 1269 1639 1309 alium
1673 1284 1768 1325 gra-

309 1342 413 1383 dum
436 1343 480 1382 in
511 1341 664 1382 scholis
697 1341 919 1398 adeptum,
954 1343 1001 1388 is,
1034 1343 1103 1383 cui
1136 1343 1357 1383 confertur
1387 1343 1669 1392 Beneficium,
1694 1359 1769 1384 au-

310 1415 432 1456 thore
467 1416 584 1471 Epo,
619 1422 662 1456 et
703 1416 918 1470 probante
954 1416 1121 1470 populo
1158 1415 1293 1455 fuerit
1337 1415 1515 1470 publice
1552 1417 1769 1457 conciona-

307 1496 379 1529 tus
412 1489 560 1544 aliquo
594 1495 818 1544 tempore3
851 1504 1040 1544 cumque
1063 1488 1309 1529 ordinarius
1343 1489 1475 1529 semel
1498 1490 1765 1530 Beneficium

308 1562 550 1608 contulerit,
595 1569 670 1602 aut
707 1562 925 1602 Patronus
961 1561 1305 1616 praesentaverit,
1348 1576 1432 1602 non
1474 1562 1600 1602 aliter
1642 1562 1768 1604 liceat

309 1634 522 1691 superiori
557 1635 762 1681 conferre,
798 1649 929 1690 quam
960 1649 1004 1675 se
1031 1635 1154 1689 prius
1188 1642 1520 1690 praesentatum,
1555 1642 1632 1676 aut
1668 1651 1767 1677 eum

310 1710 379 1750 cui
400 1709 606 1750 collatum
630 1716 694 1750 est
715 1709 985 1749 Beneficium
1009 1711 1079 1749 eol
1103 1708 1310 1750 beneficio
1328 1708 1498 1765 Judices
1518 1724 1603 1750 non
1623 1709 1767 1766 indig-

307 1797 413 1822 num
431 1782 733 1837 judicaverint.

368 1855 434 1896 33.
481 1855 608 1905 Quod
641 1856 676 1895 si
717 1854 950 1910 aliquando
982 1854 1035 1895 de
1073 1855 1322 1896 conferendi
1363 1862 1441 1896 aut
1472 1856 1768 1910 praesentandi

309 1934 523 1983 potestate
544 1928 596 1968 lis
618 1928 799 1976 oriatur,
831 1927 1023 1983 primum
1047 1928 1102 1968 ab
1129 1928 1352 1984 Episcopo
1374 1927 1647 1978 Dioecesano,
1671 1944 1766 1970 con-

309 2000 423 2040 sulto
446 1999 671 2055 Capitulo,
705 2000 984 2047 OEconomus,
1019 2000 1236 2040 Beneficio
1259 2006 1454 2047 vacante,
1488 2001 1765 2055 praeficiatur,

309 2075 387 2129 qui
420 2074 591 2115 fructus
631 2089 777 2115 omnes
809 2073 1035 2129 percipiat,
1070 2080 1115 2114 et
1150 2088 1332 2114 munera
1372 2074 1517 2114 onmia
1556 2074 1766 2115 Ecclesiae

309 2147 480 2195 subeat,
528 2147 700 2202 [deinde
743 2147 992 2203 litigatores
1031 2146 1299 2188 consentiant
1339 2147 1382 2187 in
1429 2147 1599 2202 aliquot
1649 2148 1765 2188 viros

309 2219 512 2268 delectos,
543 2227 586 2261 et
606 2219 946 2274 ecclesiasticos,]
962 2224 974 2242 ²
995 2226 1039 2260 et
1061 2220 1097 2259 si
1117 2234 1202 2260 non
1229 2219 1444 2276 elegerint
1469 2221 1525 2261 ab
1549 2220 1766 2276 Episcopo

309 2292 545 2340 dabuntur,
573 2293 650 2349 qui
670 2293 823 2334 saltem
852 2293 963 2333 infra
993 2308 1070 2334 sex
1102 2307 1271 2333 menses
1302 2293 1426 2334 litem
1459 2294 1635 2334 omnino
1664 2293 1766 2334 diri-

309 2373 414 2416 mat,
438 2382 463 2408 a
484 2367 644 2423 quibus
675 2366 889 2422 appellari
918 2381 1004 2407 non
1028 2366 1184 2416 liceat,
1218 2373 1305 2414 aut,
1334 2367 1369 2407 si
1390 2368 1609 2410 existimet
1631 2368 1765 2423 Syno-

310 2440 393 2481 dus
414 2441 703 2497 appellationi
735 2440 1031 2487 deferendum,
1064 2440 1301 2481 mandetur
1331 2440 1498 2482 interea
1518 2441 1766 2482 executioni

311 2515 540 2563 sententia,
574 2529 718 2571 neque
751 2521 953 2556 teneatur
985 2528 1249 2561 oeconoanS,
1287 2520 1364 2555 aut
1394 2515 1471 2569 qui
1505 2514 1765 2556 sententiam

310 2585 428 2639 prior
460 2587 663 2635 obtinuit,
685 2588 914 2628 restituere
948 2586 1115 2627 fructus
1148 2585 1369 2641 pendente
1408 2587 1485 2627 lite
1518 2594 1764 2643 perceptOS,

311 2659 387 2713 qui
426 2665 598 2701 tantum
638 2661 825 2701 ministri
866 2667 910 2701 et
952 2674 1200 2715 pauperum
1244 2659 1458 2701 alimentis
1499 2660 1650 2701 cedere
1691 2660 1761 2702 de-

310 2730 469 2780 beant3
502 2732 564 2772 ita
585 2733 660 2774 fiet
686 2740 736 2773 ut
757 2740 833 2774 aut
853 2733 976 2774 nulla
996 2747 1192 2788 unquam
1214 2733 1267 2773 lis
1288 2732 1342 2773 de
1364 2733 1513 2782 beneo‘,
1537 2741 1586 2775 ut
1608 2734 1643 2774 si
1663 2749 1762 2790 quae

309 2803 453 2850 fuerit,
477 2804 600 2845 brevi
621 2806 901 2862 transigatur.

481 2892 488 2910 ¹
514 2894 552 2924 111
574 2895 645 2925 MS.
1117 2894 1130 2912 ²
1152 2895 1304 2936 Supplied
1323 2896 1402 2927 from
1419 2896 1503 2936 Ripa
1517 2897 1591 2927 edit.

1892 884 1899 1404 ψ-νψ-α--ψ--ς-Ἇ-ν-ῌ-
1890 531 1898 875 ..,....--.-.,-.-«....«-....
1890 490 1895 507 .-
1890 450 1895 482 ,—
1888 213 1895 435 0--„.-—»--0—.
