1905 3254
337 310 421 351 614
957 327 1066 357 sEss.
1089 326 1182 357 v111.

341 433 470 474 finem
506 433 699 475 Concilii.
764 434 960 490 Ideoque
996 449 1039 475 se
1074 449 1186 475 nunc
1224 434 1279 474 ad
1310 449 1409 475 eum
1442 434 1688 489 scripturos,
1716 450 1794 476 nec

343 513 471 548 antea
492 508 577 548 illis
599 508 729 549 licere
749 508 850 549 huic
877 508 1182 563 protestationi
1204 508 1459 548 consentire.
1523 507 1693 556 Comes,
1716 507 1794 548 ‹iif-

343 580 536 622 ficultate
571 588 812 637 perspecta,
846 581 1133 622 differendum
1169 587 1312 636 putat,
1350 581 1505 637 quoad¹
1551 596 1576 621 a
1618 581 1794 622 Caesare

340 653 477 694 literae
519 655 767 702 afferantur,
809 654 1072 710 interimque
1107 654 1186 694 Sm⁰
1215 654 1360 694 omnia
1395 653 1627 709 significari
1659 660 1794 701 curat,

341 740 518 780 sperans
549 727 750 775 eundem,
773 734 823 768 ut
850 727 1062 782 promissa
1097 741 1177 767 sua
1208 732 1397 781 praestet,
1421 726 1616 782 Legatos
1650 727 1695 766 in
1729 741 1794 767 co-

340 801 522 841 arctiore
573 801 777 842 mandato
807 816 898 842 esse
934 801 1258 847 obstricturum,
1297 806 1338 841 et
1375 814 1425 840 eo
1475 800 1615 841 tutius
1650 800 1796 840 omnia

340 888 603 914 successura.

398 945 566 985 Eadem
588 945 657 986 die
691 946 746 986 28
770 945 1041 1000 Septembris
1070 945 1190 991 1563,
1214 944 1418 985 dicuntur
1439 951 1540 985 vota
1574 959 1707 1000 super
1740 946 1789 985 21

341 1017 534 1057 articulis
566 1017 896 1065 reformationis,
918 1018 1029 1057 iuter
1060 1032 1170 1072 quos
1199 1017 1329 1072 Epus
1365 1015 1668 1056 Guadicensis²
1691 1016 1793 1057 His-

338 1105 480 1144 panus
502 1090 642 1131 multa
663 1097 811 1130 contra
832 1089 1034 1130 officiales
1058 1090 1206 1130 Curiae
1229 1089 1362 1139 dixit3
1395 1090 1644 1145 catalogum
1663 1092 1792 1131 etiam

340 1164 443 1204 satis
475 1163 655 1219 longum
677 1178 902 1204 recensens
918 1163 1108 1203 omnium
1124 1162 1456 1219 expeditionum
1472 1170 1515 1203 et
1531 1163 1792 1211 officialium,

340 1236 503 1292 quibus
523 1236 676 1276 solutae
700 1236 755 1276 ab
779 1251 829 1277 co
852 1238 1030 1277 fuerunt
1057 1236 1255 1292 pecuniae
1279 1236 1322 1276 in
1350 1235 1632 1292 expediendis
1653 1236 1795 1277 Bullis

338 1310 452 1350 Ecce
495 1323 600 1355 suae,
654 1309 968 1363 nominansque
1020 1323 1381 1364 unumquemque
1427 1323 1592 1356 eorum,
1635 1308 1794 1363 quibus

339 1380 515 1435 aliquod
536 1380 736 1427 solverat,
760 1394 945 1434 quorum
968 1380 1162 1421 omnium
1184 1380 1364 1420 collecta
1385 1394 1557 1420 summa
1576 1379 1686 1420 dixit
1702 1394 1793 1421 esse

337 1454 461 1495 4856.

396 1526 645 1567 Nucerinus
665 1526 934 1580 subsequens
955 1526 1102 1566 statim
1124 1531 1378 1579 extempore
1412 1523 1467 1564 ad
1493 1524 1602 1564 hanc
1624 1530 1792 1579 partem

338 1599 561 1654 ingeniose
598 1604 640 1638 et
681 1597 922 1653 prudenter
961 1596 1201 1652 respondit,
1241 1595 1401 1639 dicens,
1442 1595 1692 1636 existimare
1734 1611 1791 1644 se,

338 1671 485 1710 Dfium
524 1669 845 1711 Guadicensem
876 1669 1071 1710 locutum
1106 1669 1239 1709 fuisse
1271 1683 1325 1709 ex
1358 1668 1490 1708 animi
1522 1669 1792 1717 conscientia,

340 1759 491 1785 verum
513 1759 597 1784 non
618 1744 727 1784 forte
751 1759 804 1784 ex
825 1743 1015 1791 scientia,
1039 1744 1240 1798 quoniam
1263 1743 1465 1798 iniquum
1497 1750 1563 1783 est
1595 1742 1793 1784 subtrahi

337 1819 416 1867 illi,
440 1819 515 1874 qui
536 1825 602 1859 est
620 1817 775 1858 Pastor
796 1816 1055 1857 universalis
1067 1816 1259 1856 omnium
1281 1816 1593 1863 Ecclesiarum,
1614 1832 1677 1864 ea,
1693 1831 1793 1872 quae

338 1893 399 1933 illi
421 1893 476 1933 ad
498 1894 593 1948 ejus
615 1891 977 1932 sustentationem
1005 1896 1107 1930 sunt
1128 1889 1369 1929 necessaria
1381 1905 1392 1938 3
1426 1894 1470 1929 et
1491 1889 1617 1929 sicuti
1639 1904 1793 1945 argue-

338 1974 460 2007 retur
481 1966 598 2006 laesae
626 1963 879 2021 majestatis,
917 1963 995 2018 qui
1037 1968 1259 2007 assereret,
1294 1961 1574 2016 Principibus
1607 1961 1793 2002 Saecula-

337 2040 459 2080 ribus
472 2039 670 2094 proprios
683 2037 849 2078 reditus
863 2050 955 2077 esse
971 2033 1242 2081 auferendos,
1257 2034 1316 2074 sic
1330 2034 1510 2089 gravius
1523 2032 1792 2089 delinquere,

339 2112 413 2168 qui
450 2125 653 2166 supremo
682 2109 878 2165 Principi
912 2124 959 2149 ac
993 2106 1161 2148 Christi
1193 2106 1365 2147 Vicario
1395 2121 1446 2146 ea
1474 2106 1578 2146 velit
1609 2106 1791 2162 eripere,

339 2199 438 2239 quae
472 2184 523 2231 ci,
558 2199 610 2224 ex
644 2182 860 2223 fructibus
898 2180 1194 2221 Ecclesiarum
1232 2183 1331 2234 jure
1363 2179 1529 2235 optimo
1561 2178 1791 2220 debentur.

340 2257 500 2311 Itaque
523 2257 567 2296 in
589 2256 654 2295 his
665 2270 750 2295 non
766 2260 939 2295 tantum
954 2251 1304 2307 respondendum
1323 2251 1441 2307 quod
1457 2251 1593 2293 dictat
1608 2253 1790 2300 animus,

337 2330 411 2371 sed
435 2329 553 2386 quod
575 2328 752 2370 scientia
771 2341 918 2368 rerum
942 2332 984 2366 et
1007 2340 1112 2365 usus
1134 2325 1227 2379 ipse
1248 2323 1382 2365 docet.

726 2449 817 2496 Die
843 2452 906 2495 30
932 2445 1230 2510 Septembris
1261 2447 1401 2492 1563.

395 2566 652 2619 Sequuntur
676 2561 1051 2616 Congregationes
1073 2565 1116 2600 et
1137 2566 1238 2599 vota
1268 2573 1400 2615 super
1426 2560 1474 2599 21
1502 2560 1694 2600 articulis
1725 2575 1788 2601 re-

335 2638 615 2678 formationis.

381 2749 386 2759 ·
415 2743 520 2779 Quod,
539 2742 610 2772 MS.

376 2804 387 2819 ²²
413 2802 574 2840 Certainly
590 2806 642 2832 not
660 2800 868 2835 Gradicensis,
883 2810 915 2829 as
932 2799 964 2829 in
980 2798 1030 2829 the
1048 2798 1132 2835 MS„
1147 2808 1202 2828 nor
1218 2796 1408 2827 Gardiensis.
1451 2798 1507 2827 See
1530 2796 1666 2835 Pallav.‚
1684 2797 1786 2833 xxiii„

333 2857 378 2885 iii.
395 2857 445 2886 2-5.
