1905 3254
804 268 845 307 11

414 670 591 712 ACTA
637 669 861 712 PRIMAE
904 670 1242 712 SESSIONIS.

97 823 372 864 Scmpwnus
403 839 465 872 ea,
503 840 602 879 quae
635 825 679 864 in
715 823 976 864 Tridentino
1001 823 1207 871 Concilio,
1232 840 1299 865 me
1331 833 1559 880 prasente,

96 904 189 937 acta
231 897 418 946 fuerunt,
456 899 665 939 nonnulla
698 898 832 954 paulo
875 898 1006 938 altius
1049 898 1103 938 ab
1141 897 1333 954 ejusdem
1375 898 1562 940 Concilii

94 970 342 1025 primordiis
390 972 629 1027 repetenda
674 971 793 1012 duxi.
826 979 876 1012 ut
920 986 1019 1026 quae
1055 970 1133 1011 hoc
1167 979 1364 1026 tempore
1412 973 1561 1013 subse-

95 1050 235 1098 quuta
256 1051 371 1091 sunt,
390 1045 564 1099 plenius
586 1045 905 1099 intelligantur.
942 1044 1073 1084 Adsit
1095 1044 1201 1084 mihi
1216 1044 1309 1085 haec
1330 1045 1561 1087 meditanti

96 1117 302 1159 Coelestis
327 1119 474 1160 Sancti
500 1120 692 1174 Spiritus
717 1120 872 1174 gratia,
898 1134 998 1174 quae
1016 1120 1189 1159 emittat
1212 1119 1352 1159 lucem
1378 1127 1420 1160 et
1449 1121 1561 1160 veri-

95 1197 228 1232 tatem
251 1206 386 1238 suam,
423 1192 538 1233 unde
572 1193 816 1233 illustratus
850 1207 901 1232 ea
936 1191 1124 1232 fideliter
1156 1193 1422 1233 conscribam
1462 1208 1562 1248 quae

94 1264 137 1304 in
170 1270 364 1304 eternam
402 1265 522 1304 illius
560 1264 758 1320 gloriam,
792 1265 961 1305 Sanctae
990 1264 1199 1305 Ecclesia:
1231 1266 1560 1314 incrementum,

92 1336 333 1393 legentium
356 1338 609 1387 utilitatem,
632 1344 998 1393 peccatorumque
1033 1352 1229 1379 meorum
1263 1339 1558 1380 remissionem

94 1410 333 1465 proficiant.

153 1484 264 1524 Cum
287 1484 387 1524 olim
410 1484 575 1524 Paulus
598 1483 677 1524 III.
706 1484 830 1524 Pont.
871 1483 991 1524 Max.
1031 1483 1219 1524 nefarios
1258 1483 1560 1525 haereticorum

95 1564 273 1598 conatus
304 1557 443 1598 indies
475 1558 617 1613 inagis
649 1563 842 1597 cerneret
877 1557 1130 1611 propagari,
1166 1571 1408 1613 eorumque
1444 1559 1563 1598 virus

95 1629 308 1684 paulatim
341 1631 384 1670 in
418 1638 552 1671 totam
575 1645 685 1686 pene
710 1629 1005 1677 Germaniam,
1028 1630 1311 1678 Pannoniam,
1337 1631 1562 1687 Angham,

94 1710 137 1744 et
170 1704 380 1744 nonnulla
416 1703 556 1744 Italiae
580 1704 674 1744 loca
709 1703 953 1758 inrepsisse,
977 1703 1145 1750 statuit,
1168 1703 1223 1743 ad
1255 1705 1397 1745 morbi
1430 1705 1562 1760 hujus

95 1776 260 1818 radices
298 1777 602 1817 convellendas
645 1776 978 1816 OEcumenicum
1023 1775 1270 1816 Concilium
1315 1792 1560 1826 convocare,

96 1856 272 1904 petente
294 1865 392 1890 eum
416 1850 658 1905 praesertim
676 1850 808 1890 etiam
828 1848 987 1889 Carolo
1002 1849 1053 1889 V.
1082 1848 1192 1904 Imp.
1242 1849 1563 1907 Indixitigitur

97 1923 309 1978 imprimis
331 1923 373 1963 in
406 1923 560 1963 urbem
599 1922 844 1969 Mantuam,
879 1921 980 1962 inde
1014 1922 1271 1969 Vicentiain,
1307 1939 1394 1978 quo
1429 1925 1560 1966 etiam

97 1993 354 2035 Cardinales
395 1994 524 2035 misit.
603 1995 774 2041 Postea,
820 2001 872 2035 ut
914 1994 1045 2034 simul
1099 1994 1271 2034 facilius
1321 1994 1561 2037 Christiani

96 2065 321 2120 Principes
363 2073 539 2120 possent
591 2067 832 2114 convenire,
887 2066 1198 2107 Tridentinum
1243 2066 1453 2117 traduxit,
1510 2085 1560 2110 eo

95 2137 214 2193 quod
254 2137 346 2179 haec
386 2140 540 2180 civitas
581 2140 742 2180 exteris
784 2140 1049 2188 nationibus,
1089 2155 1136 2180 ac
1173 2140 1216 2180 in
1254 2141 1406 2196 primis
1450 2142 1559 2183 Ger-

96 2212 251 2252 maniae
279 2212 363 2268 ipsi
388 2220 500 2254 esset
523 2219 785 2268 opportuna,
809 2228 862 2254 ex
891 2228 978 2268 qua
999 2215 1221 2269 praecipue
1243 2214 1335 2255 haec
1356 2214 1558 2257 schisma-

95 2286 181 2326 tica
216 2294 408 2328 monstra
429 2287 624 2342 quotidie
648 2287 823 2342 prodire
858 2287 1237 2344 intelligebantur.
1304 2288 1558 2331 Inchoatuni

96 2367 241 2401 autem
266 2360 311 2401 id
343 2360 429 2401 fuit
459 2375 572 2402 anno
607 2360 853 2402 MDXLV.
887 2376 1026 2416 eoque
1069 2361 1206 2417 legati
1240 2362 1473 2411 Pontificis,
1515 2371 1559 2404 et

96 2432 310 2474 Praesules
333 2433 513 2489 aliquot,
548 2434 680 2474 variis
721 2433 898 2489 quidem
932 2449 986 2475 ex
1018 2436 1176 2490 regnis,
1212 2442 1262 2476 ut
1295 2434 1410 2483 Itali,
1452 2436 1557 2477 His-

96 2506 209 2560 pani,
234 2506 370 2555 Galli,
394 2507 574 2562 quidam
606 2508 737 2549 etiam
773 2508 924 2564 Angli,
950 2514 994 2549 et
1028 2509 1254 2557 Germani,
1291 2508 1366 2549 sed
1398 2509 1441 2549 in
1464 2511 1556 2550 uni-

96 2591 268 2619 versum
287 2579 415 2634 pauci
450 2594 633 2621 numero
672 2581 931 2622 confluxere.
1008 2580 1192 2622 Habitis
1214 2581 1274 2622 ibi
1296 2582 1556 2623 sessionibus

96 2652 328 2699 nonnullis,
363 2652 520 2694 accidit
560 2653 732 2702 deinde,
775 2661 826 2695 ut
860 2654 1103 2695 Concilium
1142 2655 1379 2695 Bononiam
1422 2655 1554 2697 fuerit

97 2724 370 2771 translatum,
411 2727 614 2781 quoniam
658 2729 836 2769 morbus
887 2728 1063 2784 quidam
1110 2727 1313 2768 Tridenti
1360 2738 1553 2785 coeperat

97 2797 374 2847 invalescere,
400 2799 663 2842 medicorum
698 2808 748 2842 ut
771 2802 998 2843 ferebatur
1026 2802 1301 2842 attestatione
1328 2803 1550 2856 pestilens,
