1905 3254
310 250 392 290 206
942 263 1053 293 sess
1079 263 1137 292 vl.

310 373 517 413 memoria
560 373 602 412 in
643 372 770 412 finem
805 386 946 426 usque
981 370 1130 411 saeculi
1163 376 1449 425 permaneret,
1485 377 1619 426 atque
1651 370 1769 411 illius

310 446 512 486 salutaris
535 446 676 486 virtus
703 445 748 485 in
770 444 1066 485 remissionem
1088 458 1237 484 eorum
1262 458 1360 499 quae
1385 458 1408 484 a
1429 443 1554 484 nobis
1576 443 1770 499 quotidie

309 520 639 561 committuntur
659 526 933 574 peccatorum
958 518 1268 574 applicaretur,
1292 517 1335 556 in
1360 516 1500 558 Coena
1521 517 1768 561 novissima.

311 609 398 649 qua
437 600 560 634 nocte
600 592 872 642 tradebatur,
918 591 1089 648 Corpus
1131 599 1175 632 et
1217 591 1473 646 sanguinem
1516 605 1643 630 suum
1686 590 1770 630 sub

310 667 540 722 speciebus
570 666 694 722 panis
724 672 767 707 et
799 666 887 706 vini
909 665 1007 706 Deo
1030 665 1151 706 Patri
1173 664 1350 711 obtulit,
1379 666 1446 717 (ut
1469 663 1652 703 Patrum
1676 678 1769 703 sen-

310 739 448 779 tentia
481 741 578 791 est,)
625 755 671 779 ac
706 739 789 779 sub
824 738 1060 779 earundem
1095 752 1241 777 rerum
1275 736 1494 792 symbolis
1530 736 1770 791 Apostolis,

310 827 418 868 quos
455 821 555 852 tune
583 812 684 852 novi
715 811 964 852 testamenti
997 811 1240 851 sacerdotes
1274 810 1583 856 constituebat,
1620 816 1669 850 ut
1701 825 1770 849 su-

309 892 478 926 merent
502 885 698 933 tradidit,
734 891 777 925 et
810 884 987 931 eisdem,
1025 898 1265 938 eorumque
1297 881 1366 922 in¹
1405 882 1644 923 sacerdotio
1676 898 1774 931 sucf¹

309 958 564 1005 cessoribus,
588 964 636 998 ut
658 957 876 1003 offerrent,
902 956 1113 1011 praecipit,
1137 971 1215 1011 per
1234 954 1327 995 haec
1350 956 1497 1001 verba,
1523 955 1620 996 Hoc
1642 955 1772 996 facite

309 1031 353 1070 in
376 1046 516 1071 meam
541 1030 1005 1078 commemorationem,
1029 1030 1095 1070 uti
1125 1044 1298 1085 semper
1328 1028 1554 1069 Catholica
1576 1028 1682 1069 Ecca
1711 1029 1772 1069 in-

310 1105 481 1146 tellexit
509 1112 553 1146 et
575 1104 733 1145 docuit.
798 1104 914 1144 Nam
949 1110 1245 1144 consummato
1275 1103 1411 1143 veteri
1438 1100 1619 1150 Pascha,
1654 1101 1775 1157 quod

310 1178 355 1218 in
378 1177 629 1218 memoriam
663 1177 805 1217 exitus
834 1176 887 1216 de
910 1177 1104 1233 Egyth
1142 1176 1381 1217 multitudo
1411 1176 1600 1216 filiorum
1635 1176 1773 1216 Israel

310 1250 581 1297 immolabat,
612 1265 772 1290 novum
800 1250 989 1290 instituit
1021 1249 1201 1296 Pascha,
1237 1250 1442 1306 seipsum,
1467 1249 1566 1297 viz„
1590 1249 1646 1290 ab
1668 1249 1775 1289 Ecca

313 1338 390 1378 per
412 1322 654 1364 sacerdotes
674 1321 988 1363 immolandum
1013 1322 1056 1361 in
1079 1323 1331 1363 memoriam
1356 1323 1566 1364 transitus
1598 1323 1665 1364 sui
1695 1322 1775 1363 hoc

314 1395 473 1436 mundo
495 1395 550 1436 ad
567 1396 757 1442 Patrem,
782 1393 956 1450 quando
978 1409 1058 1449 per
1079 1395 1146 1434 sui
1169 1395 1395 1450 sanguinis
1418 1395 1673 1436 effusionem
1696 1410 1775 1435 nos

316 1467 509 1515 redemit,
535 1468 790 1523 eripuitque
820 1466 873 1507 de
896 1473 1113 1522 potestate
1135 1468 1429 1515 tenebrarum,
1455 1474 1497 1508 et
1518 1468 1562 1508 in
1585 1483 1774 1524 regnum

315 1556 439 1581 suum
469 1540 718 1588 transtulit3
752 1546 796 1580 et
817 1539 910 1580 haec
933 1539 1006 1579 illa
1037 1540 1200 1580 munda
1231 1540 1397 1580 oblatio
1425 1547 1504 1587 est,
1531 1555 1631 1595 quae
1652 1541 1776 1583 nulla

309 1613 571 1669 indignitate
595 1620 671 1652 aut
693 1612 861 1652 malitia
889 1611 1164 1652 offerentium
1187 1612 1407 1667 inquinari
1439 1619 1608 1667 potest3
1642 1627 1774 1668 quarn

312 1688 442 1728 etiam
472 1687 613 1733 Dnus,
649 1700 727 1741 per
761 1684 1039 1731 Malachiam,
1072 1684 1244 1725 nomine
1277 1699 1370 1735 suo,
1407 1685 1525 1740 quod
1562 1701 1773 1741 magnum

310 1761 509 1801 futurum
532 1766 624 1800 erat
644 1759 688 1798 in
711 1757 915 1814 gentibus
937 1758 980 1797 in
1003 1758 1120 1798 omni
1141 1757 1246 1805 loco,
1276 1759 1484 1799 mundam
1508 1759 1774 1800 offerendam

311 1832 546 1889 praedixit3
595 1838 639 1871 et
680 1845 810 1886 quam
856 1831 1001 1871 innuit
1041 1831 1283 1886 Apostolus
1323 1831 1494 1873 Paulus
1537 1832 1776 1873 Corinthiis

312 1905 516 1952 scribens,
538 1919 635 1944 cum
658 1903 766 1944 dicit
794 1918 876 1943 non
899 1918 1025 1959 posse
1048 1918 1131 1950 eos,
1156 1904 1231 1958 qui
1256 1904 1592 1959 participatione
1614 1919 1774 1945 mensae

312 1978 627 2019 daemoniorum
655 1977 817 2032 polluti
849 1977 947 2024 sint,
980 1991 1139 2017 mensae
1173 1976 1263 2016 Dni
1295 1978 1533 2033 participes
1563 1978 1670 2026 fieri,
1694 1993 1774 2034 per

312 2066 504 2092 mensam
538 2049 694 2090 Altare
729 2049 967 2104 utrobique
1000 2049 1268 2105 intelligens.
1332 2049 1444 2091 Haec
1477 2049 1666 2106 denique
1700 2052 1776 2091 illa.

312 2132 390 2173 est,
425 2140 521 2180 quae
553 2139 633 2180 per
674 2131 738 2165 tot
773 2124 1092 2171 sacrificiorum,
1132 2131 1302 2165 naturae
1338 2132 1381 2166 et
1414 2125 1528 2181 legis
1562 2132 1771 2181 tempore,

312 2197 656 2245 similitudinem,
679 2197 973 2253 figurabatur,
998 2204 1152 2252 utpote
1176 2212 1275 2253 quae
1299 2198 1455 2247 omnia,
1490 2213 1569 2254 per
1591 2199 1667 2239 illa
1687 2199 1771 2255 sig-

311 2272 501 2319 nificata,
536 2271 676 2312 veluti
708 2271 880 2311 illorum
915 2271 1107 2311 omnium
1142 2272 1457 2313 consummatio
1490 2279 1533 2314 et
1563 2273 1774 2328 perfectio

313 2344 631 2400 complectitur.

371 2417 434 2457 Et
455 2417 662 2472 quoniam
691 2416 732 2455 in
755 2414 904 2455 divino
935 2415 1014 2455 hoc
1043 2416 1261 2461 sacrificio,
1286 2415 1406 2471 quod
1427 2417 1470 2456 in
1493 2417 1631 2457 Missa
1651 2432 1774 2472 pera-

315 2490 448 2545 gitur,
482 2489 593 2529 idem
628 2488 703 2528 ille
735 2488 935 2528 Christus
967 2489 1225 2536 continetur,
1261 2495 1305 2529 et
1337 2488 1590 2530 incruentus
1623 2490 1774 2530 immo-

312 2563 446 2611 latur,
471 2563 549 2618 qui
581 2562 625 2602 in
661 2576 759 2602 arca
790 2561 925 2602 crucis
956 2561 1089 2602 semel
1121 2562 1315 2617 seipsum
1348 2569 1575 2603 cruentum
1599 2563 1772 2612 obtulit,

314 2635 438 2676 docet
462 2636 621 2675 Sancta
640 2633 854 2690 Synodus,
879 2633 1133 2674 sacrificium
1157 2633 1274 2674 istud
1293 2649 1394 2674 vere
1416 2635 1773 2690 propitiatorium

315 2722 418 2755 esse,
442 2722 520 2762 per
535 2707 773 2762 ipsumque
794 2706 902 2755 fieri,
920 2711 972 2746 ut
987 2705 1022 2745 si
1043 2720 1139 2745 eum
1159 2720 1261 2747 vero
1284 2706 1410 2747 corde
1434 2713 1476 2747 et
1498 2706 1770 2762 plenitudine

958 2792 966 2810 ¹
994 2795 1046 2830 Et,
1071 2795 1140 2824 Ms.
