1905 3254
367 273 421 313 22
1012 286 1123 315 srzss.
1153 286 1177 314 1.

368 395 702 442 Germanorum,
745 393 1006 448 Anglorum,
1049 398 1092 432 et
1145 397 1412 437 caeterorum,
1457 404 1642 445 quorum
1693 386 1821 428 hodie

365 466 504 507 dubia
525 474 590 507 est
611 466 730 514 fides,
755 465 996 506 adventum
1017 464 1100 505 huc
1124 464 1262 520 possit
1288 462 1510 512 remorari,
1533 475 1664 516 quam
1686 461 1720 500 si
1743 459 1821 500 hoc

363 540 511 595 ipsum
534 540 575 580 in
598 540 808 596 praesenti
830 540 893 580 ita
914 539 1156 594 patefieret.
1222 537 1336 577 Cum
1370 535 1483 576 enim
1505 535 1589 590 ipsi
1611 533 1822 574 hactenus

363 613 474 654 hane
509 629 642 654 unam
683 613 947 653 occasionem
991 611 1268 666 arripucrant
1310 615 1404 649 acta
1446 607 1602 663 prioris
1637 605 1820 646 Concilii

364 685 656 741 improbandi,
699 684 816 740 quod
867 683 1027 725 scilicet
1078 690 1181 722 tunc
1232 681 1561 721 imminentibus
1601 679 1736 727 bellis,
1779 685 1823 719 ct

367 758 459 798 aliis
479 774 562 799 non
584 758 771 805 levibus,
795 773 890 798 cum
914 757 999 812 ipsi
1023 756 1287 803 asserebant,
1311 754 1448 795 causis
1470 752 1820 808 prohibentibus,

366 846 489 872 suam
524 831 593 872 hic
626 838 866 887 praesentes
897 830 1155 870 sententiam
1188 844 1271 869 non
1308 834 1550 884 potuerunt
1586 840 1685 867 cum
1728 825 1823 866 aliis

366 919 600 960 exponere,
626 908 718 959 jam
742 904 776 944 si
797 919 913 944 nunc
945 918 997 944 ea
1030 918 1129 958 quae
1162 902 1269 957 ipsis
1304 900 1561 941 absentibus
1594 906 1690 940 acta
1721 905 1823 939 sunt

366 977 738 1023 confirmarentur,
769 976 970 1015 futurum
1003 974 1266 1029 judicabant
1303 981 1353 1014 ut
1385 974 1482 1028 ipsi,
1516 980 1724 1028 tanquam
1759 972 1821 1012 111-

366 1047 480 1088 dieta
502 1051 629 1088 causa
652 1047 924 1088 condemnati
956 1046 1231 1086 obstinatiori
1259 1046 1401 1085 animo
1423 1045 1466 1083 in
1487 1044 1716 1099 impietate
1744 1058 1825 1083 sua

366 1121 653 1178 persisterint,
676 1135 841 1175 nosque
865 1119 1012 1160 statim
1046 1133 1097 1159 ea
1130 1134 1207 1174 spe
1231 1117 1541 1165 excideremUS,
1565 1131 1665 1171 quae
1697 1117 1823 1157 nobis

366 1194 456 1234 sola
476 1194 649 1249 reliqua
670 1198 776 1239 erat,
795 1207 920 1247 posse
943 1206 1015 1232 eos
1037 1206 1061 1231 a
1082 1191 1220 1238 nobis,
1237 1189 1472 1230 dummodo
1495 1189 1624 1229 simul
1646 1204 1822 1244 congre-

365 1264 551 1313 diamur,
590 1271 684 1306 tum
726 1264 1010 1319 argumentis,
1055 1269 1150 1302 tum
1192 1261 1418 1317 exemplis,
1457 1260 1512 1301 ad
1551 1259 1823 1301 Catholicam

366 1337 497 1379 fidem
519 1336 790 1394 persuaderi.

424 1412 512 1453 His
531 1411 776 1452 rationibus
799 1425 895 1451 cum
918 1408 1127 1464 Hispani,
1147 1407 1200 1448 ad
1222 1423 1331 1463 quos
1351 1407 1444 1448 haec
1473 1406 1823 1462 perferebantur,

365 1484 501 1525 nihilo
522 1484 662 1539 magis
685 1498 709 1523 a
730 1497 808 1522 suo
839 1481 1063 1537 proposito
1084 1479 1239 1520 deduci
1266 1479 1535 1526 viderentur,
1559 1479 1667 1533 quin
1688 1480 1826 1534 major

367 1556 562 1614 quotidie
585 1556 922 1597 increbresceret
943 1569 1102 1603 rumor,
1127 1553 1309 1608 cogitari
1333 1568 1403 1593 eos
1434 1553 1478 1592 in
1511 1552 1711 1607 proxima
1740 1567 1824 1592 ses-

366 1632 485 1671 sione
507 1631 754 1686 protestari,
776 1629 873 1669 hinc
895 1642 938 1668 sc
962 1628 1110 1668 statim
1133 1627 1408 1675 discessuros,
1430 1627 1513 1666 nisi
1535 1627 1580 1666 in
1604 1641 1655 1666 ea
1677 1626 1822 1681 palam

365 1703 459 1745 haec
484 1703 667 1744 Concilii
691 1701 961 1743 continuatio
984 1700 1257 1755 divulgetur.
1320 1700 1438 1740 Tum
1460 1699 1622 1754 Legati
1642 1699 1823 1739 nonnul-

366 1777 428 1818 los
459 1792 513 1818 cx
545 1777 629 1817 illis
663 1775 894 1816 accersire:
928 1773 1107 1814 Praelati
1142 1773 1246 1813 Itali
1283 1788 1365 1821 eos,
1404 1773 1672 1828 quibuscum
1703 1773 1825 1813 fami-

366 1850 561 1891 liaritate
579 1849 723 1905 juncti
746 1854 882 1895 erant,
906 1846 1148 1894 convenire,
1182 1847 1487 1901 unusquisque
1510 1845 1662 1887 sedulo
1683 1846 1825 1887 inves-

368 1923 511 1978 tigare
545 1922 694 1977 coepit,
728 1935 782 1961 an
822 1920 915 1961 hacc
949 1918 1154 1960 mandato
1186 1918 1387 1974 Philippi
1418 1919 1558 1974 Regis
1588 1919 1653 1959 ita
1683 1919 1739 1958 ab
1771 1919 1826 1958 iis

368 2001 732 2052 proponerentur,
751 2008 895 2048 anque
917 1992 1110 2032 omnium
1133 2005 1304 2031 concors
1318 1990 1623 2045 Hispanorum
1640 1991 1824 2031 Patr-um

368 2070 413 2110 in
454 2068 533 2109 hoc
578 2073 691 2108 esset
731 2065 960 2107 sententia.
1045 2063 1332 2119 Compertum
1373 2064 1570 2119 inprimis
1610 2064 1708 2112 fuit,
1750 2079 1824 2105 sex

368 2157 551 2183 numero
572 2140 789 2196 Hispanae
810 2139 1000 2180 nationis
1022 2138 1078 2178 ab
1099 2136 1351 2192 hujusmodi
1376 2137 1553 2178 consilio
1576 2136 1822 2178 dissentire.

369 2215 592 2256 Praeterea
625 2213 769 2253 nullas
798 2211 878 2252 hac
910 2211 964 2252 de
997 2226 1043 2252 re
1085 2217 1234 2251 extare
1266 2211 1411 2265 regias
1450 2210 1614 2259 literas,
1647 2211 1823 2251 nullum

370 2300 548 2343 prorsus
560 2284 830 2325 mandatum.
875 2283 1120 2325 Authorem
1139 2289 1287 2323 autem
1305 2283 1472 2323 consilii
1488 2282 1624 2338 hujus
1641 2283 1822 2324 Petrum

372 2360 595 2398 Guerrero
637 2355 1030 2411 Archiepiscopum
1074 2355 1407 2403 Granatcnsem,
1443 2356 1588 2396 virum
1628 2355 1826 2397 doctrina

369 2432 654 2486 moribusque
676 2436 974 2485 praestantem,
997 2444 1144 2469 omnes
1174 2429 1488 2484 praedi'cabant,
1511 2434 1638 2485 cujus
1670 2430 1824 2471 autho-

368 2506 545 2546 ritatem
569 2511 612 2545 et
634 2504 836 2560 plerique
860 2503 934 2543 alii
952 2502 1146 2558 Hispani
1168 2510 1473 2557 sequerentur.
1523 2504 1824 2552 Granatensis,

372 2578 489 2634 quod
523 2584 668 2618 mente
705 2576 942 2632 cogitabat,
976 2575 1161 2630 Legatis
1191 2576 1333 2616 noluit
1364 2575 1652 2618 dissimulare.
1730 2576 1825 2616 Sibi

371 2651 497 2699 enim,
522 2657 756 2705 antequam
790 2664 844 2689 ex
878 2647 1100 2703 Hispania
1131 2646 1371 2689 discederet
1405 2664 1430 2689 a
1460 2648 1651 2689 Consilio
1680 2649 1824 2705 Regio

369 2722 541 2762 nomine
556 2721 755 2776 Philippi
768 2720 920 2776 Regis,
936 2718 1192 2760 mandatum
1211 2720 1470 2769 affirmabat,
1489 2728 1540 2761 ut
1557 2720 1823 2761 Tridentum

372 2809 468 2834 cuin
492 2795 586 2835 aliis
605 2794 809 2836 Praelatis
830 2793 1013 2834 Consilii
1034 2793 1326 2848 prosequendi
1360 2809 1489 2834 causa
1520 2809 1564 2834 se
1597 2794 1822 2842 conferret,
