1905 3254
367 259 422 299 92
1016 276 1126 306 sEss.
1152 277 1213 305 111.

371 384 470 425 turi.
534 384 600 424 Ac
621 383 855 439 placuisset
877 381 1053 437 quidem
1075 383 1242 431 multis,
1276 389 1325 423 ut
1351 382 1396 422 in
1427 382 1627 423 absentes
1648 383 1832 440 diligen-

366 458 455 498 tius
476 472 529 498 ex
553 457 666 512 juris
689 456 1071 497 constitutionibus
1093 457 1402 512 inquireretur,
1423 470 1478 496 ne
1499 456 1544 495 in
1566 462 1657 496 tam
1680 463 1834 511 aperta

370 546 501 572 causa
541 530 789 571 conniveret
832 529 1046 585 Synodus,
1090 529 1312 584 simulque
1354 528 1666 571 authoritatem
1708 545 1831 571 suam

369 603 544 659 plenius
566 609 784 643 tueretur.
816 602 984 643 Verum
1008 618 1104 643 cum
1123 618 1312 659 magnus
1334 603 1438 643 satis
1458 601 1527 642 hic
1548 602 1831 657 praelatorum

368 691 580 717 numerus
607 683 731 737 esset,
766 676 1103 732 superioresque
1141 675 1333 731 Synodos
1366 690 1591 730 nunquam
1624 675 1832 718 adversus

368 749 567 790 absentes
589 738 759 790 summo
788 753 889 804 jure
916 756 1121 804 expertas
1136 763 1227 790 esse
1251 749 1578 804 comperiretur,
1598 749 1831 805 benignius

365 822 541 862 interim
562 836 677 862 nunc
698 822 828 862 etiam
851 821 1084 877 agendum,
1104 830 1239 877 atque
1262 822 1430 877 aliquid
1450 822 1828 871 dissimulandum,

365 893 498 935 donec
540 896 677 950 major
711 901 869 949 urgeat
901 895 1149 942 necessitas,
1181 894 1360 949 reliquis
1397 895 1539 934 visum
1573 894 1670 935 fuit.
1726 894 1830 935 Post

363 967 458 1008 haec
497 967 658 1008 Orator
693 967 951 1014 Lusitanus,
989 967 1195 1008 mandato
1217 981 1242 1006 a
1273 966 1397 1022 Rege
1420 974 1611 1021 accepto,
1647 974 1698 1008 ut
1714 967 1827 1008 Prae-

362 1039 477 1079 latos
499 1038 683 1094 aliquot,
711 1045 807 1079 tum
829 1039 876 1079 in
897 1038 1146 1087 Lusitania,
1169 1046 1264 1079 tum
1292 1039 1336 1078 in
1358 1037 1585 1079 Indiarum
1607 1039 1710 1080 locis
1732 1040 1827 1094 ejus

361 1109 517 1151 ditioni
552 1110 783 1165 subjectis,
837 1111 959 1166 regio
1006 1111 1179 1151 nomine
1221 1116 1462 1157 excusaret,
1513 1109 1827 1165 impedimenta

362 1198 527 1231 eorum,
550 1183 634 1224 fide
656 1183 710 1224 de
732 1183 798 1223 his
819 1184 943 1231 facta,
967 1184 1144 1238 probari
1166 1183 1360 1224 obtinuit
1379 1199 1387 1223 :
1421 1182 1538 1238 quod
1559 1182 1759 1232 subinde,
1782 1191 1826 1225 et

362 1256 459 1296 aliis
479 1256 644 1303 multis,
680 1271 766 1296 non
798 1257 959 1311 passim
997 1263 1157 1305 tamen,
1192 1255 1268 1296 sed
1299 1255 1593 1296 moderatione
1615 1255 1824 1305 adhibita,

361 1344 612 1370 concessum
636 1329 730 1370 fuit.

691 1447 995 1493 Mandatum.
1411 1446 1488 1493 fol.

692 1528 791 1575 Lre.
1409 1527 1485 1575 fol.

414 1624 545 1664 Nunc
567 1639 668 1679 quae
691 1624 745 1665 de
777 1625 1083 1666 reformatione
1119 1632 1270 1665 secuta
1305 1631 1419 1671 sunt,
1457 1624 1820 1679 potissimumque

353 1697 718 1753 disceptationem
741 1698 793 1738 de
813 1697 1053 1739 residentia
1085 1698 1410 1753 Episcoporum
1433 1696 1508 1737 diu
1530 1697 1643 1738 inter
1664 1698 1819 1738 Patres

352 1771 523 1826 magnis
554 1771 859 1811 controversiis
898 1772 1111 1827 agitatam
1152 1784 1376 1811 recensere
1416 1770 1648 1825 incipia1n3
1695 1772 1818 1826 cujus

350 1845 524 1893 famam,
577 1844 783 1899 quoniam
837 1844 1064 1884 universas
1107 1843 1347 1884 Christiani
1379 1843 1565 1883 nominis
1605 1843 1815 1891 nationes,

351 1917 535 1958 diversis
556 1918 795 1957 multorum
811 1916 990 1972 judiciis
1012 1917 1254 1972 pervasisse
1273 1916 1373 1964 scio,
1398 1916 1532 1970 paulo
1548 1931 1643 1957 eam
1660 1916 1813 1964 fusius,

348 1998 398 2032 ut
420 2005 464 2031 se
486 2005 553 2031 res
574 1990 740 2037 offeret,
763 1989 1184 2030 commemorandam
1206 1990 1355 2030 censui
1373 2006 1381 2037 ;
1413 2004 1497 2030 non
1528 1990 1667 2030 solum
1697 1989 1814 2045 quod

345 2063 454 2103 nihil
499 2070 590 2103 toto
625 2062 705 2102 hoc
741 2069 935 2118 tempore
966 2068 1203 2103 tractatum
1239 2069 1317 2110 est,
1355 2062 1475 2117 quod
1509 2062 1813 2103 vehementius

347 2137 541 2176 omnium
565 2137 749 2176 Patrum
772 2135 936 2176 animos
951 2135 1222 2183 excitaverit,
1246 2139 1478 2190 majusque
1496 2135 1810 2191 perturbandae

346 2209 610 2251 Christianae
634 2209 910 2264 Reipublicae
934 2208 1178 2263 periculum
1202 2208 1291 2249 fere
1319 2209 1534 2256 conflavit,
1568 2208 1643 2249 sed
1664 2209 1809 2258 etiam,

348 2288 399 2321 ut
418 2281 517 2321 hinc
538 2281 843 2335 unusquisque
867 2286 1086 2335 agnoscat,
1127 2294 1259 2334 quam
1291 2280 1419 2321 facile
1451 2280 1506 2321 sit
1534 2280 1578 2320 in
1599 2279 1808 2320 Ecclesiae

345 2354 664 2410 gubernatione
685 2354 880 2394 humana
902 2353 1077 2394 consilia
1103 2353 1204 2402 labi,
1239 2354 1323 2394 nisi
1343 2354 1553 2394 immensa
1581 2353 1671 2394 Dei
1691 2354 1806 2410 sapi-

344 2427 463 2467 entia
486 2441 533 2467 ac
555 2427 834 2482 benignitate
857 2426 1170 2466 sustineantur.

400 2499 607 2539 Diximus
643 2514 777 2554 supra
808 2499 1017 2539 nonnulla
1050 2499 1411 2540 reformationum
1447 2501 1594 2555 capita
1637 2500 1804 2556 pridem

344 2572 554 2613 Patribus
575 2571 739 2612 tradita
760 2572 907 2620 fuisse,
929 2579 980 2612 ut
1002 2572 1055 2612 de
1075 2571 1143 2612 his
1164 2572 1396 2629 diligenter
1414 2573 1627 2622 meditati,
1650 2580 1805 2629 postea

342 2646 385 2685 in
426 2659 625 2686 consessu
671 2645 931 2685 sententiam
974 2645 1027 2685 de
1077 2661 1195 2686 more
1236 2646 1438 2687 dicerent.
1502 2646 1622 2686 Dum
1663 2647 1804 2702 igitur

343 2717 491 2758 sedulo
526 2718 570 2757 in
606 2717 716 2758 hanc
759 2717 1063 2773 cogitationem
1102 2719 1290 2774 quisque
1321 2719 1547 2766 incumbit,
1584 2719 1800 2775 paulatim

342 2790 602 2845 multiplices
635 2790 770 2845 coepti
808 2797 909 2831 sunt
946 2804 1176 2837 sermones,
1215 2799 1256 2831 et
1291 2791 1631 2832 consultationes
1665 2792 1798 2846 vulgo
