1905 3254
342 304 423 342 516
541 345 543 347 .
967 307 1077 337 snss
1105 305 1180 334 vn.

348 425 508 466 tiorum
530 421 712 462 habitus
733 423 846 459 totos
863 415 1059 457 homines
1085 409 1319 467 possideat,
1342 419 1570 461 nunquam
1596 402 1800 459 perfecte,

352 512 399 536 ae
420 496 510 535 81110
532 493 722 534 maximo
737 506 783 531 ae
806 487 1020 545 singulari
1042 481 1355 541 propemodum
1373 478 1461 519 Dei
1478 475 1804 531 Omnipotentis

353 568 514 610 auxilio
536 568 580 607 in
603 565 834 621 disciplina
853 559 1163 602 Ecclesiastica
1184 559 1434 611 perseveret
1452 567 1461 600 3
1491 551 1650 590 Sancta
1672 548 1804 603 Syrio<

352 641 435 682 dus
468 639 637 686 statuit,
669 644 721 678 ut
752 634 938 691 singulae
963 629 1250 673 Cathcdrales
1272 623 1638 679 Metropolitanae,
1675 626 1806 675 atque

351 715 419 755 his
440 715 625 769 majores
644 709 851 751 Ecclesiae
873 721 952 762 pro
973 704 1100 745 modo
1120 701 1394 746 facultatum,
1419 703 1462 737 et
1482 694 1699 736 Dioecesis
1720 707 1807 733 amr

354 786 574 843 plitudine
609 790 776 825 certum
812 792 1049 837 puerorum
1086 775 1225 832 ipsius
1259 770 1465 813 Civitatis
1501 775 1545 809 et
1580 765 1808 811 Dioeeesis,

356 860 441 908 vel,
465 860 500 899 si
520 859 583 898 ibi
603 872 688 898 non
711 855 999 910 reperiantur,
1023 847 1276 893 Provinciae,
1304 857 1538 885 numerum
1559 841 1605 880 111
1627 839 1811 894 collegio

356 933 411 974 ad
432 933 511 973 hoc
533 946 670 987 prope
691 930 810 986 ipsas
838 924 1074 971 Ecclesias,
1113 921 1185 962 vel
1223 919 1308 960 alio
1335 918 1379 957 in
1415 917 1506 956 loco
1540 912 1812 954 convenienti

357 1008 412 1048 ab
433 1007 658 1062 Episcopo
682 1001 882 1058 eligendo
907 999 1037 1045 alere,
1073 1011 1119 1036 ac
1141 993 1346 1049 religiose
1370 989 1568 1036 educare,
1593 995 1637 1028 et
1661 986 1811 1027 Eccle-

357 1080 541 1121 siasticis
573 1076 810 1133 disciplinis
844 1075 1059 1114 instruere
1093 1074 1338 1110 teneantur.
1403 1063 1456 1104 In
1486 1061 1565 1102 hoc
1591 1074 1694 1102 vero
1717 1058 1813 1100 Col-

358 1153 476 1209 legio
498 1151 778 1207 recipiantur,
801 1147 878 1203 qui
913 1145 1139 1186 minimum
1172 1137 1398 1180 duodecim
1428 1149 1560 1175 annos
1591 1132 1684 1173 nati
1713 1131 1812 1179 sint,

360 1243 407 1267 ae
448 1226 595 1280 legere
636 1230 680 1263 et
721 1221 907 1262 seribere
948 1222 1243 1273 competenter
1283 1210 1498 1257 noverint,
1546 1213 1589 1248 et
1630 1220 1815 1262 quorum

359 1299 529 1339 indoles
560 1304 603 1338 et
633 1296 837 1337 voluntas
868 1307 990 1348 spem
1023 1290 1188 1336 afferat,
1227 1301 1299 1327 eos
1332 1280 1645 1325 Ecclesiastieis
1671 1278 1816 1319 minis-

362 1371 482 1413 teriis
503 1376 721 1426 perpetuo
743 1366 1036 1408 inservituros
1100 1363 1354 1415 Pauperum
1385 1362 1532 1397 autem
1563 1354 1672 1394 filios
1701 1366 1815 1408 prae-

361 1446 490 1501 cipue
522 1443 629 1499 eligi
661 1442 773 1489 vult,
810 1455 886 1480 nec
919 1445 1064 1479 tamen
1096 1434 1303 1474 ditiorum
1339 1427 1541 1473 excludit,
1576 1425 1705 1466 modo
1742 1439 1818 1464 8110

364 1523 546 1573 sumptu
568 1516 756 1561 alantur,
790 1519 832 1554 et
859 1510 1058 1552 studium
1080 1522 1172 1563 prae
1194 1520 1238 1545 se
1260 1504 1400 1544 ferant
1422 1501 1520 1541 Deo
1543 1507 1587 1540 et
1607 1498 1818 1540 Ecclesiae

364 1587 641 1631 inserviendi.
704 1585 802 1626 Hos
834 1597 993 1640 pueros
1013 1580 1261 1635 Episcopus
1290 1576 1336 1615 in
1369 1580 1434 1615 tot
1455 1573 1623 1619 classes,
1648 1576 1759 1626 quot
1779 1570 1819 1609 ei

366 1661 605 1707 videbitur,
637 1658 812 1705 divisos,
843 1660 975 1712 juxta
1009 1667 1161 1694 eorum
1192 1662 1437 1695 numerum,
1472 1651 1658 1691 aetatem,
1690 1658 1750 1691 ae,
1776 1642 1821 1682 in

365 1734 595 1790 disciplina
614 1728 937 1776 Ecclesiastica,
961 1739 1256 1782 progressum,
1279 1720 1457 1777 partim,
1480 1732 1577 1759 cum
1600 1716 1639 1757 ei
1661 1729 1819 1771 oppor-

365 1817 522 1851 tunum
544 1805 783 1852 videbitur,
806 1801 1101 1843 Eeclesiarum
1119 1795 1361 1837 ministerio
1383 1792 1577 1841 addicet3
1599 1788 1763 1845 partim
1780 1787 1823 1827 in

369 1876 572 1932 Collegio
595 1871 856 1915 erudiendos
877 1868 1083 1911 retinebit
1100 1884 1110 1917 3
1135 1866 1332 1920 aliosque
1348 1863 1392 1903 in
1408 1862 1551 1902 locum
1569 1858 1824 1899 eductorum

369 1950 574 1991 sufficiet:
606 1948 667 1988 ita
689 1953 739 1987 ut
759 1945 839 1986 hoe
863 1943 1111 1999 Collegium
1132 1939 1218 1981 Dei
1240 1937 1536 1978 ministrorum
1556 1939 1825 1989 perpetuum

369 2024 649 2067 seminarium
682 2022 750 2062 sit.
813 2019 879 2060 Ut
901 2032 1003 2059 vero
1025 2017 1070 2057 in
1092 2014 1243 2056 eadem
1265 2010 1496 2067 disciplina
1517 2006 1827 2049 Ecclesiastiea

370 2095 637 2140 commodius
664 2093 969 2139 instituantur,
998 2095 1179 2129 tonsura
1200 2085 1348 2126 statim
1371 2090 1504 2137 atque
1525 2078 1684 2120 habitu
1707 2077 1826 2118 eleri-

371 2172 453 2213 cali
473 2183 646 2224 semper
667 2172 863 2207 utentur.
927 2161 1258 2207 Grammatices,
1291 2158 1457 2204 cantus,
1490 2152 1700 2208 computi,
1725 2150 1828 2192 alia-

371 2258 558 2299 rumque
580 2242 793 2281 bonarum
817 2238 977 2278 artium
999 2233 1269 2288 disciplinam
1291 2231 1479 2278 discent3
1512 2241 1675 2267 sacram
1697 2224 1828 2279 serip-

372 2327 529 2366 turam,
563 2316 698 2356 libros
737 2309 1080 2354 Ecclesiastieos,
1123 2304 1344 2346 Homilias
1381 2303 1652 2348 Sanctorum,
1695 2304 1829 2353 atque
1879 2323 1885 2332 0

375 2393 755 2433 Saeramentorum
776 2382 1103 2428 tradendorum,
1121 2385 1165 2419 et
1185 2377 1371 2418 Rituum
1394 2390 1442 2415 ae
1457 2371 1829 2414 Caeremoniarum
1884 2371 1885 2376 ’

374 2465 533 2506 formas
556 2461 738 2501 discant.
800 2458 885 2498 Pro
908 2453 1183 2510 singulorum
1205 2456 1329 2492 aetate
1360 2454 1403 2490 et
1436 2445 1613 2504 ingenio
1647 2443 1831 2500 singulis

375 2538 531 2578 diebus
553 2535 696 2576 missae
718 2530 927 2573 sacrificio
958 2529 1164 2569 interesse
1196 2529 1436 2579 cogantur3
1470 2536 1518 2562 ae
1553 2519 1709 2560 saltem
1745 2517 1827 2557 sin-

377 2610 496 2666 gulis
516 2606 741 2649 mensibus
763 2602 957 2645 confiteri
977 2605 1169 2656 peecata,
1192 2603 1236 2638 et
1256 2609 1426 2637 sumere
1450 2594 1627 2648 Corpus
1647 2588 1831 2631 Domini

375 2683 461 2723 Nri
483 2681 513 2722 J
517 2695 592 2722 esu
617 2677 796 2719 Christi.
859 2671 1127 2720 Cathedrali,
1151 2677 1193 2711 et
1214 2669 1310 2710 aliis
1331 2667 1414 2708 loci
1444 2665 1652 2707 Eeclesiis
1672 2662 1834 2703 diebus

376 2753 496 2795 festis
516 2751 765 2792 inservient.
831 2748 941 2798 Quae
963 2745 1118 2791 omnia,
1143 2747 1276 2799 atque
1299 2741 1385 2782 alia
1407 2739 1462 2781 ad
1491 2738 1600 2779 hane
1631 2751 1724 2777 rem
1757 2749 1832 2789 op-

376 2833 567 2881 portuna
585 2831 628 2865 et
651 2821 904 2868 necessaria,
938 2816 1151 2873 Episcopi
1182 2814 1360 2870 singuli,
1387 2827 1484 2853 eum
1516 2809 1692 2851 consilio
1724 2807 1832 2847 duo-
