1905 3254
341 247 420 288 120
961 260 1071 292 SESS.
1098 262 1160 290 111.

339 368 686 423 explicationem.
770 368 895 408 Licet
938 374 1085 407 autem
1127 366 1357 407 dissimiles
1408 367 1470 406 ita
1520 365 1792 421 Legatorum

337 440 417 481 hac
460 441 513 481 de
560 456 606 481 re
659 442 884 481 sentcntiae
930 440 1213 487 haberentur,
1261 439 1438 480 memini
1489 445 1632 479 tamen
1675 437 1795 493 apud

337 514 579 570 prudentes
619 530 765 556 omnes
808 515 1020 555 Praelatos
1055 514 1134 554 hoc
1162 515 1287 554 firma
1319 513 1423 554 satis
1454 514 1654 568 opinione
1697 527 1794 568 per-

339 604 529 635 suasum,
564 588 673 629 nihil
704 589 759 629 ab
794 588 884 628 ullo
917 603 971 629 ex
1002 586 1069 628 his
1100 588 1143 627 in
1166 587 1382 635 fraudem,
1416 593 1492 628 aut
1514 587 1793 627 ambitionem

338 662 514 709 factum,
549 661 623 702 sed
659 676 1022 717 unumquemque
1057 675 1207 701 eorum
1246 666 1362 700 recto
1397 659 1529 700 animi
1561 659 1796 714 proposito,

339 734 676 790 quodEcclesiae
699 734 931 775 commodis
953 734 1248 789 opportunius
1271 739 1476 775 censeret,
1497 732 1795 779 consuluisset,

337 809 381 848 in
399 807 674 862 eundemque
691 808 819 847 finem
841 823 887 848 ac
905 806 1099 847 studium
1119 805 1329 862 juvandae
1345 805 1605 846 Christianae
1621 805 1795 860 religio-

339 881 419 929 nis,
435 880 617 921 diversis
637 881 737 921 licet
759 880 958 926 consiliis,
978 895 1125 920 omnes
1148 879 1320 920 assidue
1338 886 1526 920 mentem
1550 878 1795 919 intendisse.

397 954 467 994 De
501 953 705 994 Praelatis
737 968 852 1001 vero,
887 959 996 1007 quot
1024 953 1139 993 inter
1170 967 1214 992 se
1247 951 1524 992 clandestinis
1556 950 1796 991 maledicis-

340 1042 426 1083 que
449 1027 630 1067 vocibus
665 1032 766 1066 sunt
797 1025 1048 1081 digladiati,
1072 1032 1180 1080 quot
1212 1025 1436 1081 probrosae
1464 1031 1619 1064 mutuo
1641 1023 1795 1071 literae,

339 1099 529 1140 effractis
565 1098 841 1139 verecundiae
884 1098 1112 1154 repagulis
1149 1097 1333 1137 Romam
1371 1103 1472 1137 sunt
1507 1096 1702 1152 perlatae,
1745 1097 1797 1136 iis

340 1186 421 1227 ego
443 1171 582 1211 satius
605 1170 923 1217 abstinendum,
948 1186 1080 1226 quam
1104 1171 1350 1211 obscoenam
1377 1169 1623 1224 aliquorum
1646 1169 1796 1224 loqua-

339 1245 529 1291 citatem,
559 1244 635 1298 qui
669 1244 784 1284 viros
817 1243 1106 1284 sanctissimos
1137 1243 1391 1298 petulanter
1424 1242 1665 1283 convellere
1695 1248 1797 1282 sunt

341 1317 498 1365 conati,
520 1316 814 1372 detegendum
848 1316 969 1356 duxi.
1028 1315 1093 1356 Hi
1124 1316 1252 1363 enim,
1282 1316 1358 1370 qui
1381 1330 1405 1355 a
1422 1320 1522 1371 jure
1543 1315 1692 1355 divino
1713 1321 1797 1355 sta-

340 1392 462 1440 bant,
494 1391 591 1431 hinc
626 1391 734 1432 alios
767 1389 1041 1431 obtrectandi
1068 1390 1331 1430 occasionem
1358 1390 1608 1444 captabant,
1630 1395 1679 1429 ut
1700 1388 1799 1430 ideo

340 1479 412 1505 eos
432 1463 541 1504 hanc
563 1463 898 1504 declarationem
921 1462 1152 1519 repudiare
1175 1462 1380 1510 dicerent,
1405 1478 1491 1517 quo
1512 1462 1597 1502 sibi
1617 1462 1798 1502 liberius

339 1551 418 1591 pro
441 1537 573 1576 animi
596 1537 663 1577 sui
694 1535 878 1576 libidine
900 1535 982 1576 huc
1004 1535 1109 1575 illuc
1132 1535 1321 1590 vagandi
1343 1540 1560 1590 perpetuo
1577 1538 1650 1588 jus
1671 1540 1797 1581 esset,

341 1615 392 1649 ut
413 1615 564 1648 curata
584 1608 717 1663 plura
738 1608 868 1648 simul
891 1608 1100 1648 beneficia
1121 1608 1331 1655 obtinere,
1364 1614 1412 1647 ut
1433 1607 1641 1647 Romanae
1665 1607 1797 1646 Aulae

342 1682 430 1721 otio
471 1681 723 1736 delitiisque
766 1681 866 1727 frui,
909 1688 958 1721 ut
998 1681 1087 1721 suis
1128 1680 1444 1736 cupiditatibus
1481 1680 1796 1735 ambitioniquo

343 1753 606 1794 commodius
639 1754 861 1801 inservire,
899 1761 948 1794 ut
980 1753 1171 1809 denique
1207 1754 1285 1794 hac
1321 1755 1486 1794 ratione
1521 1768 1566 1794 se
1601 1767 1714 1793 nunc
1754 1753 1798 1792 in

345 1826 659 1875 Cardinalium,
679 1834 813 1881 atque
836 1827 973 1882 ipsius
990 1827 1117 1867 etiam
1144 1827 1411 1868 Sanctissimi
1429 1827 1612 1882 gratiam
1630 1826 1799 1866 facilius

342 1908 517 1955 possent
538 1900 772 1940 insinuare.
835 1900 927 1939 Alii
951 1900 1153 1948 vicissim,
1178 1901 1294 1946 istos,
1319 1901 1394 1954 qui
1415 1899 1523 1940 hanc
1547 1900 1796 1955 explicatio-

342 1989 441 2014 nem
470 1980 674 2029 peterent
702 1987 864 2028 magna
886 1972 1111 2028 religionis
1133 1972 1384 2013 evertendae
1407 1973 1689 2013 fundamenta
1709 1987 1796 2013 mo-

342 2048 434 2096 liri,
458 2047 679 2102 exquisita
700 2046 805 2093 haec,
824 2052 874 2086 ut
898 2046 952 2086 ab
974 2045 1080 2100 ipsis
1101 2045 1405 2086 haereticorum
1429 2046 1626 2087 fontibus
1644 2047 1798 2102 petita,

343 2135 434 2162 esse
456 2121 681 2176 principia,
706 2128 756 2161 ut
784 2126 1028 2161 eorummet
1049 2127 1332 2160 monumenta
1358 2127 1600 2161 testantur:
1634 2119 1724 2169 hos,
1748 2128 1799 2160 ut

343 2195 584 2251 plurimum
606 2194 892 2235 immoderata
912 2193 1151 2248 cupiditate
1174 2194 1300 2242 viros,
1328 2195 1438 2249 [qui]
1466 2209 1563 2234 cum
1587 2194 1692 2234 alios
1714 2194 1798 2234 sibi

341 2269 550 2309 honorum
575 2268 787 2324 gradibus
807 2268 850 2307 in
872 2267 996 2308 Urbe
1019 2268 1294 2308 antecessisse
1316 2268 1410 2323 pati
1433 2275 1664 2322 nequeant,
1684 2282 1797 2308 nunc

344 2343 468 2383 tetris
499 2341 676 2382 invidiae
710 2341 918 2382 dentibus
947 2347 1114 2381 tentare
1136 2342 1280 2381 omnia
1300 2340 1509 2381 Romanae
1534 2340 1682 2381 Curiae
1704 2356 1797 2381 mu-

342 2430 458 2462 nera,
492 2414 742 2470 dignitates,
777 2413 1194 2467 constitutionesque
1224 2413 1485 2469 infringere3
1519 2414 1576 2453 ab
1602 2413 1669 2453 his
1689 2412 1799 2453 nihil

345 2489 467 2530 aliud
506 2490 591 2544 agi,
635 2503 768 2543 quam
810 2493 860 2527 ut
900 2485 978 2527 hoc
1016 2487 1127 2541 juris
1162 2486 1300 2527 divini
1340 2487 1492 2542 clypeo
1533 2501 1612 2527 sua
1652 2485 1799 2527 studia

343 2569 555 2618 tegentes,
587 2562 649 2602 ita
680 2560 940 2616 dignitatem
974 2575 1096 2600 suam
1126 2559 1352 2607 extollant,
1380 2566 1429 2600 ut
1459 2558 1581 2599 Sedis
1613 2560 1797 2614 Aposto-

342 2636 437 2677 licae
456 2637 571 2677 vires
593 2637 776 2683 elevent,
800 2649 931 2689 seque
957 2634 1073 2689 ipsos
1094 2634 1138 2674 in
1160 2649 1240 2674 sua
1261 2634 1455 2675 Dioecesi
1476 2649 1667 2674 summos
1687 2635 1796 2675 Pon-

343 2709 478 2750 tifices
500 2710 785 2759 constituant;
808 2708 956 2763 magni
976 2707 1053 2747 hos
1076 2723 1167 2747 esse
1189 2708 1372 2762 spiritus
1393 2714 1437 2748 ct
1458 2707 1652 2748 audaciae
1670 2708 1795 2755 viros,

348 2795 371 2820 a
393 2795 578 2835 quorum
602 2781 814 2822 cuniculis
834 2781 1005 2821 omnino
1027 2781 1082 2820 sit
1103 2780 1359 2820 cavendum.

405 2853 491 2893 Sed
524 2862 566 2895 et
599 2854 967 2910 Archiepiscopus
1000 2853 1246 2908 Pragensis,
1278 2853 1438 2894 Orator
1474 2853 1675 2900 Caesaris,
1699 2853 1794 2899 sibi,
