<?xml version="1.0" encoding="UTF-8"?>
<!DOCTYPE html PUBLIC "-//W3C//DTD XHTML 1.0 Transitional//EN"
    "http://www.w3.org/TR/xhtml1/DTD/xhtml1-transitional.dtd">
<html xmlns="http://www.w3.org/1999/xhtml" xml:lang="en" lang="en">
 <head>
  <title>
</title>
<meta http-equiv="Content-Type" content="text/html;charset=utf-8" />
  <meta name='ocr-system' content='tesseract 3.04.00' />
  <meta name='ocr-capabilities' content='ocr_page ocr_carea ocr_par ocr_line ocrx_word'/>
</head>
<body>
  <div class='ocr_page' id='page_1' title='image "actaconciliitrid00paleuoft_0697.png"; bbox 0 0 1905 3254; ppageno 0'>
   <div class='ocr_carea' id='block_1_1' title="bbox 699 290 1539 332">
    <p class='ocr_par' dir='ltr' id='par_1_1' title="bbox 699 290 1539 332">
     <span class='ocr_line' id='line_1_1' title="bbox 699 290 1539 332; baseline -0.001 0"><span class='ocrx_word' id='word_1_1' title='bbox 699 302 808 332; x_wconf 84' lang='lat' dir='ltr'>SESS.</span> <span class='ocrx_word' id='word_1_2' title='bbox 835 302 912 332; x_wconf 66' lang='lat' dir='ltr'>vn.</span> <span class='ocrx_word' id='word_1_3' title='bbox 1452 290 1539 331; x_wconf 85' lang='lat'>507</span> 
     </span>
    </p>
   </div>
   <div class='ocr_carea' id='block_1_2' title="bbox 78 407 1540 1613">
    <p class='ocr_par' dir='ltr' id='par_1_2' title="bbox 78 407 1540 1325">
     <span class='ocr_line' id='line_1_2' title="bbox 81 407 1538 467; baseline 0.001 -17"><span class='ocrx_word' id='word_1_4' title='bbox 81 415 225 450; x_wconf 90' lang='lat' dir='ltr'>torum</span> <span class='ocrx_word' id='word_1_5' title='bbox 267 407 497 448; x_wconf 87' lang='lat' dir='ltr'>arbitrium</span> <span class='ocrx_word' id='word_1_6' title='bbox 533 408 788 464; x_wconf 86' lang='lat' dir='ltr'>rejiciendas</span> <span class='ocrx_word' id='word_1_7' title='bbox 829 409 1025 460; x_wconf 82' lang='lat' dir='ltr'>ducunt3</span> <span class='ocrx_word' id='word_1_8' title='bbox 1058 425 1145 465; x_wconf 94' lang='lat' dir='ltr'>quo</span> <span class='ocrx_word' id='word_1_9' title='bbox 1180 411 1224 450; x_wconf 93' lang='lat' dir='ltr'>in</span> <span class='ocrx_word' id='word_1_10' title='bbox 1259 410 1403 466; x_wconf 88' lang='lat' dir='ltr'>gradu</span> <span class='ocrx_word' id='word_1_11' title='bbox 1441 426 1538 467; x_wconf 87' lang='lat' dir='ltr'>pro-</span> 
     </span>
     <span class='ocr_line' id='line_1_3' title="bbox 80 481 1536 539; baseline 0.002 -17"><span class='ocrx_word' id='word_1_12' title='bbox 80 483 224 538; x_wconf 88' lang='lat' dir='ltr'>posita</span> <span class='ocrx_word' id='word_1_13' title='bbox 246 496 271 522; x_wconf 89' lang='lat' dir='ltr'>a</span> <span class='ocrx_word' id='word_1_14' title='bbox 290 481 581 537; x_wconf 84' lang='lat' dir='ltr'>Lotharingio</span> <span class='ocrx_word' id='word_1_15' title='bbox 603 483 947 524; x_wconf 83' lang='lat' dir='ltr'>continebantur.</span> <span class='ocrx_word' id='word_1_16' title='bbox 1010 483 1185 539; x_wconf 83' lang='lat' dir='ltr'>Legati,</span> <span class='ocrx_word' id='word_1_17' title='bbox 1208 490 1379 525; x_wconf 86' lang='lat' dir='ltr'>mature</span> <span class='ocrx_word' id='word_1_18' title='bbox 1402 486 1536 525; x_wconf 90' lang='lat' dir='ltr'>omni-</span> 
     </span>
     <span class='ocr_line' id='line_1_4' title="bbox 80 554 1540 614; baseline 0.003 -20"><span class='ocrx_word' id='word_1_19' title='bbox 80 555 164 595; x_wconf 88' lang='lat' dir='ltr'>bus</span> <span class='ocrx_word' id='word_1_20' title='bbox 195 554 522 603; x_wconf 84' lang='lat' dir='ltr'>animadversis,</span> <span class='ocrx_word' id='word_1_21' title='bbox 557 555 866 596; x_wconf 84' lang='lat' dir='ltr'>Praefectorum</span> <span class='ocrx_word' id='word_1_22' title='bbox 903 556 1129 597; x_wconf 90' lang='lat' dir='ltr'>consilium</span> <span class='ocrx_word' id='word_1_23' title='bbox 1163 558 1367 612; x_wconf 88' lang='lat' dir='ltr'>probant,</span> <span class='ocrx_word' id='word_1_24' title='bbox 1407 565 1540 614; x_wconf 89' lang='lat' dir='ltr'>atque</span> 
     </span>
     <span class='ocr_line' id='line_1_5' title="bbox 81 627 1537 686; baseline 0.003 -18"><span class='ocrx_word' id='word_1_25' title='bbox 81 627 177 668; x_wconf 87' lang='lat' dir='ltr'>haec</span> <span class='ocrx_word' id='word_1_26' title='bbox 213 627 488 684; x_wconf 85' lang='lat' dir='ltr'>Lotharingii</span> <span class='ocrx_word' id='word_1_27' title='bbox 517 629 660 684; x_wconf 86' lang='lat' dir='ltr'>capita</span> <span class='ocrx_word' id='word_1_28' title='bbox 691 629 737 668; x_wconf 90' lang='lat' dir='ltr'>in</span> <span class='ocrx_word' id='word_1_29' title='bbox 764 628 885 669; x_wconf 87' lang='lat' dir='ltr'>aliud</span> <span class='ocrx_word' id='word_1_30' title='bbox 905 629 1170 670; x_wconf 84' lang='lat' dir='ltr'>commodius</span> <span class='ocrx_word' id='word_1_31' title='bbox 1194 636 1369 686; x_wconf 89' lang='lat' dir='ltr'>tempus</span> <span class='ocrx_word' id='word_1_32' title='bbox 1402 646 1537 672; x_wconf 88' lang='lat' dir='ltr'>reser-</span> 
     </span>
     <span class='ocr_line' id='line_1_6' title="bbox 80 698 1536 755; baseline 0.002 -15"><span class='ocrx_word' id='word_1_33' title='bbox 80 698 237 746; x_wconf 84' lang='lat' dir='ltr'>vanda,</span> <span class='ocrx_word' id='word_1_34' title='bbox 270 699 449 755; x_wconf 90' lang='lat' dir='ltr'>locoque</span> <span class='ocrx_word' id='word_1_35' title='bbox 483 715 561 740; x_wconf 91' lang='lat' dir='ltr'>suo</span> <span class='ocrx_word' id='word_1_36' title='bbox 588 699 816 741; x_wconf 86' lang='lat' dir='ltr'>tractanda</span> <span class='ocrx_word' id='word_1_37' title='bbox 841 700 1090 741; x_wconf 88' lang='lat' dir='ltr'>decernunt.</span> <span class='ocrx_word' id='word_1_38' title='bbox 1154 702 1218 742; x_wconf 90' lang='lat' dir='ltr'>At</span> <span class='ocrx_word' id='word_1_39' title='bbox 1251 717 1348 742; x_wconf 90' lang='lat' dir='ltr'>cum</span> <span class='ocrx_word' id='word_1_40' title='bbox 1375 703 1536 743; x_wconf 85' lang='lat' dir='ltr'>Lotha-</span> 
     </span>
     <span class='ocr_line' id='line_1_7' title="bbox 78 771 1537 829; baseline 0.001 -17"><span class='ocrx_word' id='word_1_41' title='bbox 78 771 247 827; x_wconf 85' lang='lat' dir='ltr'>ringius</span> <span class='ocrx_word' id='word_1_42' title='bbox 262 786 341 812; x_wconf 87' lang='lat' dir='ltr'>sua</span> <span class='ocrx_word' id='word_1_43' title='bbox 363 787 388 813; x_wconf 89' lang='lat' dir='ltr'>a</span> <span class='ocrx_word' id='word_1_44' title='bbox 407 772 590 828; x_wconf 87' lang='lat' dir='ltr'>Legatis</span> <span class='ocrx_word' id='word_1_45' title='bbox 602 787 688 813; x_wconf 91' lang='lat' dir='ltr'>non</span> <span class='ocrx_word' id='word_1_46' title='bbox 710 772 847 828; x_wconf 83' lang='lat' dir='ltr'>recipi</span> <span class='ocrx_word' id='word_1_47' title='bbox 869 772 1003 820; x_wconf 87' lang='lat' dir='ltr'>videt,</span> <span class='ocrx_word' id='word_1_48' title='bbox 1026 772 1135 814; x_wconf 88' lang='lat' dir='ltr'>hanc</span> <span class='ocrx_word' id='word_1_49' title='bbox 1149 774 1295 814; x_wconf 87' lang='lat' dir='ltr'>statim</span> <span class='ocrx_word' id='word_1_50' title='bbox 1312 775 1537 829; x_wconf 84' lang='lat' dir='ltr'>repulsam</span> 
     </span>
     <span class='ocr_line' id='line_1_8' title="bbox 79 844 1537 901; baseline 0.001 -16"><span class='ocrx_word' id='word_1_51' title='bbox 79 844 478 900; x_wconf 87' lang='lat' dir='ltr'>indignitatemque</span> <span class='ocrx_word' id='word_1_52' title='bbox 502 845 708 886; x_wconf 80' lang='lat' dir='ltr'>adversus</span> <span class='ocrx_word' id='word_1_53' title='bbox 730 860 774 886; x_wconf 88' lang='lat' dir='ltr'>se</span> <span class='ocrx_word' id='word_1_54' title='bbox 806 846 1135 900; x_wconf 87' lang='lat' dir='ltr'>interpretatus,</span> <span class='ocrx_word' id='word_1_55' title='bbox 1164 846 1308 886; x_wconf 90' lang='lat' dir='ltr'>omnia</span> <span class='ocrx_word' id='word_1_56' title='bbox 1329 846 1437 887; x_wconf 91' lang='lat' dir='ltr'>clam</span> <span class='ocrx_word' id='word_1_57' title='bbox 1462 861 1537 901; x_wconf 87' lang='lat' dir='ltr'>pa-</span> 
     </span>
     <span class='ocr_line' id='line_1_9' title="bbox 78 918 1537 974; baseline 0.001 -16"><span class='ocrx_word' id='word_1_58' title='bbox 78 918 254 974; x_wconf 88' lang='lat' dir='ltr'>lamque</span> <span class='ocrx_word' id='word_1_59' title='bbox 275 919 453 960; x_wconf 89' lang='lat' dir='ltr'>miscere</span> <span class='ocrx_word' id='word_1_60' title='bbox 486 918 664 959; x_wconf 86' lang='lat' dir='ltr'>adortus</span> <span class='ocrx_word' id='word_1_61' title='bbox 694 926 772 965; x_wconf 90' lang='lat' dir='ltr'>est,</span> <span class='ocrx_word' id='word_1_62' title='bbox 798 925 847 959; x_wconf 88' lang='lat' dir='ltr'>ut</span> <span class='ocrx_word' id='word_1_63' title='bbox 866 918 933 958; x_wconf 86' lang='lat' dir='ltr'>his</span> <span class='ocrx_word' id='word_1_64' title='bbox 965 934 1010 959; x_wconf 92' lang='lat' dir='ltr'>se</span> <span class='ocrx_word' id='word_1_65' title='bbox 1032 919 1252 974; x_wconf 84' lang='lat' dir='ltr'>objiceret,</span> <span class='ocrx_word' id='word_1_66' title='bbox 1277 927 1355 960; x_wconf 90' lang='lat' dir='ltr'>aut</span> <span class='ocrx_word' id='word_1_67' title='bbox 1385 920 1537 961; x_wconf 88' lang='lat' dir='ltr'>saltem</span> 
     </span>
     <span class='ocr_line' id='line_1_10' title="bbox 78 990 1537 1047; baseline 0.001 -16"><span class='ocrx_word' id='word_1_68' title='bbox 78 1005 133 1032; x_wconf 88' lang='lat' dir='ltr'>ne</span> <span class='ocrx_word' id='word_1_69' title='bbox 174 991 292 1045; x_wconf 88' lang='lat' dir='ltr'>quid,</span> <span class='ocrx_word' id='word_1_70' title='bbox 330 991 578 1032; x_wconf 69' lang='lat' dir='ltr'>inconsulta</span> <span class='ocrx_word' id='word_1_71' title='bbox 614 998 705 1032; x_wconf 87' lang='lat' dir='ltr'>tota</span> <span class='ocrx_word' id='word_1_72' title='bbox 742 990 915 1047; x_wconf 80' lang='lat' dir='ltr'>Synodo</span> <span class='ocrx_word' id='word_1_73' title='bbox 947 990 1027 1032; x_wconf 87' lang='lat' dir='ltr'>hae</span> <span class='ocrx_word' id='word_1_74' title='bbox 1059 991 1112 1032; x_wconf 91' lang='lat' dir='ltr'>de</span> <span class='ocrx_word' id='word_1_75' title='bbox 1147 1006 1205 1040; x_wconf 89' lang='lat' dir='ltr'>re,</span> <span class='ocrx_word' id='word_1_76' title='bbox 1240 998 1537 1041; x_wconf 84' lang='lat' dir='ltr'>statueretur3</span> 
     </span>
     <span class='ocr_line' id='line_1_11' title="bbox 78 1062 1536 1120; baseline 0 -16"><span class='ocrx_word' id='word_1_77' title='bbox 78 1062 211 1104; x_wconf 90' lang='lat' dir='ltr'>donec</span> <span class='ocrx_word' id='word_1_78' title='bbox 232 1064 449 1119; x_wconf 88' lang='lat' dir='ltr'>paulatim</span> <span class='ocrx_word' id='word_1_79' title='bbox 469 1064 741 1120; x_wconf 84' lang='lat' dir='ltr'>Legatorum</span> <span class='ocrx_word' id='word_1_80' title='bbox 776 1063 942 1105; x_wconf 91' lang='lat' dir='ltr'>consilii</span> <span class='ocrx_word' id='word_1_81' title='bbox 974 1064 1128 1105; x_wconf 89' lang='lat' dir='ltr'>certior</span> <span class='ocrx_word' id='word_1_82' title='bbox 1159 1064 1313 1114; x_wconf 84' lang='lat' dir='ltr'>factus,</span> <span class='ocrx_word' id='word_1_83' title='bbox 1337 1080 1429 1113; x_wconf 87' lang='lat' dir='ltr'>sua,</span> <span class='ocrx_word' id='word_1_84' title='bbox 1453 1080 1536 1105; x_wconf 91' lang='lat' dir='ltr'>non</span> 
     </span>
     <span class='ocr_line' id='line_1_12' title="bbox 78 1135 1537 1193; baseline 0 -16"><span class='ocrx_word' id='word_1_85' title='bbox 78 1135 330 1191; x_wconf 87' lang='lat' dir='ltr'>repudiata,</span> <span class='ocrx_word' id='word_1_86' title='bbox 364 1136 440 1177; x_wconf 90' lang='lat' dir='ltr'>sed</span> <span class='ocrx_word' id='word_1_87' title='bbox 473 1138 517 1177; x_wconf 89' lang='lat' dir='ltr'>in</span> <span class='ocrx_word' id='word_1_88' title='bbox 551 1137 910 1192; x_wconf 87' lang='lat' dir='ltr'>opportuniorem</span> <span class='ocrx_word' id='word_1_89' title='bbox 950 1136 1092 1177; x_wconf 89' lang='lat' dir='ltr'>locum</span> <span class='ocrx_word' id='word_1_90' title='bbox 1135 1136 1275 1177; x_wconf 88' lang='lat' dir='ltr'>dilata</span> <span class='ocrx_word' id='word_1_91' title='bbox 1310 1152 1416 1186; x_wconf 90' lang='lat' dir='ltr'>esse,</span> <span class='ocrx_word' id='word_1_92' title='bbox 1439 1152 1537 1193; x_wconf 84' lang='lat' dir='ltr'>cog-</span> 
     </span>
     <span class='ocr_line' id='line_1_13' title="bbox 79 1209 1538 1264; baseline 0 -14"><span class='ocrx_word' id='word_1_93' title='bbox 79 1210 214 1250; x_wconf 80' lang='lat' dir='ltr'>novit.</span> <span class='ocrx_word' id='word_1_94' title='bbox 279 1211 377 1260; x_wconf 85' lang='lat' dir='ltr'>Quo</span> <span class='ocrx_word' id='word_1_95' title='bbox 417 1211 582 1252; x_wconf 87' lang='lat' dir='ltr'>factum</span> <span class='ocrx_word' id='word_1_96' title='bbox 617 1218 695 1257; x_wconf 85' lang='lat' dir='ltr'>est,</span> <span class='ocrx_word' id='word_1_97' title='bbox 731 1217 782 1250; x_wconf 88' lang='lat' dir='ltr'>ut</span> <span class='ocrx_word' id='word_1_98' title='bbox 815 1217 858 1251; x_wconf 89' lang='lat' dir='ltr'>et</span> <span class='ocrx_word' id='word_1_99' title='bbox 889 1211 982 1264; x_wconf 89' lang='lat' dir='ltr'>ipse</span> <span class='ocrx_word' id='word_1_100' title='bbox 1016 1209 1156 1250; x_wconf 89' lang='lat' dir='ltr'>eidem</span> <span class='ocrx_word' id='word_1_101' title='bbox 1194 1211 1370 1251; x_wconf 89' lang='lat' dir='ltr'>consilio</span> <span class='ocrx_word' id='word_1_102' title='bbox 1413 1211 1538 1251; x_wconf 86' lang='lat' dir='ltr'>facile</span> 
     </span>
     <span class='ocr_line' id='line_1_14' title="bbox 82 1284 318 1325; baseline 0.004 -1"><span class='ocrx_word' id='word_1_103' title='bbox 82 1284 318 1325; x_wconf 86' lang='lat' dir='ltr'>accesserit.</span> 
     </span>
    </p>

    <p class='ocr_par' dir='ltr' id='par_1_3' title="bbox 80 1354 1538 1613">
     <span class='ocr_line' id='line_1_15' title="bbox 138 1354 1538 1412; baseline -0.001 -16"><span class='ocrx_word' id='word_1_104' title='bbox 138 1356 296 1411; x_wconf 89' lang='lat' dir='ltr'>Itaque</span> <span class='ocrx_word' id='word_1_105' title='bbox 319 1370 419 1412; x_wconf 87' lang='lat' dir='ltr'>quae</span> <span class='ocrx_word' id='word_1_106' title='bbox 444 1371 468 1396; x_wconf 89' lang='lat' dir='ltr'>a</span> <span class='ocrx_word' id='word_1_107' title='bbox 489 1355 703 1411; x_wconf 87' lang='lat' dir='ltr'>delegatis</span> <span class='ocrx_word' id='word_1_108' title='bbox 726 1355 937 1396; x_wconf 84' lang='lat' dir='ltr'>Patribus</span> <span class='ocrx_word' id='word_1_109' title='bbox 964 1354 1044 1395; x_wconf 93' lang='lat' dir='ltr'>hoc</span> <span class='ocrx_word' id='word_1_110' title='bbox 1067 1362 1328 1410; x_wconf 82' lang='lat' dir='ltr'>argumento</span> <span class='ocrx_word' id='word_1_111' title='bbox 1359 1355 1538 1396; x_wconf 87' lang='lat' dir='ltr'>collecta</span> 
     </span>
     <span class='ocr_line' id='line_1_16' title="bbox 80 1427 1538 1482; baseline -0.001 -13"><span class='ocrx_word' id='word_1_112' title='bbox 80 1427 274 1476; x_wconf 87' lang='lat' dir='ltr'>fuerunt,</span> <span class='ocrx_word' id='word_1_113' title='bbox 319 1443 370 1469; x_wconf 89' lang='lat' dir='ltr'>ea</span> <span class='ocrx_word' id='word_1_114' title='bbox 406 1429 450 1469; x_wconf 92' lang='lat' dir='ltr'>in</span> <span class='ocrx_word' id='word_1_115' title='bbox 495 1428 544 1468; x_wconf 88' lang='grc'>16</span> <span class='ocrx_word' id='word_1_116' title='bbox 584 1427 757 1468; x_wconf 87' lang='lat' dir='ltr'>decreta</span> <span class='ocrx_word' id='word_1_117' title='bbox 792 1427 996 1476; x_wconf 69' lang='lat' dir='ltr'>redacta,</span> <span class='ocrx_word' id='word_1_118' title='bbox 1043 1427 1235 1482; x_wconf 87' lang='lat' dir='ltr'>primum</span> <span class='ocrx_word' id='word_1_119' title='bbox 1278 1427 1538 1468; x_wconf 84' lang='lat' dir='ltr'>Oratoribus</span> 
     </span>
     <span class='ocr_line' id='line_1_17' title="bbox 83 1500 1538 1557; baseline 0 -16"><span class='ocrx_word' id='word_1_120' title='bbox 83 1500 353 1557; x_wconf 90' lang='lat' dir='ltr'>Principum,</span> <span class='ocrx_word' id='word_1_121' title='bbox 390 1501 490 1542; x_wconf 88' lang='lat' dir='ltr'>inde</span> <span class='ocrx_word' id='word_1_122' title='bbox 522 1501 705 1556; x_wconf 90' lang='lat' dir='ltr'>reliquis</span> <span class='ocrx_word' id='word_1_123' title='bbox 740 1501 948 1541; x_wconf 87' lang='lat' dir='ltr'>Patribus</span> <span class='ocrx_word' id='word_1_124' title='bbox 984 1500 1102 1541; x_wconf 89' lang='lat' dir='ltr'>edita</span> <span class='ocrx_word' id='word_1_125' title='bbox 1136 1508 1250 1549; x_wconf 87' lang='lat' dir='ltr'>sunt,</span> <span class='ocrx_word' id='word_1_126' title='bbox 1281 1515 1382 1556; x_wconf 81' lang='lat' dir='ltr'>quac</span> <span class='ocrx_word' id='word_1_127' title='bbox 1417 1508 1538 1542; x_wconf 86' lang='lat' dir='ltr'>erant</span> 
     </span>
     <span class='ocr_line' id='line_1_18' title="bbox 82 1572 202 1613; baseline -0.008 0"><span class='ocrx_word' id='word_1_128' title='bbox 82 1572 202 1613; x_wconf 88' lang='lat' dir='ltr'>talia.</span> 
     </span>
    </p>
   </div>
   <div class='ocr_carea' id='block_1_3' title="bbox 383 1661 1249 1709">
    <p class='ocr_par' dir='ltr' id='par_1_4' title="bbox 383 1661 1249 1709">
     <span class='ocr_line' id='line_1_19' title="bbox 383 1661 1249 1709; baseline -0.002 0"><span class='ocrx_word' id='word_1_129' title='bbox 383 1663 577 1709; x_wconf 80' lang='lat' dir='ltr'>Abusus</span> <span class='ocrx_word' id='word_1_130' title='bbox 602 1664 652 1708; x_wconf 95' lang='lat' dir='ltr'>in</span> <span class='ocrx_word' id='word_1_131' title='bbox 679 1661 992 1709; x_wconf 86' lang='lat' dir='ltr'>Sacramento</span> <span class='ocrx_word' id='word_1_132' title='bbox 1021 1662 1249 1709; x_wconf 58' lang='lat' dir='ltr'>Ordinis,</span> 
     </span>
    </p>
   </div>
   <div class='ocr_carea' id='block_1_4' title="bbox 76 1768 1538 2265">
    <p class='ocr_par' dir='ltr' id='par_1_5' title="bbox 76 1768 1538 2265">
     <span class='ocr_line' id='line_1_20' title="bbox 137 1768 1537 1825; baseline -0.001 -14"><span class='ocrx_word' id='word_1_133' title='bbox 137 1770 229 1825; x_wconf 84' lang='lat' dir='ltr'>[l.¹]</span> <span class='ocrx_word' id='word_1_134' title='bbox 266 1769 401 1810; x_wconf 86' lang='lat' dir='ltr'>Tanti</span> <span class='ocrx_word' id='word_1_135' title='bbox 422 1769 631 1809; x_wconf 87' lang='lat' dir='ltr'>momenti</span> <span class='ocrx_word' id='word_1_136' title='bbox 653 1775 718 1809; x_wconf 92' lang='lat' dir='ltr'>est</span> <span class='ocrx_word' id='word_1_137' title='bbox 746 1770 789 1809; x_wconf 91' lang='lat' dir='ltr'>in</span> <span class='ocrx_word' id='word_1_138' title='bbox 811 1769 1011 1809; x_wconf 85' lang='lat' dir='ltr'>Ecclesia</span> <span class='ocrx_word' id='word_1_139' title='bbox 1042 1768 1129 1809; x_wconf 89' lang='lat' dir='ltr'>Dei</span> <span class='ocrx_word' id='word_1_140' title='bbox 1150 1768 1285 1809; x_wconf 89' lang='lat' dir='ltr'>bonos</span> <span class='ocrx_word' id='word_1_141' title='bbox 1317 1783 1407 1809; x_wconf 89' lang='lat' dir='ltr'>esse</span> <span class='ocrx_word' id='word_1_142' title='bbox 1436 1769 1537 1810; x_wconf 89' lang='lat' dir='ltr'>Pas-</span> 
     </span>
     <span class='ocr_line' id='line_1_21' title="bbox 76 1840 1536 1896; baseline -0.001 -12"><span class='ocrx_word' id='word_1_143' title='bbox 76 1850 205 1890; x_wconf 85' lang='lat' dir='ltr'>tores,</span> <span class='ocrx_word' id='word_1_144' title='bbox 231 1849 282 1882; x_wconf 89' lang='lat' dir='ltr'>ut</span> <span class='ocrx_word' id='word_1_145' title='bbox 303 1842 347 1882; x_wconf 91' lang='lat' dir='ltr'>in</span> <span class='ocrx_word' id='word_1_146' title='bbox 371 1856 421 1882; x_wconf 86' lang='lat' dir='ltr'>ea</span> <span class='ocrx_word' id='word_1_147' title='bbox 445 1840 680 1882; x_wconf 88' lang='lat' dir='ltr'>statuenda</span> <span class='ocrx_word' id='word_1_148' title='bbox 704 1842 862 1882; x_wconf 87' lang='lat' dir='ltr'>Sancta</span> <span class='ocrx_word' id='word_1_149' title='bbox 886 1841 1084 1896; x_wconf 67' lang='lat' dir='ltr'>Synodus</span> <span class='ocrx_word' id='word_1_150' title='bbox 1105 1840 1214 1880; x_wconf 87' lang='lat' dir='ltr'>nihil</span> <span class='ocrx_word' id='word_1_151' title='bbox 1242 1841 1423 1881; x_wconf 89' lang='lat' dir='ltr'>nimium</span> <span class='ocrx_word' id='word_1_152' title='bbox 1446 1857 1536 1882; x_wconf 86' lang='lat' dir='ltr'>esse</span> 
     </span>
     <span class='ocr_line' id='line_1_22' title="bbox 79 1915 1538 1970; baseline -0.002 -12"><span class='ocrx_word' id='word_1_153' title='bbox 79 1917 327 1958; x_wconf 83' lang='lat' dir='ltr'>arbitretur.</span> <span class='ocrx_word' id='word_1_154' title='bbox 392 1916 566 1970; x_wconf 86' lang='lat' dir='ltr'>Itaque,</span> <span class='ocrx_word' id='word_1_155' title='bbox 591 1922 752 1970; x_wconf 78' lang='lat' dir='ltr'>praeter</span> <span class='ocrx_word' id='word_1_156' title='bbox 774 1930 825 1956; x_wconf 89' lang='lat' dir='ltr'>ca</span> <span class='ocrx_word' id='word_1_157' title='bbox 846 1930 946 1970; x_wconf 82' lang='lat' dir='ltr'>quae</span> <span class='ocrx_word' id='word_1_158' title='bbox 968 1915 1021 1955; x_wconf 89' lang='lat' dir='ltr'>de</span> <span class='ocrx_word' id='word_1_159' title='bbox 1042 1915 1234 1969; x_wconf 88' lang='lat' dir='ltr'>ipsorum</span> <span class='ocrx_word' id='word_1_160' title='bbox 1266 1915 1538 1955; x_wconf 88' lang='lat' dir='ltr'>institutione</span> 
     </span>
     <span class='ocr_line' id='line_1_23' title="bbox 76 1987 1532 2043; baseline -0.002 -13"><span class='ocrx_word' id='word_1_161' title='bbox 76 1989 285 2030; x_wconf 88' lang='lat' dir='ltr'>hactenus</span> <span class='ocrx_word' id='word_1_162' title='bbox 307 1990 473 2030; x_wconf 86' lang='lat' dir='ltr'>sancita</span> <span class='ocrx_word' id='word_1_163' title='bbox 495 1995 610 2033; x_wconf 88' lang='lat' dir='ltr'>sunt,</span> <span class='ocrx_word' id='word_1_164' title='bbox 634 1988 799 2033; x_wconf 85' lang='lat' dir='ltr'>statuit,</span> <span class='ocrx_word' id='word_1_165' title='bbox 823 1995 885 2036; x_wconf 87' lang='lat' dir='ltr'>ut,</span> <span class='ocrx_word' id='word_1_166' title='bbox 909 2002 1006 2028; x_wconf 90' lang='lat' dir='ltr'>cum</span> <span class='ocrx_word' id='word_1_167' title='bbox 1029 1987 1218 2043; x_wconf 87' lang='lat' dir='ltr'>primum</span> <span class='ocrx_word' id='word_1_168' title='bbox 1240 1987 1438 2027; x_wconf 86' lang='lat' dir='ltr'>Ecclesia</span> <span class='ocrx_word' id='word_1_169' title='bbox 1459 2002 1532 2027; x_wconf 79' lang='lat' dir='ltr'>va-</span> 
     </span>
     <span class='ocr_line' id='line_1_24' title="bbox 79 2059 1534 2117; baseline -0.001 -14"><span class='ocrx_word' id='word_1_170' title='bbox 79 2062 255 2111; x_wconf 84' lang='lat' dir='ltr'>caverit,</span> <span class='ocrx_word' id='word_1_171' title='bbox 278 2061 624 2117; x_wconf 87' lang='lat' dir='ltr'>supplicationes</span> <span class='ocrx_word' id='word_1_172' title='bbox 646 2076 694 2101; x_wconf 90' lang='lat' dir='ltr'>ac</span> <span class='ocrx_word' id='word_1_173' title='bbox 715 2075 866 2116; x_wconf 88' lang='lat' dir='ltr'>preces</span> <span class='ocrx_word' id='word_1_174' title='bbox 898 2060 1089 2116; x_wconf 84' lang='lat' dir='ltr'>publicae</span> <span class='ocrx_word' id='word_1_175' title='bbox 1111 2075 1136 2100; x_wconf 89' lang='lat' dir='ltr'>a</span> <span class='ocrx_word' id='word_1_176' title='bbox 1159 2059 1371 2116; x_wconf 84' lang='lat' dir='ltr'>Capitulo</span> <span class='ocrx_word' id='word_1_177' title='bbox 1400 2060 1534 2101; x_wconf 87' lang='lat' dir='ltr'>habe-</span> 
     </span>
     <span class='ocr_line' id='line_1_25' title="bbox 80 2133 1537 2191; baseline -0.003 -14"><span class='ocrx_word' id='word_1_178' title='bbox 80 2142 223 2184; x_wconf 88' lang='lat' dir='ltr'>antur,</span> <span class='ocrx_word' id='word_1_179' title='bbox 261 2143 305 2176; x_wconf 88' lang='lat' dir='ltr'>et</span> <span class='ocrx_word' id='word_1_180' title='bbox 333 2150 411 2191; x_wconf 86' lang='lat' dir='ltr'>per</span> <span class='ocrx_word' id='word_1_181' title='bbox 439 2134 677 2176; x_wconf 86' lang='lat' dir='ltr'>Dioecesim</span> <span class='ocrx_word' id='word_1_182' title='bbox 709 2134 970 2181; x_wconf 88' lang='lat' dir='ltr'>indicantur,</span> <span class='ocrx_word' id='word_1_183' title='bbox 1001 2134 1163 2188; x_wconf 90' lang='lat' dir='ltr'>quibus</span> <span class='ocrx_word' id='word_1_184' title='bbox 1196 2133 1366 2179; x_wconf 84' lang='lat' dir='ltr'>Clerus,</span> <span class='ocrx_word' id='word_1_185' title='bbox 1398 2147 1537 2188; x_wconf 87' lang='lat' dir='ltr'>popu·</span> 
     </span>
     <span class='ocr_line' id='line_1_26' title="bbox 80 2205 1537 2265; baseline -0.003 -16"><span class='ocrx_word' id='word_1_186' title='bbox 80 2208 240 2265; x_wconf 92' lang='lat' dir='ltr'>Iusque</span> <span class='ocrx_word' id='word_1_187' title='bbox 262 2208 454 2249; x_wconf 88' lang='lat' dir='ltr'>divinam</span> <span class='ocrx_word' id='word_1_188' title='bbox 478 2207 748 2248; x_wconf 87' lang='lat' dir='ltr'>clementiam</span> <span class='ocrx_word' id='word_1_189' title='bbox 770 2207 853 2247; x_wconf 90' lang='lat' dir='ltr'>sibi</span> <span class='ocrx_word' id='word_1_190' title='bbox 886 2206 1124 2254; x_wconf 89' lang='lat' dir='ltr'>conciliare,</span> <span class='ocrx_word' id='word_1_191' title='bbox 1153 2220 1200 2246; x_wconf 87' lang='lat' dir='ltr'>ac</span> <span class='ocrx_word' id='word_1_192' title='bbox 1222 2206 1384 2246; x_wconf 91' lang='lat' dir='ltr'>bonum</span> <span class='ocrx_word' id='word_1_193' title='bbox 1407 2205 1463 2245; x_wconf 91' lang='lat' dir='ltr'>ab</span> <span class='ocrx_word' id='word_1_194' title='bbox 1485 2219 1537 2245; x_wconf 90' lang='lat' dir='ltr'>ea</span> 
     </span>
    </p>
   </div>
   <div class='ocr_carea' id='block_1_5' title="bbox 78 2310 1547 2877">
    <p class='ocr_par' dir='ltr' id='par_1_6' title="bbox 78 2310 1547 2814">
     <span class='ocr_line' id='line_1_27' title="bbox 124 2310 1538 2352; baseline -0.002 -10"><span class='ocrx_word' id='word_1_195' title='bbox 124 2314 136 2332; x_wconf 83' lang='lat'>¹</span> <span class='ocrx_word' id='word_1_196' title='bbox 153 2311 220 2342; x_wconf 90' lang='lat' dir='ltr'>The</span> <span class='ocrx_word' id='word_1_197' title='bbox 230 2312 311 2351; x_wconf 71' lang='lat' dir='ltr'>first</span> <span class='ocrx_word' id='word_1_198' title='bbox 331 2311 423 2352; x_wconf 81' lang='lat' dir='ltr'>draft</span> <span class='ocrx_word' id='word_1_199' title='bbox 440 2311 475 2341; x_wconf 89' lang='lat' dir='ltr'>of</span> <span class='ocrx_word' id='word_1_200' title='bbox 486 2311 537 2342; x_wconf 86' lang='lat' dir='ltr'>the</span> <span class='ocrx_word' id='word_1_201' title='bbox 554 2312 679 2342; x_wconf 79' lang='lat' dir='ltr'>Canons</span> <span class='ocrx_word' id='word_1_202' title='bbox 694 2322 732 2341; x_wconf 90' lang='lat' dir='ltr'>on</span> <span class='ocrx_word' id='word_1_203' title='bbox 745 2311 804 2341; x_wconf 84' lang='lat' dir='ltr'>this</span> <span class='ocrx_word' id='word_1_204' title='bbox 821 2311 943 2351; x_wconf 78' lang='lat' dir='ltr'>subject</span> <span class='ocrx_word' id='word_1_205' title='bbox 957 2310 981 2340; x_wconf 84' lang='lat' dir='ltr'>is</span> <span class='ocrx_word' id='word_1_206' title='bbox 1006 2310 1098 2349; x_wconf 85' lang='lat' dir='ltr'>given</span> <span class='ocrx_word' id='word_1_207' title='bbox 1114 2310 1156 2349; x_wconf 85' lang='lat' dir='ltr'>by</span> <span class='ocrx_word' id='word_1_208' title='bbox 1184 2310 1228 2339; x_wconf 90' lang='lat' dir='ltr'>Le</span> <span class='ocrx_word' id='word_1_209' title='bbox 1243 2310 1324 2348; x_wconf 86' lang='lat' dir='ltr'>Plat,</span> <span class='ocrx_word' id='word_1_210' title='bbox 1340 2310 1538 2340; x_wconf 75' lang='lat' dir='ltr'>Monument.</span> 
     </span>
     <span class='ocr_line' id='line_1_28' title="bbox 78 2362 1543 2406; baseline -0.003 -10"><span class='ocrx_word' id='word_1_211' title='bbox 78 2365 122 2396; x_wconf 81' lang='lat' dir='ltr'>vi.</span> <span class='ocrx_word' id='word_1_212' title='bbox 143 2375 175 2406; x_wconf 88' lang='lat' dir='ltr'>p.</span> <span class='ocrx_word' id='word_1_213' title='bbox 191 2366 243 2402; x_wconf 82' lang='lat'>32,</span> <span class='ocrx_word' id='word_1_214' title='bbox 258 2369 288 2395; x_wconf 88' lang='lat' dir='ltr'>et</span> <span class='ocrx_word' id='word_1_215' title='bbox 311 2375 408 2405; x_wconf 62' lang='lat' dir='ltr'>seqq„</span> <span class='ocrx_word' id='word_1_216' title='bbox 427 2364 488 2394; x_wconf 86' lang='lat' dir='ltr'>and</span> <span class='ocrx_word' id='word_1_217' title='bbox 511 2364 611 2395; x_wconf 88' lang='lat' dir='ltr'>varies</span> <span class='ocrx_word' id='word_1_218' title='bbox 635 2363 851 2402; x_wconf 82' lang='lat' dir='ltr'>considerably</span> <span class='ocrx_word' id='word_1_219' title='bbox 868 2364 899 2393; x_wconf 89' lang='lat' dir='ltr'>in</span> <span class='ocrx_word' id='word_1_220' title='bbox 917 2363 1120 2404; x_wconf 84' lang='lat' dir='ltr'>phraseology</span> <span class='ocrx_word' id='word_1_221' title='bbox 1136 2364 1216 2393; x_wconf 81' lang='lat' dir='ltr'>from</span> <span class='ocrx_word' id='word_1_222' title='bbox 1233 2362 1282 2392; x_wconf 87' lang='lat' dir='ltr'>the</span> <span class='ocrx_word' id='word_1_223' title='bbox 1308 2372 1393 2392; x_wconf 90' lang='lat' dir='ltr'>same</span> <span class='ocrx_word' id='word_1_224' title='bbox 1418 2363 1543 2393; x_wconf 86' lang='lat' dir='ltr'>Canons</span> 
     </span>
     <span class='ocr_line' id='line_1_29' title="bbox 83 2413 1547 2459; baseline -0.003 -11"><span class='ocrx_word' id='word_1_225' title='bbox 83 2417 268 2459; x_wconf 62' lang='lat' dir='ltr'>reformati,</span> <span class='ocrx_word' id='word_1_226' title='bbox 285 2416 455 2457; x_wconf 84' lang='lat' dir='ltr'>appearing</span> <span class='ocrx_word' id='word_1_227' title='bbox 474 2422 505 2446; x_wconf 89' lang='lat' dir='ltr'>at</span> <span class='ocrx_word' id='word_1_228' title='bbox 519 2428 549 2457; x_wconf 78' lang='lat' dir='ltr'>p,</span> <span class='ocrx_word' id='word_1_229' title='bbox 566 2417 636 2454; x_wconf 84' lang='lat'>126,</span> <span class='ocrx_word' id='word_1_230' title='bbox 654 2422 683 2447; x_wconf 89' lang='lat' dir='ltr'>et</span> <span class='ocrx_word' id='word_1_231' title='bbox 698 2423 794 2457; x_wconf 77' lang='lat' dir='ltr'>seqq.⁷</span> <span class='ocrx_word' id='word_1_232' title='bbox 812 2416 914 2446; x_wconf 88' lang='lat' dir='ltr'>which</span> <span class='ocrx_word' id='word_1_233' title='bbox 930 2426 1018 2454; x_wconf 82' lang='lat' dir='ltr'>agree</span> <span class='ocrx_word' id='word_1_234' title='bbox 1035 2420 1134 2455; x_wconf 72' lang='lat' dir='ltr'>pretty</span> <span class='ocrx_word' id='word_1_235' title='bbox 1151 2414 1267 2453; x_wconf 78' lang='lat' dir='ltr'>closely</span> <span class='ocrx_word' id='word_1_236' title='bbox 1283 2414 1357 2444; x_wconf 78' lang='lat' dir='ltr'>with</span> <span class='ocrx_word' id='word_1_237' title='bbox 1369 2413 1419 2444; x_wconf 80' lang='lat' dir='ltr'>the</span> <span class='ocrx_word' id='word_1_238' title='bbox 1432 2418 1499 2444; x_wconf 85' lang='lat' dir='ltr'>text</span> <span class='ocrx_word' id='word_1_239' title='bbox 1512 2415 1547 2445; x_wconf 86' lang='lat' dir='ltr'>of</span> 
     </span>
     <span class='ocr_line' id='line_1_30' title="bbox 79 2467 1541 2506; baseline -0.001 -6"><span class='ocrx_word' id='word_1_240' title='bbox 79 2469 231 2501; x_wconf 87' lang='lat' dir='ltr'>Paleotto.</span> <span class='ocrx_word' id='word_1_241' title='bbox 278 2470 310 2500; x_wconf 91' lang='lat' dir='ltr'>It</span> <span class='ocrx_word' id='word_1_242' title='bbox 335 2469 361 2499; x_wconf 89' lang='lat' dir='ltr'>is</span> <span class='ocrx_word' id='word_1_243' title='bbox 377 2469 572 2500; x_wconf 80' lang='lat' dir='ltr'>remarkable</span> <span class='ocrx_word' id='word_1_244' title='bbox 587 2470 653 2500; x_wconf 91' lang='lat' dir='ltr'>that</span> <span class='ocrx_word' id='word_1_245' title='bbox 679 2470 711 2499; x_wconf 80' lang='lat' dir='ltr'>in</span> <span class='ocrx_word' id='word_1_246' title='bbox 737 2469 789 2498; x_wconf 86' lang='lat' dir='ltr'>the</span> <span class='ocrx_word' id='word_1_247' title='bbox 813 2469 877 2499; x_wconf 83' lang='lat' dir='ltr'>first</span> <span class='ocrx_word' id='word_1_248' title='bbox 895 2469 989 2505; x_wconf 78' lang='lat' dir='ltr'>drast,</span> <span class='ocrx_word' id='word_1_249' title='bbox 1004 2468 1106 2498; x_wconf 87' lang='lat' dir='ltr'>which</span> <span class='ocrx_word' id='word_1_250' title='bbox 1130 2468 1155 2497; x_wconf 75' lang='lat' dir='ltr'>is</span> <span class='ocrx_word' id='word_1_251' title='bbox 1178 2467 1268 2497; x_wconf 84' lang='lat' dir='ltr'>taken</span> <span class='ocrx_word' id='word_1_252' title='bbox 1285 2468 1363 2497; x_wconf 87' lang='lat' dir='ltr'>from</span> <span class='ocrx_word' id='word_1_253' title='bbox 1388 2468 1541 2506; x_wconf 81' lang='lat' dir='ltr'>Martene,</span> 
     </span>
     <span class='ocr_line' id='line_1_31' title="bbox 82 2520 1541 2562; baseline -0.001 -10"><span class='ocrx_word' id='word_1_254' title='bbox 82 2521 156 2552; x_wconf 82' lang='lat' dir='ltr'>vet.</span> <span class='ocrx_word' id='word_1_255' title='bbox 170 2522 330 2560; x_wconf 68' lang='lat' dir='ltr'>Menum„</span> <span class='ocrx_word' id='word_1_256' title='bbox 341 2522 430 2552; x_wconf 88' lang='lat' dir='ltr'>there</span> <span class='ocrx_word' id='word_1_257' title='bbox 443 2522 467 2552; x_wconf 85' lang='lat' dir='ltr'>is</span> <span class='ocrx_word' id='word_1_258' title='bbox 482 2523 588 2552; x_wconf 85' lang='lat' dir='ltr'>added</span> <span class='ocrx_word' id='word_1_259' title='bbox 603 2534 622 2553; x_wconf 86' lang='lat' dir='ltr'>a</span> <span class='ocrx_word' id='word_1_260' title='bbox 637 2522 740 2553; x_wconf 82' lang='lat' dir='ltr'>xviith</span> <span class='ocrx_word' id='word_1_261' title='bbox 756 2522 876 2559; x_wconf 79' lang='lat' dir='ltr'>Canon,</span> <span class='ocrx_word' id='word_1_262' title='bbox 888 2521 1047 2562; x_wconf 85' lang='lat' dir='ltr'>enjoining</span> <span class='ocrx_word' id='word_1_263' title='bbox 1057 2531 1075 2550; x_wconf 91' lang='lat' dir='ltr'>a</span> <span class='ocrx_word' id='word_1_264' title='bbox 1086 2531 1185 2550; x_wconf 85' lang='lat' dir='ltr'>sworn</span> <span class='ocrx_word' id='word_1_265' title='bbox 1202 2520 1377 2550; x_wconf 76' lang='lat' dir='ltr'>profession</span> <span class='ocrx_word' id='word_1_266' title='bbox 1393 2521 1429 2550; x_wconf 85' lang='lat' dir='ltr'>of</span> <span class='ocrx_word' id='word_1_267' title='bbox 1440 2520 1541 2558; x_wconf 85' lang='lat' dir='ltr'>Faith,</span> 
     </span>
     <span class='ocr_line' id='line_1_32' title="bbox 81 2572 1539 2614; baseline -0.002 -9"><span class='ocrx_word' id='word_1_268' title='bbox 81 2585 155 2614; x_wconf 71' lang='lat' dir='ltr'>very</span> <span class='ocrx_word' id='word_1_269' title='bbox 172 2573 294 2604; x_wconf 76' lang='lat' dir='ltr'>similar</span> <span class='ocrx_word' id='word_1_270' title='bbox 310 2579 341 2605; x_wconf 92' lang='lat' dir='ltr'>to</span> <span class='ocrx_word' id='word_1_271' title='bbox 358 2575 423 2605; x_wconf 84' lang='lat' dir='ltr'>that</span> <span class='ocrx_word' id='word_1_272' title='bbox 439 2575 474 2605; x_wconf 88' lang='lat' dir='ltr'>of</span> <span class='ocrx_word' id='word_1_273' title='bbox 493 2575 571 2606; x_wconf 78' lang='lat' dir='ltr'>Pius</span> <span class='ocrx_word' id='word_1_274' title='bbox 587 2575 645 2605; x_wconf 76' lang='lat' dir='ltr'>JV.</span> <span class='ocrx_word' id='word_1_275' title='bbox 662 2586 730 2605; x_wconf 84' lang='lat' dir='ltr'>now</span> <span class='ocrx_word' id='word_1_276' title='bbox 755 2575 786 2604; x_wconf 87' lang='lat' dir='ltr'>in</span> <span class='ocrx_word' id='word_1_277' title='bbox 802 2575 894 2612; x_wconf 83' lang='lat' dir='ltr'>force,</span> <span class='ocrx_word' id='word_1_278' title='bbox 916 2584 955 2604; x_wconf 87' lang='lat' dir='ltr'>on</span> <span class='ocrx_word' id='word_1_279' title='bbox 971 2573 1015 2603; x_wconf 88' lang='lat' dir='ltr'>all</span> <span class='ocrx_word' id='word_1_280' title='bbox 1031 2573 1097 2603; x_wconf 84' lang='lat' dir='ltr'>who</span> <span class='ocrx_word' id='word_1_281' title='bbox 1113 2583 1187 2611; x_wconf 89' lang='lat' dir='ltr'>may</span> <span class='ocrx_word' id='word_1_282' title='bbox 1203 2573 1239 2602; x_wconf 86' lang='lat' dir='ltr'>be</span> <span class='ocrx_word' id='word_1_283' title='bbox 1254 2572 1416 2613; x_wconf 83' lang='lat' dir='ltr'>promoted</span> <span class='ocrx_word' id='word_1_284' title='bbox 1434 2577 1465 2603; x_wconf 92' lang='lat' dir='ltr'>to</span> <span class='ocrx_word' id='word_1_285' title='bbox 1477 2583 1539 2612; x_wconf 89' lang='lat' dir='ltr'>any</span> 
     </span>
     <span class='ocr_line' id='line_1_33' title="bbox 79 2625 1542 2667; baseline -0.003 -9"><span class='ocrx_word' id='word_1_286' title='bbox 79 2627 304 2658; x_wconf 81' lang='lat' dir='ltr'>ecclesiastical</span> <span class='ocrx_word' id='word_1_287' title='bbox 331 2627 466 2667; x_wconf 82' lang='lat' dir='ltr'>dignity‚</span> <span class='ocrx_word' id='word_1_288' title='bbox 493 2639 526 2659; x_wconf 92' lang='lat' dir='ltr'>or</span> <span class='ocrx_word' id='word_1_289' title='bbox 545 2628 747 2666; x_wconf 78' lang='lat' dir='ltr'>magistraey,</span> <span class='ocrx_word' id='word_1_290' title='bbox 765 2629 821 2657; x_wconf 66' lang='grc' dir='ltr'>ἃς.</span> <span class='ocrx_word' id='word_1_291' title='bbox 869 2628 899 2656; x_wconf 92' lang='lat' dir='ltr'>It</span> <span class='ocrx_word' id='word_1_292' title='bbox 926 2627 950 2656; x_wconf 78' lang='lat' dir='ltr'>is</span> <span class='ocrx_word' id='word_1_293' title='bbox 974 2625 1113 2656; x_wconf 85' lang='lat' dir='ltr'>likewise</span> <span class='ocrx_word' id='word_1_294' title='bbox 1135 2625 1341 2661; x_wconf 83' lang='lat' dir='ltr'>remarkable,</span> <span class='ocrx_word' id='word_1_295' title='bbox 1365 2625 1433 2655; x_wconf 87' lang='lat' dir='ltr'>how</span> <span class='ocrx_word' id='word_1_296' title='bbox 1459 2625 1542 2655; x_wconf 89' lang='lat' dir='ltr'>aeci-</span> 
     </span>
     <span class='ocr_line' id='line_1_34' title="bbox 80 2678 1542 2720; baseline -0.001 -11"><span class='ocrx_word' id='word_1_297' title='bbox 80 2679 222 2718; x_wconf 82' lang='lat' dir='ltr'>dentally</span> <span class='ocrx_word' id='word_1_298' title='bbox 238 2685 269 2711; x_wconf 91' lang='lat' dir='ltr'>to</span> <span class='ocrx_word' id='word_1_299' title='bbox 283 2690 473 2720; x_wconf 83' lang='lat' dir='ltr'>appearance</span> <span class='ocrx_word' id='word_1_300' title='bbox 498 2680 558 2710; x_wconf 81' lang='lat' dir='ltr'>this</span> <span class='ocrx_word' id='word_1_301' title='bbox 573 2681 635 2710; x_wconf 83' lang='lat' dir='ltr'>fact</span> <span class='ocrx_word' id='word_1_302' title='bbox 662 2680 808 2710; x_wconf 85' lang='lat' dir='ltr'>confirms</span> <span class='ocrx_word' id='word_1_303' title='bbox 823 2679 874 2709; x_wconf 87' lang='lat' dir='ltr'>the</span> <span class='ocrx_word' id='word_1_304' title='bbox 899 2679 1135 2719; x_wconf 85' lang='lat' dir='ltr'>representation</span> <span class='ocrx_word' id='word_1_305' title='bbox 1152 2678 1242 2717; x_wconf 87' lang='lat' dir='ltr'>given</span> <span class='ocrx_word' id='word_1_306' title='bbox 1270 2678 1312 2717; x_wconf 79' lang='lat' dir='ltr'>by</span> <span class='ocrx_word' id='word_1_307' title='bbox 1328 2678 1430 2718; x_wconf 88' lang='lat' dir='ltr'>Sarpi,</span> <span class='ocrx_word' id='word_1_308' title='bbox 1447 2678 1478 2707; x_wconf 89' lang='lat' dir='ltr'>in</span> <span class='ocrx_word' id='word_1_309' title='bbox 1493 2678 1542 2708; x_wconf 82' lang='lat' dir='ltr'>his</span> 
     </span>
     <span class='ocr_line' id='line_1_35' title="bbox 85 2730 1541 2772; baseline -0.001 -10"><span class='ocrx_word' id='word_1_310' title='bbox 85 2731 222 2771; x_wconf 61' lang='lat' dir='ltr'>Histonj,</span> <span class='ocrx_word' id='word_1_311' title='bbox 236 2732 303 2762; x_wconf 79' lang='lat' dir='ltr'>viii.</span> <span class='ocrx_word' id='word_1_312' title='bbox 320 2733 337 2772; x_wconf 63' lang='grc' dir='ltr'>ζ»</span> <span class='ocrx_word' id='word_1_313' title='bbox 353 2734 405 2770; x_wconf 85' lang='lat'>22,</span> <span class='ocrx_word' id='word_1_314' title='bbox 419 2733 520 2763; x_wconf 87' lang='lat' dir='ltr'>which</span> <span class='ocrx_word' id='word_1_315' title='bbox 537 2743 598 2763; x_wconf 72' lang='lat' dir='ltr'>was</span> <span class='ocrx_word' id='word_1_316' title='bbox 615 2732 777 2763; x_wconf 85' lang='lat' dir='ltr'>otherwise</span> <span class='ocrx_word' id='word_1_317' title='bbox 791 2732 1002 2772; x_wconf 68' lang='lat' dir='ltr'>nnsupported</span> <span class='ocrx_word' id='word_1_318' title='bbox 1017 2732 1056 2770; x_wconf 83' lang='lat' dir='ltr'>by</span> <span class='ocrx_word' id='word_1_319' title='bbox 1074 2732 1233 2761; x_wconf 84' lang='lat' dir='ltr'>reference.</span> <span class='ocrx_word' id='word_1_320' title='bbox 1285 2732 1341 2760; x_wconf 84' lang='lat' dir='ltr'>See</span> <span class='ocrx_word' id='word_1_321' title='bbox 1358 2730 1541 2769; x_wconf 79' lang='lat' dir='ltr'>Courayer&#39;s</span> 
     </span>
     <span class='ocr_line' id='line_1_36' title="bbox 86 2786 223 2814; baseline 0 0"><span class='ocrx_word' id='word_1_322' title='bbox 86 2789 157 2814; x_wconf 83' lang='lat' dir='ltr'>note</span> <span class='ocrx_word' id='word_1_323' title='bbox 174 2786 223 2814; x_wconf 78' lang='lat'>42.</span> 
     </span>
    </p>

    <p class='ocr_par' dir='ltr' id='par_1_7' title="bbox 126 2835 846 2877">
     <span class='ocr_line' id='line_1_37' title="bbox 126 2835 846 2877; baseline 0 -12"><span class='ocrx_word' id='word_1_324' title='bbox 126 2835 140 2852; x_wconf 78' lang='lat'><strong>¹</strong></span> <span class='ocrx_word' id='word_1_325' title='bbox 163 2837 239 2866; x_wconf 78' lang='lat' dir='ltr'>This</span> <span class='ocrx_word' id='word_1_326' title='bbox 254 2838 386 2867; x_wconf 84' lang='lat' dir='ltr'>number</span> <span class='ocrx_word' id='word_1_327' title='bbox 404 2839 427 2868; x_wconf 75' lang='lat' dir='ltr'>is</span> <span class='ocrx_word' id='word_1_328' title='bbox 444 2837 590 2877; x_wconf 79' lang='lat' dir='ltr'>supplied</span> <span class='ocrx_word' id='word_1_329' title='bbox 608 2838 685 2867; x_wconf 74' lang='lat' dir='ltr'>from</span> <span class='ocrx_word' id='word_1_330' title='bbox 706 2838 747 2867; x_wconf 84' lang='lat' dir='ltr'>Le</span> <span class='ocrx_word' id='word_1_331' title='bbox 763 2837 846 2867; x_wconf 77' lang='lat' dir='ltr'>Plat.</span> 
     </span>
    </p>
   </div>
  </div>
 </body>
</html>
