<?xml version="1.0" encoding="UTF-8"?>
<!DOCTYPE html PUBLIC "-//W3C//DTD XHTML 1.0 Transitional//EN"
    "http://www.w3.org/TR/xhtml1/DTD/xhtml1-transitional.dtd">
<html xmlns="http://www.w3.org/1999/xhtml" xml:lang="en" lang="en">
 <head>
  <title>
</title>
<meta http-equiv="Content-Type" content="text/html;charset=utf-8" />
  <meta name='ocr-system' content='tesseract 3.04.00' />
  <meta name='ocr-capabilities' content='ocr_page ocr_carea ocr_par ocr_line ocrx_word'/>
</head>
<body>
  <div class='ocr_page' id='page_1' title='image "actaconciliitrid00paleuoft_0580.png"; bbox 0 0 1905 3254; ppageno 0'>
   <div class='ocr_carea' id='block_1_1' title="bbox 361 271 1197 316">
    <p class='ocr_par' dir='ltr' id='par_1_1' title="bbox 361 271 1197 316">
     <span class='ocr_line' id='line_1_1' title="bbox 361 271 1197 316; baseline 0.004 -6"><span class='ocrx_word' id='word_1_1' title='bbox 361 271 445 311; x_wconf 74' lang='lat'>418</span> <span class='ocrx_word' id='word_1_2' title='bbox 984 286 1093 316; x_wconf 81' lang='lat' dir='ltr'>SEss.</span> <span class='ocrx_word' id='word_1_3' title='bbox 1120 285 1197 314; x_wconf 76' lang='lat' dir='ltr'>vu.</span> 
     </span>
    </p>
   </div>
   <div class='ocr_carea' id='block_1_2' title="bbox 368 391 1832 2859">
    <p class='ocr_par' dir='ltr' id='par_1_2' title="bbox 368 391 1828 1400">
     <span class='ocr_line' id='line_1_2' title="bbox 370 391 1820 450; baseline -0.003 -14"><span class='ocrx_word' id='word_1_4' title='bbox 370 395 665 436; x_wconf 76' lang='lat' dir='ltr'>Saecularibus</span> <span class='ocrx_word' id='word_1_5' title='bbox 698 393 1036 450; x_wconf 82' lang='lat' dir='ltr'>quibuscunque</span> <span class='ocrx_word' id='word_1_6' title='bbox 1071 391 1404 448; x_wconf 79' lang='lat' dir='ltr'>gravaminibus</span> <span class='ocrx_word' id='word_1_7' title='bbox 1443 398 1486 432; x_wconf 87' lang='lat' dir='ltr'>ct</span> <span class='ocrx_word' id='word_1_8' title='bbox 1521 392 1820 433; x_wconf 80' lang='lat' dir='ltr'>exactionibus</span> 
     </span>
     <span class='ocr_line' id='line_1_3' title="bbox 368 464 1821 521; baseline -0.003 -13"><span class='ocrx_word' id='word_1_9' title='bbox 368 468 528 508; x_wconf 89' lang='lat' dir='ltr'>liberos</span> <span class='ocrx_word' id='word_1_10' title='bbox 549 467 866 521; x_wconf 86' lang='lat' dir='ltr'>immunesque,</span> <span class='ocrx_word' id='word_1_11' title='bbox 890 471 1022 520; x_wconf 85' lang='lat' dir='ltr'>prout</span> <span class='ocrx_word' id='word_1_12' title='bbox 1043 465 1172 505; x_wconf 83' lang='lat' dir='ltr'>sacris</span> <span class='ocrx_word' id='word_1_13' title='bbox 1189 464 1588 505; x_wconf 85' lang='lat' dir='ltr'>Constitutionibus</span> <span class='ocrx_word' id='word_1_14' title='bbox 1604 470 1821 511; x_wconf 84' lang='lat' dir='ltr'>tenentur,</span> 
     </span>
     <span class='ocr_line' id='line_1_4' title="bbox 371 538 1821 594; baseline -0.002 -13"><span class='ocrx_word' id='word_1_15' title='bbox 371 540 544 581; x_wconf 88' lang='lat' dir='ltr'>assiduo</span> <span class='ocrx_word' id='word_1_16' title='bbox 566 541 681 581; x_wconf 90' lang='lat' dir='ltr'>tueri</span> <span class='ocrx_word' id='word_1_17' title='bbox 702 539 864 580; x_wconf 87' lang='lat' dir='ltr'>velint:</span> <span class='ocrx_word' id='word_1_18' title='bbox 897 539 987 594; x_wconf 85' lang='lat' dir='ltr'>qui,</span> <span class='ocrx_word' id='word_1_19' title='bbox 1004 545 1054 579; x_wconf 90' lang='lat' dir='ltr'>ut</span> <span class='ocrx_word' id='word_1_20' title='bbox 1077 538 1233 593; x_wconf 85' lang='lat' dir='ltr'>aptius,</span> <span class='ocrx_word' id='word_1_21' title='bbox 1258 553 1387 593; x_wconf 91' lang='lat' dir='ltr'>quem</span> <span class='ocrx_word' id='word_1_22' title='bbox 1409 544 1580 593; x_wconf 82' lang='lat' dir='ltr'>regunt,</span> <span class='ocrx_word' id='word_1_23' title='bbox 1599 538 1821 593; x_wconf 85' lang='lat' dir='ltr'>Populum</span> 
     </span>
     <span class='ocr_line' id='line_1_5' title="bbox 369 611 1824 669; baseline -0.002 -15"><span class='ocrx_word' id='word_1_24' title='bbox 369 614 534 669; x_wconf 83' lang='lat' dir='ltr'>possint</span> <span class='ocrx_word' id='word_1_25' title='bbox 554 615 597 654; x_wconf 90' lang='lat' dir='ltr'>in</span> <span class='ocrx_word' id='word_1_26' title='bbox 619 613 756 654; x_wconf 88' lang='lat' dir='ltr'>officio</span> <span class='ocrx_word' id='word_1_27' title='bbox 782 620 914 668; x_wconf 91' lang='lat' dir='ltr'>atquc</span> <span class='ocrx_word' id='word_1_28' title='bbox 937 611 1188 653; x_wconf 88' lang='lat' dir='ltr'>obedientia</span> <span class='ocrx_word' id='word_1_29' title='bbox 1219 612 1448 660; x_wconf 85' lang='lat' dir='ltr'>continere,</span> <span class='ocrx_word' id='word_1_30' title='bbox 1471 611 1515 652; x_wconf 91' lang='lat' dir='ltr'>in</span> <span class='ocrx_word' id='word_1_31' title='bbox 1537 612 1736 652; x_wconf 87' lang='lat' dir='ltr'>omnibus</span> <span class='ocrx_word' id='word_1_32' title='bbox 1755 611 1824 652; x_wconf 92' lang='lat' dir='ltr'>his</span> 
     </span>
     <span class='ocr_line' id='line_1_6' title="bbox 369 684 1822 741; baseline -0.001 -15"><span class='ocrx_word' id='word_1_33' title='bbox 369 701 470 741; x_wconf 85' lang='lat' dir='ltr'>quae</span> <span class='ocrx_word' id='word_1_34' title='bbox 514 686 568 727; x_wconf 89' lang='lat' dir='ltr'>ad</span> <span class='ocrx_word' id='word_1_35' title='bbox 609 686 916 733; x_wconf 82' lang='lat' dir='ltr'>visitationem,</span> <span class='ocrx_word' id='word_1_36' title='bbox 964 684 1322 734; x_wconf 66' lang='lat' dir='ltr'>emendationem,</span> <span class='ocrx_word' id='word_1_37' title='bbox 1366 699 1413 725; x_wconf 86' lang='lat' dir='ltr'>ac</span> <span class='ocrx_word' id='word_1_38' title='bbox 1453 699 1621 724; x_wconf 81' lang='lat' dir='ltr'>morum</span> <span class='ocrx_word' id='word_1_39' title='bbox 1664 698 1822 724; x_wconf 86' lang='lat' dir='ltr'>correc-</span> 
     </span>
     <span class='ocr_line' id='line_1_7' title="bbox 369 756 1825 815; baseline -0.003 -14"><span class='ocrx_word' id='word_1_40' title='bbox 369 761 530 800; x_wconf 85' lang='lat' dir='ltr'>tionem</span> <span class='ocrx_word' id='word_1_41' title='bbox 552 766 765 815; x_wconf 89' lang='lat' dir='ltr'>spectant,</span> <span class='ocrx_word' id='word_1_42' title='bbox 784 763 859 814; x_wconf 85' lang='lat' dir='ltr'>jus</span> <span class='ocrx_word' id='word_1_43' title='bbox 880 758 1059 814; x_wconf 87' lang='lat' dir='ltr'>plenum</span> <span class='ocrx_word' id='word_1_44' title='bbox 1072 758 1279 806; x_wconf 84' lang='lat' dir='ltr'>habeant,</span> <span class='ocrx_word' id='word_1_45' title='bbox 1302 758 1434 798; x_wconf 89' lang='lat' dir='ltr'>etiam</span> <span class='ocrx_word' id='word_1_46' title='bbox 1462 764 1669 813; x_wconf 85' lang='lat' dir='ltr'>tanquam</span> <span class='ocrx_word' id='word_1_47' title='bbox 1699 756 1825 798; x_wconf 85' lang='lat' dir='ltr'>Sedis</span> 
     </span>
     <span class='ocr_line' id='line_1_8' title="bbox 372 829 1825 887; baseline -0.001 -16"><span class='ocrx_word' id='word_1_48' title='bbox 372 832 636 887; x_wconf 83' lang='lat' dir='ltr'>Apostolicae</span> <span class='ocrx_word' id='word_1_49' title='bbox 658 831 866 887; x_wconf 85' lang='lat' dir='ltr'>delegati,</span> <span class='ocrx_word' id='word_1_50' title='bbox 900 845 951 871; x_wconf 88' lang='lat' dir='ltr'>ea</span> <span class='ocrx_word' id='word_1_51' title='bbox 980 830 1214 878; x_wconf 86' lang='lat' dir='ltr'>statuendi,</span> <span class='ocrx_word' id='word_1_52' title='bbox 1248 830 1511 876; x_wconf 82' lang='lat' dir='ltr'>moderandi,</span> <span class='ocrx_word' id='word_1_53' title='bbox 1536 829 1759 885; x_wconf 87' lang='lat' dir='ltr'>puniendi,</span> <span class='ocrx_word' id='word_1_54' title='bbox 1782 836 1825 869; x_wconf 86' lang='lat' dir='ltr'>et</span> 
     </span>
     <span class='ocr_line' id='line_1_9' title="bbox 370 902 1822 959; baseline -0.002 -14"><span class='ocrx_word' id='word_1_55' title='bbox 370 904 630 959; x_wconf 84' lang='lat' dir='ltr'>exequendi,</span> <span class='ocrx_word' id='word_1_56' title='bbox 662 906 797 959; x_wconf 87' lang='lat' dir='ltr'>juxta</span> <span class='ocrx_word' id='word_1_57' title='bbox 821 902 1051 943; x_wconf 87' lang='lat' dir='ltr'>Canonum</span> <span class='ocrx_word' id='word_1_58' title='bbox 1089 903 1350 951; x_wconf 86' lang='lat' dir='ltr'>Sanctiones,</span> <span class='ocrx_word' id='word_1_59' title='bbox 1384 918 1485 958; x_wconf 77' lang='lat' dir='ltr'>quae</span> <span class='ocrx_word' id='word_1_60' title='bbox 1517 903 1607 943; x_wconf 90' lang='lat' dir='ltr'>illis</span> <span class='ocrx_word' id='word_1_61' title='bbox 1631 918 1684 944; x_wconf 91' lang='lat' dir='ltr'>ex</span> <span class='ocrx_word' id='word_1_62' title='bbox 1715 917 1822 958; x_wconf 87' lang='lat' dir='ltr'>pru-</span> 
     </span>
     <span class='ocr_line' id='line_1_10' title="bbox 372 976 1824 1032; baseline -0.001 -14"><span class='ocrx_word' id='word_1_63' title='bbox 372 978 524 1018; x_wconf 89' lang='lat' dir='ltr'>dentia</span> <span class='ocrx_word' id='word_1_64' title='bbox 559 992 637 1018; x_wconf 91' lang='lat' dir='ltr'>sua</span> <span class='ocrx_word' id='word_1_65' title='bbox 669 992 748 1032; x_wconf 88' lang='lat' dir='ltr'>pro</span> <span class='ocrx_word' id='word_1_66' title='bbox 781 977 1058 1018; x_wconf 87' lang='lat' dir='ltr'>subditorum</span> <span class='ocrx_word' id='word_1_67' title='bbox 1086 976 1400 1023; x_wconf 85' lang='lat' dir='ltr'>emendatione,</span> <span class='ocrx_word' id='word_1_68' title='bbox 1425 992 1472 1017; x_wconf 87' lang='lat' dir='ltr'>ac</span> <span class='ocrx_word' id='word_1_69' title='bbox 1494 976 1709 1017; x_wconf 88' lang='lat' dir='ltr'>Dioecesis</span> <span class='ocrx_word' id='word_1_70' title='bbox 1733 991 1824 1016; x_wconf 84' lang='lat' dir='ltr'>suae</span> 
     </span>
     <span class='ocr_line' id='line_1_11' title="bbox 372 1048 1826 1099; baseline -0.001 -9"><span class='ocrx_word' id='word_1_71' title='bbox 372 1049 566 1090; x_wconf 88' lang='lat' dir='ltr'>utilitate</span> <span class='ocrx_word' id='word_1_72' title='bbox 587 1050 829 1090; x_wconf 86' lang='lat' dir='ltr'>necessaria</span> <span class='ocrx_word' id='word_1_73' title='bbox 852 1049 1134 1090; x_wconf 84' lang='lat' dir='ltr'>videbuntur.</span> <span class='ocrx_word' id='word_1_74' title='bbox 1187 1049 1281 1089; x_wconf 87' lang='lat' dir='ltr'>Nec</span> <span class='ocrx_word' id='word_1_75' title='bbox 1304 1049 1359 1088; x_wconf 86' lang='lat' dir='ltr'>ab</span> <span class='ocrx_word' id='word_1_76' title='bbox 1379 1049 1461 1099; x_wconf 88' lang='lat' dir='ltr'>his,</span> <span class='ocrx_word' id='word_1_77' title='bbox 1484 1048 1563 1089; x_wconf 90' lang='lat' dir='ltr'>ubi</span> <span class='ocrx_word' id='word_1_78' title='bbox 1584 1048 1637 1089; x_wconf 91' lang='lat' dir='ltr'>de</span> <span class='ocrx_word' id='word_1_79' title='bbox 1658 1063 1826 1089; x_wconf 87' lang='lat' dir='ltr'>morum</span> 
     </span>
     <span class='ocr_line' id='line_1_12' title="bbox 370 1122 1826 1179; baseline 0 -15"><span class='ocrx_word' id='word_1_80' title='bbox 370 1124 629 1165; x_wconf 80' lang='lat' dir='ltr'>correctione</span> <span class='ocrx_word' id='word_1_81' title='bbox 665 1124 830 1179; x_wconf 83' lang='lat' dir='ltr'>agitur,</span> <span class='ocrx_word' id='word_1_82' title='bbox 866 1123 956 1164; x_wconf 88' lang='lat' dir='ltr'>ulla</span> <span class='ocrx_word' id='word_1_83' title='bbox 982 1122 1200 1171; x_wconf 88' lang='lat' dir='ltr'>inhibitio,</span> <span class='ocrx_word' id='word_1_84' title='bbox 1230 1122 1482 1178; x_wconf 87' lang='lat' dir='ltr'>appellatio,</span> <span class='ocrx_word' id='word_1_85' title='bbox 1515 1137 1591 1163; x_wconf 90' lang='lat' dir='ltr'>seu</span> <span class='ocrx_word' id='word_1_86' title='bbox 1632 1123 1826 1178; x_wconf 87' lang='lat' dir='ltr'>querela,</span> 
     </span>
     <span class='ocr_line' id='line_1_13' title="bbox 372 1196 1826 1253; baseline -0.001 -15"><span class='ocrx_word' id='word_1_87' title='bbox 372 1198 505 1238; x_wconf 88' lang='lat' dir='ltr'>etiam</span> <span class='ocrx_word' id='word_1_88' title='bbox 529 1197 585 1238; x_wconf 89' lang='lat' dir='ltr'>ad</span> <span class='ocrx_word' id='word_1_89' title='bbox 607 1197 763 1238; x_wconf 86' lang='lat' dir='ltr'>Sedem</span> <span class='ocrx_word' id='word_1_90' title='bbox 799 1197 1095 1253; x_wconf 85' lang='lat' dir='ltr'>Apostolicam</span> <span class='ocrx_word' id='word_1_91' title='bbox 1124 1196 1384 1252; x_wconf 88' lang='lat' dir='ltr'>interposita</span> <span class='ocrx_word' id='word_1_92' title='bbox 1403 1197 1648 1253; x_wconf 66' lang='lat' dir='ltr'>legitimam</span> <span class='ocrx_word' id='word_1_93' title='bbox 1671 1212 1826 1238; x_wconf 89' lang='lat' dir='ltr'>execu-</span> 
     </span>
     <span class='ocr_line' id='line_1_14' title="bbox 371 1269 1828 1326; baseline -0.001 -15"><span class='ocrx_word' id='word_1_94' title='bbox 371 1271 532 1311; x_wconf 86' lang='lat' dir='ltr'>tionem</span> <span class='ocrx_word' id='word_1_95' title='bbox 555 1285 733 1326; x_wconf 91' lang='lat' dir='ltr'>quoquo</span> <span class='ocrx_word' id='word_1_96' title='bbox 760 1270 886 1310; x_wconf 90' lang='lat' dir='ltr'>modo</span> <span class='ocrx_word' id='word_1_97' title='bbox 908 1270 1132 1324; x_wconf 86' lang='lat' dir='ltr'>impediat,</span> <span class='ocrx_word' id='word_1_98' title='bbox 1156 1276 1232 1310; x_wconf 89' lang='lat' dir='ltr'>aut</span> <span class='ocrx_word' id='word_1_99' title='bbox 1248 1269 1499 1324; x_wconf 85' lang='lat' dir='ltr'>suspendat,</span> <span class='ocrx_word' id='word_1_100' title='bbox 1521 1284 1606 1310; x_wconf 90' lang='lat' dir='ltr'>non</span> <span class='ocrx_word' id='word_1_101' title='bbox 1628 1270 1828 1310; x_wconf 86' lang='lat' dir='ltr'>obstante</span> 
     </span>
     <span class='ocr_line' id='line_1_15' title="bbox 373 1343 1292 1400; baseline -0.003 -15"><span class='ocrx_word' id='word_1_102' title='bbox 373 1359 631 1400; x_wconf 82' lang='lat' dir='ltr'>quacunque</span> <span class='ocrx_word' id='word_1_103' title='bbox 654 1344 927 1400; x_wconf 85' lang='lat' dir='ltr'>exemptione</span> <span class='ocrx_word' id='word_1_104' title='bbox 950 1349 1027 1384; x_wconf 90' lang='lat' dir='ltr'>aut</span> <span class='ocrx_word' id='word_1_105' title='bbox 1047 1343 1292 1398; x_wconf 81' lang='lat' dir='ltr'>privilegio.</span> 
     </span>
    </p>

    <p class='ocr_par' dir='ltr' id='par_1_3' title="bbox 370 1416 1832 2276">
     <span class='ocr_line' id='line_1_16' title="bbox 430 1416 1828 1472; baseline 0 -15"><span class='ocrx_word' id='word_1_106' title='bbox 430 1417 500 1458; x_wconf 90' lang='lat' dir='ltr'>Dc</span> <span class='ocrx_word' id='word_1_107' title='bbox 536 1417 712 1458; x_wconf 85' lang='lat' dir='ltr'>Curatis</span> <span class='ocrx_word' id='word_1_108' title='bbox 742 1431 917 1472; x_wconf 90' lang='lat' dir='ltr'>quoque</span> <span class='ocrx_word' id='word_1_109' title='bbox 948 1416 1241 1463; x_wconf 83' lang='lat' dir='ltr'>inferioribus,</span> <span class='ocrx_word' id='word_1_110' title='bbox 1277 1431 1323 1457; x_wconf 86' lang='lat' dir='ltr'>ac</span> <span class='ocrx_word' id='word_1_111' title='bbox 1361 1416 1453 1456; x_wconf 86' lang='lat' dir='ltr'>aliis</span> <span class='ocrx_word' id='word_1_112' title='bbox 1480 1417 1828 1472; x_wconf 84' lang='lat' dir='ltr'>quibuscunque,</span> 
     </span>
     <span class='ocr_line' id='line_1_17' title="bbox 373 1487 1828 1545; baseline -0.001 -16"><span class='ocrx_word' id='word_1_113' title='bbox 373 1490 450 1545; x_wconf 91' lang='lat' dir='ltr'>qui</span> <span class='ocrx_word' id='word_1_114' title='bbox 487 1489 756 1530; x_wconf 87' lang='lat' dir='ltr'>Beneficium</span> <span class='ocrx_word' id='word_1_115' title='bbox 795 1487 971 1543; x_wconf 89' lang='lat' dir='ltr'>aliquod</span> <span class='ocrx_word' id='word_1_116' title='bbox 1013 1487 1371 1540; x_wconf 84' lang='lat' dir='ltr'>Ecclesiasticum</span> <span class='ocrx_word' id='word_1_117' title='bbox 1405 1502 1550 1528; x_wconf 88' lang='lat' dir='ltr'>curam</span> <span class='ocrx_word' id='word_1_118' title='bbox 1587 1488 1828 1529; x_wconf 85' lang='lat' dir='ltr'>animarum</span> 
     </span>
     <span class='ocr_line' id='line_1_18' title="bbox 370 1560 1830 1609; baseline -0.001 -7"><span class='ocrx_word' id='word_1_119' title='bbox 370 1562 551 1609; x_wconf 88' lang='lat' dir='ltr'>habens,</span> <span class='ocrx_word' id='word_1_120' title='bbox 590 1562 634 1601; x_wconf 91' lang='lat' dir='ltr'>in</span> <span class='ocrx_word' id='word_1_121' title='bbox 666 1561 846 1602; x_wconf 84' lang='lat' dir='ltr'>titulum</span> <span class='ocrx_word' id='word_1_122' title='bbox 876 1576 953 1601; x_wconf 89' lang='lat' dir='ltr'>seu</span> <span class='ocrx_word' id='word_1_123' title='bbox 988 1560 1301 1601; x_wconf 87' lang='lat' dir='ltr'>Commendam</span> <span class='ocrx_word' id='word_1_124' title='bbox 1335 1561 1546 1609; x_wconf 86' lang='lat' dir='ltr'>obtinent,</span> <span class='ocrx_word' id='word_1_125' title='bbox 1575 1561 1727 1602; x_wconf 89' lang='lat' dir='ltr'>eadem</span> <span class='ocrx_word' id='word_1_126' title='bbox 1763 1563 1830 1602; x_wconf 79' lang='lat' dir='ltr'>Sta</span> 
     </span>
     <span class='ocr_line' id='line_1_19' title="bbox 374 1633 1828 1691; baseline 0 -16"><span class='ocrx_word' id='word_1_127' title='bbox 374 1634 575 1691; x_wconf 71' lang='lat' dir='ltr'>Synodus</span> <span class='ocrx_word' id='word_1_128' title='bbox 597 1649 684 1689; x_wconf 93' lang='lat' dir='ltr'>quo</span> <span class='ocrx_word' id='word_1_129' title='bbox 715 1633 887 1674; x_wconf 82' lang='lat' dir='ltr'>facilius</span> <span class='ocrx_word' id='word_1_130' title='bbox 908 1648 971 1681; x_wconf 86' lang='lat' dir='ltr'>ea,</span> <span class='ocrx_word' id='word_1_131' title='bbox 995 1648 1096 1688; x_wconf 85' lang='lat' dir='ltr'>quae</span> <span class='ocrx_word' id='word_1_132' title='bbox 1130 1634 1238 1674; x_wconf 84' lang='lat' dir='ltr'>alias</span> <span class='ocrx_word' id='word_1_133' title='bbox 1269 1634 1353 1674; x_wconf 89' lang='lat' dir='ltr'>sub</span> <span class='ocrx_word' id='word_1_134' title='bbox 1376 1634 1447 1675; x_wconf 86' lang='lat' dir='ltr'>fel.</span> <span class='ocrx_word' id='word_1_135' title='bbox 1471 1649 1552 1675; x_wconf 85' lang='lat' dir='ltr'>rec.</span> <span class='ocrx_word' id='word_1_136' title='bbox 1575 1635 1715 1676; x_wconf 87' lang='lat' dir='ltr'>Paulo</span> <span class='ocrx_word' id='word_1_137' title='bbox 1737 1635 1828 1677; x_wconf 90' lang='lat' dir='ltr'><strong>III.</strong></span> 
     </span>
     <span class='ocr_line' id='line_1_20' title="bbox 373 1706 1830 1762; baseline 0 -13"><span class='ocrx_word' id='word_1_138' title='bbox 373 1708 426 1749; x_wconf 86' lang='lat' dir='ltr'>de</span> <span class='ocrx_word' id='word_1_139' title='bbox 468 1708 535 1748; x_wconf 92' lang='lat' dir='ltr'>his</span> <span class='ocrx_word' id='word_1_140' title='bbox 567 1707 742 1748; x_wconf 83' lang='lat' dir='ltr'>decreta</span> <span class='ocrx_word' id='word_1_141' title='bbox 774 1714 889 1756; x_wconf 89' lang='lat' dir='ltr'>sunt,</span> <span class='ocrx_word' id='word_1_142' title='bbox 924 1721 1003 1762; x_wconf 83' lang='lat' dir='ltr'>per</span> <span class='ocrx_word' id='word_1_143' title='bbox 1037 1706 1296 1747; x_wconf 86' lang='lat' dir='ltr'>Ordinarios</span> <span class='ocrx_word' id='word_1_144' title='bbox 1332 1707 1491 1762; x_wconf 85' lang='lat' dir='ltr'>exequi</span> <span class='ocrx_word' id='word_1_145' title='bbox 1523 1707 1701 1762; x_wconf 84' lang='lat' dir='ltr'>possint,</span> <span class='ocrx_word' id='word_1_146' title='bbox 1735 1723 1830 1749; x_wconf 89' lang='lat' dir='ltr'>con-</span> 
     </span>
     <span class='ocr_line' id='line_1_21' title="bbox 372 1779 1830 1837; baseline -0.001 -14"><span class='ocrx_word' id='word_1_147' title='bbox 372 1782 529 1830; x_wconf 88' lang='lat' dir='ltr'>stituit,</span> <span class='ocrx_word' id='word_1_148' title='bbox 551 1788 600 1822; x_wconf 91' lang='lat' dir='ltr'>ut</span> <span class='ocrx_word' id='word_1_149' title='bbox 623 1796 912 1837; x_wconf 89' lang='lat' dir='ltr'>quaecumque</span> <span class='ocrx_word' id='word_1_150' title='bbox 935 1780 1086 1821; x_wconf 88' lang='lat' dir='ltr'>iisdem</span> <span class='ocrx_word' id='word_1_151' title='bbox 1111 1779 1382 1836; x_wconf 84' lang='lat' dir='ltr'>providenda</span> <span class='ocrx_word' id='word_1_152' title='bbox 1404 1795 1450 1821; x_wconf 87' lang='lat' dir='ltr'>ac</span> <span class='ocrx_word' id='word_1_153' title='bbox 1471 1779 1709 1822; x_wconf 84' lang='lat' dir='ltr'>ordinanda</span> <span class='ocrx_word' id='word_1_154' title='bbox 1736 1782 1830 1822; x_wconf 91' lang='lat' dir='ltr'>visa</span> 
     </span>
     <span class='ocr_line' id='line_1_22' title="bbox 373 1852 1828 1910; baseline 0.001 -15"><span class='ocrx_word' id='word_1_155' title='bbox 373 1855 536 1896; x_wconf 87' lang='lat' dir='ltr'>fuerint</span> <span class='ocrx_word' id='word_1_156' title='bbox 578 1854 787 1895; x_wconf 83' lang='lat' dir='ltr'>adversus</span> <span class='ocrx_word' id='word_1_157' title='bbox 829 1853 1018 1895; x_wconf 88' lang='lat' dir='ltr'>Curatos</span> <span class='ocrx_word' id='word_1_158' title='bbox 1058 1868 1144 1894; x_wconf 90' lang='lat' dir='ltr'>non</span> <span class='ocrx_word' id='word_1_159' title='bbox 1178 1852 1427 1899; x_wconf 85' lang='lat' dir='ltr'>residentes,</span> <span class='ocrx_word' id='word_1_160' title='bbox 1461 1855 1551 1894; x_wconf 85' lang='lat' dir='ltr'>sive</span> <span class='ocrx_word' id='word_1_161' title='bbox 1588 1870 1668 1910; x_wconf 88' lang='lat' dir='ltr'>per</span> <span class='ocrx_word' id='word_1_162' title='bbox 1705 1870 1828 1896; x_wconf 86' lang='lat' dir='ltr'>voca·</span> 
     </span>
     <span class='ocr_line' id='line_1_23' title="bbox 372 1927 1829 1983; baseline 0 -14"><span class='ocrx_word' id='word_1_163' title='bbox 372 1929 545 1972; x_wconf 90' lang='lat' dir='ltr'>tionem,</span> <span class='ocrx_word' id='word_1_164' title='bbox 584 1942 665 1983; x_wconf 85' lang='lat' dir='ltr'>per</span> <span class='ocrx_word' id='word_1_165' title='bbox 697 1927 900 1975; x_wconf 87' lang='lat' dir='ltr'>edietum,</span> <span class='ocrx_word' id='word_1_166' title='bbox 941 1941 1018 1967; x_wconf 90' lang='lat' dir='ltr'>seu</span> <span class='ocrx_word' id='word_1_167' title='bbox 1054 1927 1442 1981; x_wconf 85' lang='lat' dir='ltr'>sequestrationem</span> <span class='ocrx_word' id='word_1_168' title='bbox 1483 1927 1720 1977; x_wconf 87' lang='lat' dir='ltr'>fructuum,</span> <span class='ocrx_word' id='word_1_169' title='bbox 1751 1934 1829 1969; x_wconf 86' lang='lat' dir='ltr'>aut</span> 
     </span>
     <span class='ocr_line' id='line_1_24' title="bbox 374 2000 1832 2057; baseline 0 -15"><span class='ocrx_word' id='word_1_170' title='bbox 374 2002 505 2043; x_wconf 89' lang='lat' dir='ltr'>etiam</span> <span class='ocrx_word' id='word_1_171' title='bbox 527 2001 820 2057; x_wconf 83' lang='lat' dir='ltr'>privationem</span> <span class='ocrx_word' id='word_1_172' title='bbox 848 2001 1070 2049; x_wconf 88' lang='lat' dir='ltr'>Beneficii,</span> <span class='ocrx_word' id='word_1_173' title='bbox 1095 2001 1186 2040; x_wconf 85' lang='lat' dir='ltr'>sive</span> <span class='ocrx_word' id='word_1_174' title='bbox 1211 2000 1306 2040; x_wconf 80' lang='lat' dir='ltr'>aliis</span> <span class='ocrx_word' id='word_1_175' title='bbox 1325 2001 1355 2041; x_wconf 84' lang='lat' dir='ltr'>J</span> <span class='ocrx_word' id='word_1_176' title='bbox 1360 2001 1449 2041; x_wconf 84' lang='lat' dir='ltr'>uris</span> <span class='ocrx_word' id='word_1_177' title='bbox 1470 2001 1674 2042; x_wconf 85' lang='lat' dir='ltr'>remediis</span> <span class='ocrx_word' id='word_1_178' title='bbox 1700 2003 1832 2057; x_wconf 86' lang='lat' dir='ltr'>juxta</span> 
     </span>
     <span class='ocr_line' id='line_1_25' title="bbox 371 2073 1829 2130; baseline 0.001 -15"><span class='ocrx_word' id='word_1_179' title='bbox 371 2074 631 2130; x_wconf 59' lang='lat' dir='ltr'>praedictum</span> <span class='ocrx_word' id='word_1_180' title='bbox 672 2073 908 2122; x_wconf 79' lang='lat' dir='ltr'>decretum,</span> <span class='ocrx_word' id='word_1_181' title='bbox 946 2089 998 2115; x_wconf 89' lang='lat' dir='ltr'>ea</span> <span class='ocrx_word' id='word_1_182' title='bbox 1033 2088 1118 2114; x_wconf 93' lang='lat' dir='ltr'>non</span> <span class='ocrx_word' id='word_1_183' title='bbox 1152 2073 1478 2129; x_wconf 85' lang='lat' dir='ltr'>suspendantur</span> <span class='ocrx_word' id='word_1_184' title='bbox 1516 2090 1594 2130; x_wconf 87' lang='lat' dir='ltr'>per</span> <span class='ocrx_word' id='word_1_185' title='bbox 1626 2075 1829 2116; x_wconf 73' lang='lat' dir='ltr'>,Iudicem</span> 
     </span>
     <span class='ocr_line' id='line_1_26' title="bbox 374 2147 1829 2204; baseline 0.001 -16"><span class='ocrx_word' id='word_1_186' title='bbox 374 2148 700 2204; x_wconf 86' lang='lat' dir='ltr'>Appellationis</span> <span class='ocrx_word' id='word_1_187' title='bbox 722 2147 852 2188; x_wconf 86' lang='lat' dir='ltr'>etiam</span> <span class='ocrx_word' id='word_1_188' title='bbox 875 2148 919 2187; x_wconf 92' lang='lat' dir='ltr'>in</span> <span class='ocrx_word' id='word_1_189' title='bbox 940 2147 1138 2188; x_wconf 85' lang='lat' dir='ltr'>Romana</span> <span class='ocrx_word' id='word_1_190' title='bbox 1162 2147 1313 2195; x_wconf 83' lang='lat' dir='ltr'>Curia,</span> <span class='ocrx_word' id='word_1_191' title='bbox 1341 2162 1417 2188; x_wconf 88' lang='lat' dir='ltr'>nec</span> <span class='ocrx_word' id='word_1_192' title='bbox 1444 2155 1716 2196; x_wconf 79' lang='lat' dir='ltr'>revocentur,</span> <span class='ocrx_word' id='word_1_193' title='bbox 1748 2149 1829 2190; x_wconf 88' lang='lat' dir='ltr'>nisi</span> 
     </span>
     <span class='ocr_line' id='line_1_27' title="bbox 371 2220 1574 2276; baseline -0.001 -14"><span class='ocrx_word' id='word_1_194' title='bbox 371 2228 469 2276; x_wconf 89' lang='lat' dir='ltr'>post</span> <span class='ocrx_word' id='word_1_195' title='bbox 489 2221 763 2269; x_wconf 87' lang='lat' dir='ltr'>sententiam,</span> <span class='ocrx_word' id='word_1_196' title='bbox 786 2235 883 2276; x_wconf 80' lang='lat' dir='ltr'>quae</span> <span class='ocrx_word' id='word_1_197' title='bbox 906 2221 1127 2261; x_wconf 86' lang='lat' dir='ltr'>transierit</span> <span class='ocrx_word' id='word_1_198' title='bbox 1147 2220 1191 2259; x_wconf 91' lang='lat' dir='ltr'>in</span> <span class='ocrx_word' id='word_1_199' title='bbox 1214 2235 1302 2260; x_wconf 88' lang='lat' dir='ltr'>rem</span> <span class='ocrx_word' id='word_1_200' title='bbox 1321 2220 1574 2275; x_wconf 79' lang='lat' dir='ltr'>judicatam.</span> 
     </span>
    </p>

    <p class='ocr_par' dir='ltr' id='par_1_4' title="bbox 372 2291 1830 2859">
     <span class='ocr_line' id='line_1_28' title="bbox 431 2291 1829 2347; baseline 0.002 -14"><span class='ocrx_word' id='word_1_201' title='bbox 431 2293 568 2334; x_wconf 87' lang='lat' dir='ltr'>Porro</span> <span class='ocrx_word' id='word_1_202' title='bbox 602 2292 825 2333; x_wconf 87' lang='lat' dir='ltr'>decretum</span> <span class='ocrx_word' id='word_1_203' title='bbox 858 2292 939 2332; x_wconf 92' lang='lat' dir='ltr'>hoc</span> <span class='ocrx_word' id='word_1_204' title='bbox 971 2291 1122 2332; x_wconf 87' lang='lat' dir='ltr'>eadem</span> <span class='ocrx_word' id='word_1_205' title='bbox 1156 2292 1355 2347; x_wconf 82' lang='lat' dir='ltr'>Synodus</span> <span class='ocrx_word' id='word_1_206' title='bbox 1376 2293 1608 2347; x_wconf 87' lang='lat' dir='ltr'>quotannis</span> <span class='ocrx_word' id='word_1_207' title='bbox 1628 2309 1714 2335; x_wconf 89' lang='lat' dir='ltr'>non</span> <span class='ocrx_word' id='word_1_208' title='bbox 1735 2301 1829 2336; x_wconf 88' lang='lat' dir='ltr'>tan-</span> 
     </span>
     <span class='ocr_line' id='line_1_29' title="bbox 374 2364 1830 2421; baseline 0.003 -17"><span class='ocrx_word' id='word_1_209' title='bbox 374 2371 468 2405; x_wconf 91' lang='lat' dir='ltr'>tum</span> <span class='ocrx_word' id='word_1_210' title='bbox 490 2365 534 2405; x_wconf 91' lang='lat' dir='ltr'>in</span> <span class='ocrx_word' id='word_1_211' title='bbox 559 2365 745 2421; x_wconf 81' lang='lat' dir='ltr'>singulis</span> <span class='ocrx_word' id='word_1_212' title='bbox 765 2365 970 2405; x_wconf 87' lang='lat' dir='ltr'>Ecclesiis</span> <span class='ocrx_word' id='word_1_213' title='bbox 991 2364 1336 2405; x_wconf 85' lang='lat' dir='ltr'>Cathedralibus</span> <span class='ocrx_word' id='word_1_214' title='bbox 1362 2365 1430 2406; x_wconf 89' lang='lat' dir='ltr'>die</span> <span class='ocrx_word' id='word_1_215' title='bbox 1453 2367 1594 2421; x_wconf 84' lang='lat' dir='ltr'>primo</span> <span class='ocrx_word' id='word_1_216' title='bbox 1615 2368 1644 2408; x_wconf 86' lang='lat' dir='ltr'>J</span> <span class='ocrx_word' id='word_1_217' title='bbox 1650 2369 1830 2417; x_wconf 85' lang='lat' dir='ltr'>anuarii,</span> 
     </span>
     <span class='ocr_line' id='line_1_30' title="bbox 374 2437 1830 2495; baseline 0.003 -17"><span class='ocrx_word' id='word_1_218' title='bbox 374 2437 478 2478; x_wconf 91' lang='lat' dir='ltr'>dum</span> <span class='ocrx_word' id='word_1_219' title='bbox 508 2438 572 2478; x_wconf 89' lang='lat' dir='ltr'>ibi</span> <span class='ocrx_word' id='word_1_220' title='bbox 605 2438 741 2479; x_wconf 87' lang='lat' dir='ltr'>Missa</span> <span class='ocrx_word' id='word_1_221' title='bbox 775 2440 913 2495; x_wconf 79' lang='lat' dir='ltr'>major</span> <span class='ocrx_word' id='word_1_222' title='bbox 948 2438 1207 2486; x_wconf 86' lang='lat' dir='ltr'>celebratur,</span> <span class='ocrx_word' id='word_1_223' title='bbox 1242 2438 1420 2480; x_wconf 89' lang='lat' dir='ltr'>mandat</span> <span class='ocrx_word' id='word_1_224' title='bbox 1455 2440 1701 2495; x_wconf 81' lang='lat' dir='ltr'>publicari3</span> <span class='ocrx_word' id='word_1_225' title='bbox 1754 2441 1830 2482; x_wconf 89' lang='lat' dir='ltr'>sed</span> 
     </span>
     <span class='ocr_line' id='line_1_31' title="bbox 375 2510 1829 2566; baseline 0.002 -15"><span class='ocrx_word' id='word_1_226' title='bbox 375 2511 505 2551; x_wconf 88' lang='lat' dir='ltr'>ctiam</span> <span class='ocrx_word' id='word_1_227' title='bbox 539 2512 584 2551; x_wconf 90' lang='lat' dir='ltr'>in</span> <span class='ocrx_word' id='word_1_228' title='bbox 615 2510 890 2551; x_wconf 83' lang='lat' dir='ltr'>Cancellaria</span> <span class='ocrx_word' id='word_1_229' title='bbox 918 2510 1066 2551; x_wconf 81' lang='lat' dir='ltr'>Curiae</span> <span class='ocrx_word' id='word_1_230' title='bbox 1100 2511 1368 2566; x_wconf 80' lang='lat' dir='ltr'>Apostolicae</span> <span class='ocrx_word' id='word_1_231' title='bbox 1401 2512 1553 2553; x_wconf 88' lang='lat' dir='ltr'>eodem</span> <span class='ocrx_word' id='word_1_232' title='bbox 1585 2528 1730 2554; x_wconf 90' lang='lat' dir='ltr'>mense</span> <span class='ocrx_word' id='word_1_233' title='bbox 1752 2514 1829 2555; x_wconf 86' lang='lat' dir='ltr'>Ja-</span> 
     </span>
     <span class='ocr_line' id='line_1_32' title="bbox 372 2583 1830 2639; baseline 0.001 -16"><span class='ocrx_word' id='word_1_234' title='bbox 372 2583 530 2632; x_wconf 85' lang='lat' dir='ltr'>nuarii,</span> <span class='ocrx_word' id='word_1_235' title='bbox 564 2598 661 2623; x_wconf 90' lang='lat' dir='ltr'>cum</span> <span class='ocrx_word' id='word_1_236' title='bbox 697 2583 840 2638; x_wconf 79' lang='lat' dir='ltr'>prima</span> <span class='ocrx_word' id='word_1_237' title='bbox 874 2583 1146 2624; x_wconf 85' lang='lat' dir='ltr'>Caneellaria</span> <span class='ocrx_word' id='word_1_238' title='bbox 1178 2589 1349 2639; x_wconf 86' lang='lat' dir='ltr'>agetur.</span> <span class='ocrx_word' id='word_1_239' title='bbox 1414 2583 1553 2639; x_wconf 89' lang='lat' dir='ltr'>Cupit</span> <span class='ocrx_word' id='word_1_240' title='bbox 1589 2584 1703 2625; x_wconf 89' lang='lat' dir='ltr'>enim</span> <span class='ocrx_word' id='word_1_241' title='bbox 1738 2584 1830 2634; x_wconf 92' lang='lat' dir='ltr'>hoc,</span> 
     </span>
     <span class='ocr_line' id='line_1_33' title="bbox 375 2655 1828 2713; baseline 0.002 -18"><span class='ocrx_word' id='word_1_242' title='bbox 375 2655 493 2709; x_wconf 91' lang='lat' dir='ltr'>quod</span> <span class='ocrx_word' id='word_1_243' title='bbox 517 2655 572 2696; x_wconf 89' lang='lat' dir='ltr'>ad</span> <span class='ocrx_word' id='word_1_244' title='bbox 594 2655 925 2697; x_wconf 86' lang='lat' dir='ltr'>ecclesiasticam</span> <span class='ocrx_word' id='word_1_245' title='bbox 947 2656 1215 2711; x_wconf 87' lang='lat' dir='ltr'>disciplinam</span> <span class='ocrx_word' id='word_1_246' title='bbox 1238 2657 1554 2697; x_wconf 88' lang='lat' dir='ltr'>restituendam</span> <span class='ocrx_word' id='word_1_247' title='bbox 1577 2664 1711 2712; x_wconf 89' lang='lat' dir='ltr'>atque</span> <span class='ocrx_word' id='word_1_248' title='bbox 1733 2673 1828 2713; x_wconf 90' lang='lat' dir='ltr'>pro-</span> 
     </span>
     <span class='ocr_line' id='line_1_34' title="bbox 374 2728 1828 2785; baseline 0.003 -18"><span class='ocrx_word' id='word_1_249' title='bbox 374 2728 621 2782; x_wconf 82' lang='lat' dir='ltr'>pagandam</span> <span class='ocrx_word' id='word_1_250' title='bbox 663 2734 728 2769; x_wconf 90' lang='lat' dir='ltr'>est</span> <span class='ocrx_word' id='word_1_251' title='bbox 759 2729 974 2784; x_wconf 86' lang='lat' dir='ltr'>imprimis</span> <span class='ocrx_word' id='word_1_252' title='bbox 1013 2729 1315 2777; x_wconf 85' lang='lat' dir='ltr'>necessarium,</span> <span class='ocrx_word' id='word_1_253' title='bbox 1356 2729 1609 2785; x_wconf 88' lang='lat' dir='ltr'>frequenter</span> <span class='ocrx_word' id='word_1_254' title='bbox 1641 2731 1828 2772; x_wconf 91' lang='lat' dir='ltr'>omnium</span> 
     </span>
     <span class='ocr_line' id='line_1_35' title="bbox 376 2801 1828 2859; baseline 0.003 -20"><span class='ocrx_word' id='word_1_255' title='bbox 376 2801 557 2840; x_wconf 84' lang='lat' dir='ltr'>auribus</span> <span class='ocrx_word' id='word_1_256' title='bbox 584 2801 900 2856; x_wconf 87' lang='lat' dir='ltr'>mentibusque</span> <span class='ocrx_word' id='word_1_257' title='bbox 931 2801 1063 2856; x_wconf 83' lang='lat' dir='ltr'>infigi,</span> <span class='ocrx_word' id='word_1_258' title='bbox 1088 2808 1138 2842; x_wconf 93' lang='lat' dir='ltr'>ut</span> <span class='ocrx_word' id='word_1_259' title='bbox 1171 2802 1214 2841; x_wconf 93' lang='lat' dir='ltr'>in</span> <span class='ocrx_word' id='word_1_260' title='bbox 1238 2808 1474 2856; x_wconf 85' lang='lat' dir='ltr'>posterum,</span> <span class='ocrx_word' id='word_1_261' title='bbox 1507 2802 1604 2844; x_wconf 90' lang='lat' dir='ltr'>Deo</span> <span class='ocrx_word' id='word_1_262' title='bbox 1632 2804 1828 2859; x_wconf 85' lang='lat' dir='ltr'>juvante,</span> 
     </span>
    </p>
   </div>
  </div>
 </body>
</html>
