1905 3254
1110 283 1136 322 4

391 420 481 446 rem
503 419 665 445 morem
686 404 935 460 delegisset,
970 405 1046 459 qui
1075 403 1176 445 huic
1201 405 1478 444 Sacrosaneto
1513 401 1703 442 Concilio
1739 401 1843 441 inte·
1879 445 1883 448 ,

392 492 566 523 ressem‚
611 477 725 532 coepi
764 477 856 532 jam
898 476 940 516 in
981 477 1171 516 animum
1212 491 1357 516 meum
1398 474 1616 522 inducere,
1659 481 1709 514 ut
1748 479 1846 528 post

390 551 632 606 praestitam
666 565 690 590 a
725 565 792 590 me
828 550 1017 606 publicis
1057 550 1099 590 in
1135 550 1375 591 actionibus
1415 563 1603 605 operam,
1640 546 1844 603 privatim

392 624 491 664 huic
520 638 695 679 quoque
728 638 843 663 curae
871 638 954 663 non
984 622 1192 670 deessem,
1223 638 1323 678 quae
1354 629 1580 677 tantopere
1610 636 1663 661 ex
1691 620 1842 675 hujus-

392 696 507 737 modi
545 696 765 737 hominum
807 711 890 736 usu
927 696 1080 736 futura
1118 695 1352 736 videretur.
1416 695 1576 750 Itaque
1616 693 1754 734 literis
1795 707 1848 732 ea

392 769 598 810 mandare
628 769 770 809 omnia
794 768 976 816 decrevi,
1001 783 1102 824 quae
1130 769 1261 809 rebus
1282 769 1375 825 ipso
1396 768 1439 808 in
1461 767 1653 808 Concilio
1674 765 1847 806 sancitis

393 850 438 884 et
476 842 769 898 promulgatis
818 845 1024 897 majorem
1062 849 1237 896 possent
1281 842 1430 897 aliquo
1471 848 1664 895 tempore
1703 839 1845 879 lucem

393 915 558 963 afferre,
580 930 662 955 non
684 915 839 964 solum,
862 922 909 955 ut
936 930 1013 970 pro
1043 915 1232 955 muneris
1260 915 1343 955 mei
1374 914 1538 955 ratione
1563 913 1847 954 certissimum
1904 965 1905 968 Ἴ

390 989 451 1029 rei
474 995 610 1044 gestae
632 988 791 1043 pignus
819 987 924 1027 mihi
945 987 1027 1042 ipsi
1049 987 1364 1028 commentariis
1385 988 1490 1029 meis
1512 994 1673 1034 tuerer,
1707 985 1783 1025 sed
1803 991 1848 1025 et
1904 1019 1905 1022 ,

391 1068 441 1102 ut
468 1061 648 1108 caeteris,
683 1060 715 1100 si
739 1059 911 1115 quando
932 1075 1015 1100 usu
1038 1060 1218 1108 veniret,
1253 1061 1392 1100 veluti
1413 1060 1604 1100 Tabulae
1628 1064 1845 1114 paterent,

390 1133 503 1174 unde
526 1133 722 1173 veritatis
738 1132 866 1173 fidem
888 1139 1063 1187 possent
1084 1133 1272 1188 exigere.
1338 1133 1425 1173 Cui
1446 1148 1541 1174 meo
1562 1132 1734 1173 consilio
1752 1132 1846 1186 ipse

388 1213 541 1262 postea
565 1205 722 1261 Synodi
742 1220 1011 1261 progressus,
1032 1220 1079 1246 ac
1100 1221 1246 1246 rerum
1268 1206 1377 1246 varii
1398 1206 1473 1261 qui
1492 1205 1685 1261 quotidie
1707 1219 1842 1245 emer-

390 1279 555 1335 gebant
586 1284 767 1318 eventus
800 1278 984 1333 majores
1015 1277 1058 1317 in
1091 1277 1183 1318 dies
1217 1277 1272 1317 ad
1299 1292 1389 1317 rem
1421 1278 1588 1319 summa
1619 1276 1846 1331 diligentia

389 1351 757 1408 complectendam
794 1350 993 1391 stimulos
1036 1350 1307 1391 addiderunt.
1385 1350 1499 1390 Cum
1540 1351 1652 1391 enim
1693 1351 1846 1391 miram

388 1427 574 1467 Patrum
595 1426 639 1466 in
658 1425 792 1466 rebus
819 1424 1089 1473 disserendis,
1122 1424 1507 1479 examinandisque
1536 1423 1842 1472 subtilitatem,

389 1501 660 1547 varietatem,
689 1498 914 1555 judicium,
948 1499 1287 1554 doctrinamque,
1315 1499 1625 1546 observassem,
1657 1498 1762 1539 satis
1783 1499 1844 1538 in-

389 1573 591 1628 telligere
619 1572 747 1627 coepi,
780 1572 815 1611 si
842 1571 1090 1627 aliquando,
1119 1571 1226 1627 quid
1247 1571 1412 1628 singuli
1434 1571 1702 1620 affirmarint,
1733 1573 1842 1628 reje-

388 1646 535 1693 cerint,
567 1645 879 1692 dubitaverint,
913 1651 991 1685 aut
1020 1644 1316 1700 repudiatum,
1348 1644 1437 1686 sive
1465 1644 1582 1699 quod
1603 1650 1843 1685 controver-

388 1720 495 1759 siam
516 1719 790 1774 potissimum
821 1718 971 1758 fecerit
990 1718 1094 1773 ipsis
1118 1718 1277 1774 Synodi
1307 1718 1490 1759 decretis
1513 1718 1845 1774 adjungeretur,

386 1792 528 1833 multa
550 1808 603 1833 ex
621 1792 671 1832 iis
693 1807 793 1847 quae
815 1791 1064 1832 obscuriora
1081 1791 1217 1832 videri
1237 1798 1431 1847 possunt,
1448 1792 1588 1848 magis
1610 1791 1845 1847 perspicua

386 1866 569 1913 omnino,
603 1872 736 1921 atque
761 1865 991 1906 enucleata
1021 1864 1261 1920 proditura.
1326 1865 1455 1915 Quod
1476 1864 1523 1913 si,
1546 1871 1590 1905 et
1611 1864 1846 1906 occultiora

385 1938 594 1978 nonnulla
620 1938 663 1977 in
690 1937 824 1978 rebus
846 1937 1120 1991 gravioribus
1144 1938 1312 1977 Summi
1339 1937 1559 1978 Pontificis
1580 1937 1842 1992 legatorum,

387 2011 641 2065 Principum
677 2010 966 2056 Secularium,
1000 2009 1242 2049 aliorumve
1276 2010 1460 2050 Patrum
1484 2009 1676 2051 Consilia
1707 2010 1845 2066 aperi-

386 2089 549 2129 rentur,
603 2082 761 2122 additis
814 2082 946 2122 etiam
987 2096 1132 2122 rerum
1178 2088 1373 2122 actarum
1414 2083 1553 2123 causis
1593 2090 1637 2124 ct
1672 2084 1843 2124 rationi-

385 2155 482 2203 bus,
514 2155 709 2210 profecto
745 2154 872 2195 facile
908 2154 1108 2195 futurum
1144 2155 1401 2203 existimavi,
1435 2163 1485 2196 ut
1518 2171 1601 2196 non
1632 2149 1856 2197 mediocre*

385 2227 482 2268 hinc
527 2227 774 2268 Christiano
815 2227 910 2267 orbi
951 2228 1086 2282 possit
1133 2227 1334 2268 accedere
1388 2227 1702 2285 adjumentum,
1746 2244 1843 2270 cum

384 2301 626 2356 praesertim
649 2300 928 2355 quotidianus
960 2300 1051 2356 ipse
1084 2302 1178 2356 ejus
1201 2301 1262 2341 rei
1286 2316 1390 2342 usus
1412 2302 1455 2342 id
1475 2317 1551 2343 nos
1571 2302 1677 2344 satis
1699 2302 1843 2343 admo-

383 2381 518 2415 neret.
581 2374 698 2414 Nam
741 2381 900 2422 tamen,
944 2374 1027 2415 etsi
1068 2375 1230 2415 recenti
1271 2375 1412 2416 adhuc
1452 2377 1658 2418 memoria
1698 2377 1842 2424 Pauli,

384 2452 428 2486 et
449 2446 479 2487 J
484 2445 563 2486 ulii
585 2445 718 2493 tertii,
749 2446 914 2500 quibus
935 2445 1190 2486 sedentibus
1218 2446 1331 2486 idem
1355 2446 1600 2487 Concilium
1621 2447 1842 2503 inceptum

385 2526 430 2560 et
465 2519 706 2574 repetitum
734 2519 830 2567 fuit,
866 2519 1077 2560 commodi
1108 2519 1213 2560 satis
1248 2520 1302 2560 ad
1333 2521 1488 2569 omnia,
1527 2536 1626 2576 quae
1656 2521 1845 2577 gerenda

384 2598 541 2638 essent,
564 2590 812 2646 patefactus
845 2591 991 2632 aditus
1023 2592 1261 2633 existimari
1288 2594 1422 2649 possit
1438 2610 1449 2644 3
1484 2594 1670 2634 vidimus
1698 2601 1844 2635 tamen

382 2664 544 2718 saepius
562 2663 704 2703 multa
723 2670 883 2718 praeter
904 2679 1024 2720 spem
1047 2672 1210 2713 exorta,
1228 2680 1327 2720 quae
1345 2667 1681 2722 praepositarum
1698 2682 1842 2708 rerum

382 2742 588 2776 contextu
610 2735 1039 2792 disputationemque
1057 2737 1437 2793 interrumperent,
1461 2745 1504 2779 et
1526 2746 1735 2795 tanquam
1754 2755 1841 2781 sco·
1883 2756 1885 2770 1

380 2809 477 2864 puli
496 2810 536 2849 in
559 2810 700 2850 medio
722 2825 821 2850 eum
844 2811 993 2866 synodi
1016 2811 1181 2852 exitum
1203 2811 1332 2867 longe
1353 2812 1601 2867 probarent.
1665 2814 1842 2863 Quanta

1897 1339 1905 1731 mL²¹Q>OE-fl„Q>—m—
1900 1274 1905 1331 -..<
1902 1166 1905 1266 ,.—..,-
1902 1114 1905 1147 -ᾲ
1903 1083 1905 1103 ,Α
1903 1065 1905 1072 .
