1905 3254
380 286 463 327 510
1007 297 1115 330 siffis,
1139 297 1217 326 vir.

379 421 465 447 non
499 406 624 447 modo
657 405 909 461 diligentem
933 410 975 444 et
1002 408 1262 449 accuratam,
1287 401 1363 442 sed
1385 416 1515 456 quam
1538 401 1788 449 maximam,
1812 415 1837 441 a

379 479 576 520 Romano
599 479 809 520 Pontifice
831 478 875 517 in
908 492 960 517 ea
991 491 1036 516 re
1068 490 1212 516 curam
1246 474 1551 522 adhibendam,
1583 474 1640 515 ob
1662 473 1707 514 id
1728 489 1837 529 prae-

380 554 544 601 sertim,
579 553 696 609 quod
727 553 780 593 de
812 552 892 598 his,
924 566 1034 606 quos
1068 549 1280 591 Ecclesiis
1313 549 1535 605 praeficiet,
1568 549 1612 588 in
1645 554 1839 588 extremo

373 626 539 682 judicio
560 627 658 667 Deo
679 626 890 667 rationem
911 624 1088 671 reddet3
1112 628 1155 663 et
1179 623 1419 663 animarum
1443 622 1716 677 sanguinem,
1739 635 1839 676 quae

380 715 434 740 ex
456 700 574 740 malo
605 698 930 755 negligentium
961 703 1005 737 et
1027 696 1094 736 sui
1116 695 1241 736 officii
1272 695 1576 735 immemorum
1608 693 1839 734 Pastorum

381 773 594 829 regimine
617 772 842 828 peribunt,
868 770 923 810 D.
947 770 1005 810 N.
1029 769 1161 809 Jesus
1185 767 1385 808 Christus
1407 767 1460 808 de
1482 767 1618 823 ipsius
1640 767 1841 808 manibus
1900 783 1905 802 ι

381 846 434 886 sit
455 846 761 901 requisiturus.

440 920 477 958 ⁶2.
514 918 708 958 Promoti
730 916 785 957 ad
806 915 1028 956 Ecclesias
1057 913 1360 961 Cathedrales‚
1383 928 1460 953 seu
1483 913 1740 968 superiores,
1765 913 1842 968 qui
1902 911 1905 921 ⁴

381 1000 540 1026 munus
563 983 900 1025 consecrationis
922 997 1007 1023 non
1029 981 1314 1037 susceperint,
1339 981 1375 1021 si
1397 980 1510 1021 infra
1539 987 1626 1021 tres
1657 994 1839 1027 menses,

383 1057 437 1097 ad
458 1057 682 1097 fructuum
710 1061 1018 1111 perceptorum
1046 1054 1365 1094 restitutionem
1388 1059 1642 1101 teneantur3
1675 1052 1710 1092 si
1730 1052 1843 1093 infra

384 1130 491 1170 alios
514 1137 600 1170 tres
630 1143 809 1176 menses,
839 1127 1048 1168 Ecclesiis
1080 1128 1175 1183 ipso
1203 1130 1304 1182 jure
1337 1126 1423 1166 sint
1447 1126 1623 1181 privati.
1685 1125 1842 1165 Conse·
1898 1134 1905 1180 ,J

384 1204 517 1244 cratio
539 1217 653 1250 vero,
689 1202 725 1242 si
754 1208 877 1242 extra
901 1200 1082 1240 Curiam
1114 1199 1353 1240 Romanam
1377 1200 1466 1245 fiat,
1489 1199 1533 1239 in
1552 1199 1763 1245 Ecclesia,
1788 1198 1843 1238 ad
1904 1187 1905 1190 Ἴ

384 1291 515 1333 quam
539 1276 728 1331 promoti
759 1275 934 1322 fuerint,
965 1275 1001 1314 si
1022 1274 1116 1315 fieri
1136 1274 1313 1329 poterit,
1336 1273 1530 1328 alioquin
1551 1273 1593 1313 in
1615 1273 1844 1314 Provincia
1892 1299 1905 1332 3

383 1348 642 1389 celebretur.

443 1421 481 1461 3.
514 1420 727 1476 Episcopi
759 1434 837 1474 per
869 1418 1124 1472 semetipsos
1157 1416 1327 1458 ordines
1360 1417 1593 1457 conferant.
1657 1417 1786 1467 Quod
1807 1419 1843 1459 si
1904 1409 1905 1414 ’

384 1496 429 1536 in
445 1494 699 1535 infirmitate
721 1494 883 1534 fuerint
898 1492 1109 1547 impediti,
1126 1491 1324 1532 subditos
1346 1506 1445 1531 suos
1466 1506 1550 1531 non
1569 1491 1694 1532 aliter
1711 1507 1843 1547 quam

382 1571 472 1622 jam
490 1566 697 1621 probatos
719 1572 763 1606 et
779 1565 1049 1606 examinatos
1071 1563 1127 1604 ad
1143 1564 1277 1604 alium
1294 1563 1565 1619 Episcopum
1583 1563 1843 1605 ordinandos
1896 1595 1898 1599 ,

387 1639 622 1680 dimittant.

444 1715 483 1753 4.
517 1713 686 1754 Nullus
726 1712 781 1753 ad
814 1712 1033 1753 Ecclesias
1072 1711 1115 1751 in
1147 1711 1348 1767 partibus
1380 1710 1641 1760 Infidelium,
1679 1712 1844 1767 populo
1887 1734 1904 1752 ,ω

390 1786 640 1827 Christiano
663 1793 706 1827 et
727 1786 842 1827 clero
875 1792 1082 1833 carentes,
1106 1785 1149 1825 in
1170 1791 1393 1840 posterum
1416 1785 1662 1841 Episcopus
1677 1785 1844 1827 ordine-

388 1867 473 1908 tur,
494 1860 578 1900 nisi
601 1874 764 1915 urgens
791 1859 1023 1899 necessitas
1051 1857 1096 1898 id
1117 1863 1334 1912 exposcat,
1358 1857 1485 1912 eique
1506 1859 1713 1913 perpetui
1733 1858 1843 1899 redi-

389 1940 462 1974 tus
495 1932 912 1988 quadringentorum
953 1933 1209 1971 aureorum¹
1245 1929 1511 1971 authoritate
1552 1930 1666 1971 sedis
1702 1932 1843 1986 Apos-
1885 1934 1901 1970 ἰ

389 2005 529 2046 tolicae
571 2006 858 2061 assignentur.
939 2004 1026 2053 Qui
1066 2010 1213 2043 tamen
1253 2003 1527 2044 Pontifiealia
1570 2004 1668 2058 [non
1708 2004 1847 2059 possit
1875 2028 1894 2037 -

389 2094 604 2128 exercere,
627 2079 710 2119 nisi
731 2079 775 2119 in
796 2077 971 2119 dioecesi
993 2077 1184 2132 episcopi
1205 2075 1434 2117 residentis
1463 2092 1510 2117 ac
1532 2077 1798 2132 pontificalia
1809 2077 1840 2132 ²]

389 2167 469 2208 per
491 2167 535 2192 se
558 2151 809 2196 exercentis,
834 2150 967 2205 idque
990 2151 1142 2205 gratiS‚
1157 2150 1219 2190 ita
1235 2157 1284 2190 ut
1308 2156 1352 2190 et
1370 2149 1477 2190 nihil
1494 2150 1624 2191 etiam
1647 2166 1672 2191 a
1687 2157 1844 2207 sponte

389 2224 599 2265 dantibus
620 2223 814 2263 oblatum
838 2223 1030 2278 recipere
1051 2222 1193 2263 liceat.
1257 2222 1386 2272 Quod
1417 2223 1451 2262 si
1481 2238 1602 2264 secus
1633 2224 1796 2272 fecerit,
1821 2239 1846 2264 a

391 2296 722 2338 Pontificalibus
743 2311 821 2351 per
844 2310 1005 2336 annum
1028 2296 1082 2336 sit
1104 2310 1354 2351 suspensus.

449 2371 486 2410 5.
521 2369 669 2410 Prima
690 2375 868 2410 tonsura
900 2383 985 2409 non
1017 2369 1256 2417 initientur,
1281 2370 1359 2425 qui
1380 2377 1696 2411 sacramentum
1730 2370 1843 2412 Con·
1883 2368 1888 2376 “

390 2440 643 2482 firmationis
674 2455 760 2480 non
789 2442 1069 2496 susceperint,
1107 2449 1152 2482 et
1181 2441 1281 2482 fidei
1312 2441 1559 2484 rudimenta
1590 2442 1730 2484 edocti
1759 2458 1845 2484 non
1884 2485 1886 2488 ,

391 2515 582 2562 fuerint3
617 2513 782 2569 quique
813 2514 962 2570 legere
991 2521 1034 2555 et
1057 2515 1242 2556 scribere
1269 2515 1470 2557 nesciant.
1532 2516 1594 2556 Et
1614 2516 1661 2556 hi
1683 2516 1761 2557 soli
1779 2531 1842 2557 re-
1884 2533 1886 2538 ·

390 2587 622 2642 cipiantur,
640 2585 693 2626 de
715 2586 877 2642 quibus
899 2586 1141 2642 probabilis
1161 2588 1217 2628 sit
1240 2593 1499 2644 conjectura,
1516 2604 1587 2630 eos
1605 2604 1691 2630 non
1711 2603 1842 2629 saecu-

436 2709 444 2725 ¹
470 2711 645 2747 Annorum,
664 2709 739 2738 MS.

432 2760 444 2776 ‘²
467 2760 544 2790 This
559 2761 703 2790 manifest
726 2761 873 2792 omission
900 2763 925 2792 is
951 2763 1098 2804 supplied
1113 2764 1190 2795 from
1210 2763 1252 2793 Le
1267 2763 1350 2794 Plat.
1398 2765 1427 2795 It
1443 2764 1565 2805 plainly
1582 2774 1665 2794 arose
1689 2763 1768 2794 stom
1793 2761 1843 2792 the
1877 2754 1888 2888 Ι

390 2823 566 2844 recurreuce
581 2814 615 2844 of
624 2814 674 2844 the
687 2814 782 2852 word,
796 2816 993 2856 ponig'fiealia.
1846 2808 1849 2811 Ι

1878 2974 1885 3044 i
