1905 3254
664 284 772 316 sess.
801 285 875 315 vn.
1417 273 1499 313 547

44 392 185 440 noxia,
208 390 342 446 leges,
365 405 466 446 quae
488 388 542 431 de
563 390 616 430 iis
636 390 853 438 feruntur,
884 405 1003 447 saepe
1035 391 1252 441 deficiunt,
1281 392 1498 448 multique

44 479 166 507 casus
182 463 389 510 incidunt,
410 463 454 503 in
476 463 639 518 quibus
660 463 875 504 servanda
895 463 965 504 lex
987 478 1072 504 non
1090 471 1167 506 est.
1232 464 1500 522 Hujusmodi

46 545 190 580 autem
221 536 417 577 defectus
446 535 558 591 legis
579 550 631 578 ex
661 551 786 592 aequo
808 542 852 577 et
879 537 992 578 bono
1015 538 1191 594 corrigit
1225 545 1269 579 et
1300 538 1501 579 emendat

44 613 93 660 is,
116 611 193 667 qui
215 624 433 651 summum
457 609 690 664 imperium
707 607 840 650 habet
858 625 866 649 τ
899 610 1047 665 itaque
1060 610 1110 658 is,
1128 611 1204 666 qui
1216 611 1500 667 dispensatio-

44 699 143 726 nem
163 683 217 724 de
238 682 414 738 legibus
436 681 565 730 tollit,
589 688 631 722 et
651 681 801 738 legum
822 688 1025 722 naturam
1048 682 1236 738 ignorat.

100 756 268 798 Verum
305 761 463 800 tamen,
498 754 542 794 in
578 754 629 794 iis
660 754 838 810 Legum
867 761 909 795 et
944 754 1173 795 Canonum
1204 755 1501 797 relaxionibus

45 828 171 885 cupio
193 828 379 869 duarum
403 843 547 869 rerum
569 827 782 868 rationem
803 826 956 868 haberi
978 843 1002 869 a
1021 829 1099 868 Sm⁰
1116 828 1174 869 D.
1193 829 1251 870 N.
1271 846 1280 878 ;
1314 845 1502 885 quarum

47 918 133 945 una
159 909 240 951 est,
268 908 319 942 ut
340 916 440 942 cum
462 901 580 941 omni
601 916 703 942 cura
725 916 772 941 ac
796 900 1028 957 diligentia
1051 901 1251 943 Canones
1272 903 1503 944 inviolatos

47 991 136 1019 esse
155 976 362 1031 jusserit:
396 982 492 1016 tum
515 974 718 1030 denique,
741 975 776 1014 si
800 974 958 1029 aliquis
986 976 1162 1031 gravior
1183 991 1306 1017 casus
1328 976 1501 1026 incidat,

47 1052 122 1109 qui
145 1051 201 1091 sit
217 1066 243 1091 a
263 1050 361 1105 lege
384 1048 680 1104 excipienduS,
705 1048 749 1089 in
771 1063 820 1089 eo
843 1063 1014 1089 summa
1036 1056 1254 1104 potestate
1278 1058 1442 1092 utatur.

101 1125 242 1167 Valde
265 1125 377 1166 enim
400 1123 601 1179 displicet
622 1122 733 1170 Deo,
758 1129 802 1163 et
827 1122 1125 1164 Christianum
1149 1125 1364 1179 populum
1393 1125 1503 1166 mul-

43 1205 139 1241 tum
162 1197 358 1245 offendit,
380 1196 622 1252 expositam
652 1196 852 1236 omnibus
877 1202 919 1236 et
946 1197 1273 1252 promulgatam
1296 1212 1388 1238 esse
1420 1198 1503 1239 Ca-

43 1285 205 1312 nonum
228 1269 498 1316 solutionem,
516 1282 616 1323 quae
639 1267 907 1323 frequentior
929 1274 994 1308 est
1009 1283 1157 1308 eorum
1175 1269 1502 1319 observatione3

45 1344 106 1385 ita
129 1350 180 1384 ut
201 1342 438 1397 composita
458 1341 512 1381 sit
533 1340 749 1381 sententia
776 1346 821 1381 et
843 1355 912 1381 ars
933 1340 1134 1395 quaedam
1159 1340 1504 1390 administrandi,

47 1423 178 1472 atque
209 1415 263 1456 de
295 1413 656 1471 derogationibus
694 1412 922 1454 Canonum
955 1413 1100 1454 affecti
1141 1421 1244 1455 sunt
1279 1414 1504 1464 Can011es3

47 1489 236 1547 Regulae
277 1488 391 1530 enim
435 1487 634 1528 Canones
676 1493 778 1528 sunt
820 1487 983 1542 quibus
1024 1486 1224 1528 Canones
1260 1488 1502 1530 solvuntur.

48 1563 188 1606 Aliud
228 1569 293 1604 est
330 1561 448 1617 quod
483 1561 627 1617 cupio,
664 1568 714 1601 ut
749 1560 917 1615 quoties
958 1560 1238 1616 dispensandi
1277 1561 1506 1602 necessitas

45 1644 254 1686 occurret,
275 1637 364 1677 sine
387 1641 560 1692 quaestu
583 1641 626 1676 et
648 1633 891 1690 cupiditate
915 1633 1007 1674 ulla
1030 1633 1424 1676 administraretur.

103 1712 214 1753 Haec
245 1716 349 1751 sunt
380 1724 480 1765 quae
517 1708 759 1765 generatim
793 1706 901 1747 mihi
934 1706 1116 1748 dicenda
1152 1707 1358 1749 fuerunt:
1391 1723 1505 1749 nunc

45 1800 188 1842 pauca
209 1785 263 1826 de
285 1783 470 1840 singulis
493 1782 747 1824 Canonibus
769 1780 925 1822 dicam.

103 1857 300 1899 Primum
339 1855 562 1897 Canonem
594 1869 679 1895 non
715 1854 864 1910 probo,
887 1852 963 1894 sed
993 1868 1076 1894 non
1108 1869 1160 1895 ea
1187 1854 1240 1895 de
1263 1869 1393 1895 eausa
1414 1869 1504 1910 qua

48 1931 182 1987 aliqui
217 1929 375 1986 optimi
396 1929 550 1969 Patres
585 1928 805 1976 dixerunt,
829 1942 928 1968 eum
962 1942 1044 1968 non
1077 1942 1168 1969 esse
1202 1929 1503 1975 necessarium,

47 2004 165 2062 quod
185 2018 326 2059 nuper
347 2002 401 2043 de
417 2002 497 2043 hac
518 2002 614 2057 ipsa
647 2016 692 2042 re
727 2001 840 2042 alius
864 2000 1015 2041 Canon
1047 2002 1105 2042 sic
1135 2002 1300 2043 factus:
1332 2017 1416 2043 non
1438 2009 1504 2044 est

48 2093 224 2126 novum,
248 2075 430 2117 eandem
455 2074 679 2130 Synodum
701 2073 755 2115 de
778 2073 930 2115 eadem
952 2088 998 2115 re
1020 2073 1128 2114 duos
1153 2073 1349 2115 Canones
1370 2074 1502 2116 simil-

46 2151 171 2192 limos
187 2151 340 2192 facere.
390 2148 571 2189 Concilii
592 2147 958 2188 Chalcedonensis
980 2162 1020 2187 x.
1048 2146 1212 2194 Canon,
1231 2154 1275 2188 et
1292 2162 1380 2195 xx„
1396 2162 1502 2203 quc-

48 2238 144 2265 rum
167 2230 234 2264 est
256 2237 281 2263 a
302 2236 370 2263 me
392 2221 507 2262 facta
528 2221 703 2268 mentio,
727 2219 910 2261 eandem
932 2234 1022 2260 rem
1046 2233 1157 2275 pene
1179 2218 1331 2260 iisdem
1357 2220 1503 2261 verbis

46 2296 323 2354 praecipiunt,
344 2295 449 2343 scil.‚
464 2294 518 2336 de
539 2309 623 2336 non
643 2293 882 2335 retinendis
903 2291 1076 2333 duabus
1097 2292 1312 2333 Ecclesiis.
1334 2292 1498 2334 Canon.

49 2371 201 2428 Apost.
224 2370 292 2411 38.
316 2376 360 2411 et
382 2369 533 2410 Canon
554 2369 622 2409 41.
658 2368 817 2424 jubent
840 2367 1115 2422 Episcopum
1150 2380 1295 2406 rerum
1315 2366 1502 2407 Ecclesi-

50 2445 280 2486 asticarum
303 2449 565 2499 potestatem
588 2441 763 2488 habere,
783 2447 827 2482 et
850 2454 987 2496 parva
1005 2441 1116 2480 inter
1134 2454 1205 2479 eos
1221 2446 1285 2480 est
1303 2439 1502 2481 differen-

47 2519 120 2560 tia.
158 2518 322 2559 Canon.
350 2516 415 2557 13.
441 2523 485 2557 et
518 2516 589 2556 22.
614 2514 745 2555 Cone.
784 2512 1041 2554 Antiochen.
1076 2511 1192 2552 idem
1225 2512 1501 2568 praecipiunt,

46 2591 145 2639 scil„
181 2598 233 2633 ut
267 2590 480 2646 Episcopi
521 2604 566 2630 se
607 2588 853 2629 contineant
885 2586 999 2626 intra
1031 2600 1209 2625 suarum
1244 2585 1501 2628 Dioecesum

51 2665 166 2706 fines.
198 2665 433 2712 Praeterea,
451 2679 535 2705 non
553 2662 668 2704 estis
686 2661 835 2701 Canon
856 2659 1108 2714 superfluus
1125 2659 1158 2698 si
1175 2659 1231 2699 sit
1252 2658 1501 2709 districtior,

51 2737 86 2778 si
102 2737 352 2794 diligentius
366 2752 455 2778 rem
475 2741 782 2791 prosequatur,
797 2732 831 2773 si
846 2731 900 2772 ad
918 2731 1088 2787 praxim
1109 2732 1248 2787 magis
1262 2731 1502 2775 descendat.

54 2809 209 2865 Neque
232 2824 334 2850 vero
356 2808 459 2850 mihi
482 2808 578 2849 ideo
601 2822 683 2849 non
717 2806 945 2861 probatur,
970 2803 1088 2859 quod
1122 2804 1177 2844 ab
1211 2804 1262 2844 iis
1283 2805 1503 2859 profectus

975 2911 997 2930 δ
1150 2878 1274 2917 2Ν2
