1905 3254
372 256 453 296 532
994 273 1104 302 sEss.
1129 272 1204 302 vn.

376 382 518 422 munis
559 397 654 422 cum
698 380 950 422 Canonicis:
1004 380 1224 434 reliquum
1272 378 1386 419 inter
1427 391 1644 433 pauperes
1684 375 1826 416 distri-

377 456 600 501 bueretur,
643 461 687 495 et
719 453 835 509 quod
878 452 1132 493 Cardinales
1171 465 1256 491 non
1295 451 1450 490 fierent
1489 449 1712 504 Episcopi.
1777 447 1828 487 In

376 526 631 567 duodecimo
653 526 905 567 subdiaconi
927 525 1032 565 fiant
1051 525 1093 564 in
1108 525 1162 565 25
1181 537 1303 570 annO,
1321 528 1364 563 et
1387 528 1573 563 voveant
1590 522 1830 562 castitatem

377 599 493 647 dare,
513 607 556 640 et
577 599 859 655 provideatur
882 598 1012 639 etiam
1035 596 1088 637 de
1110 595 1401 652 qualitatibus
1426 594 1741 635 Cardinalium.

436 671 830 713 Clodiensis-de
873 670 1106 727 Episeopis
1147 669 1402 711 titularibus
1441 674 1491 708 ut
1532 673 1831 713 amoveantur,

376 746 547 802 placet;
579 761 678 787 nam
713 744 953 786 absurdum
988 750 1067 791 est,
1099 757 1198 783 eum
1222 741 1356 782 creari
1387 742 1626 786 Pastorem,
1651 740 1728 794 qui
1749 753 1832 779 non

375 826 520 875 potest
560 834 761 860 exercere
801 819 885 858 nisi
927 817 1115 858 officium
1157 814 1500 863 mercenarium3
1554 819 1596 852 et
1636 812 1834 867 quamvis

376 893 510 948 aliqui
531 893 742 948 Episcopi
759 891 1023 947 quandoque
1041 891 1127 931 sint
1143 889 1358 946 impediti,
1383 890 1459 945 qui
1469 891 1685 944 juvantur
1700 887 1832 928 inter-

376 965 481 1006 dum
516 965 690 1006 illorum
728 980 875 1020 opera,
911 971 1055 1005 tamen
1085 962 1130 1003 id
1163 963 1364 1019 praestari
1398 962 1563 1018 poterit
1589 977 1613 1002 a
1642 975 1833 1016 compro-

378 1039 647 1079 vincialibus.
1100 1031 1103 1034 ’

435 1112 808 1152 Sulmonensis—
830 1111 948 1167 quod
985 1110 1277 1151 Seminarium
1317 1113 1507 1164 ponatur
1548 1107 1689 1162 primo
1728 1106 1831 1153 1000,

378 1186 583 1240 quoniam
618 1185 727 1225 nihil
756 1186 897 1239 magis
929 1191 1055 1224 nocet
1089 1182 1313 1223 ordinibus
1335 1196 1464 1237 quam
1487 1180 1759 1237 ignorantia;
1793 1185 1836 1219 ct

378 1257 550 1296 omnino
583 1255 812 1297 mandetur
843 1255 1102 1296 executioni.
1167 1254 1283 1294 Nam
1308 1259 1351 1293 et
1380 1252 1426 1292 id
1457 1259 1613 1292 natura
1634 1251 1835 1296 ostendit,

378 1337 428 1370 ut
449 1330 571 1385 prius
597 1330 787 1385 jaciatur
819 1343 963 1369 semen
996 1343 1128 1383 quam
1161 1327 1330 1367 fructus
1362 1331 1575 1381 speretur.
1639 1325 1835 1365 Primum

379 1409 526 1443 autem
549 1401 769 1442 decretum
802 1415 885 1440 non
918 1400 1126 1456 probavit
1158 1399 1287 1439 variis
1317 1396 1587 1447 rationibus;
1621 1396 1834 1452 dixitque,

378 1475 509 1530 quod,
551 1491 648 1516 cum
684 1475 727 1514 in
770 1473 1033 1514 Hierarchia
1083 1472 1258 1513 Ecclica
1298 1472 1420 1511 varia
1461 1472 1546 1511 sint
1586 1470 1835 1516 ministeria,

379 1549 516 1589 veluti
531 1547 873 1603 Archiepiscopi„
887 1546 1115 1593 Primates,
1131 1543 1405 1591 Patriarchae,
1423 1543 1710 1599 Suffraganei,
1725 1542 1835 1583 haec-

379 1638 463 1679 que
497 1623 684 1669 nomina,
709 1636 786 1662 seu
814 1620 951 1661 officia
981 1620 1078 1668 sint,
1105 1619 1310 1659 instituta
1332 1633 1356 1658 a
1378 1617 1489 1659 Jure
1520 1617 1718 1673 positivo,
1739 1616 1837 1658 hinc

379 1702 572 1736 constare
593 1695 718 1750 Epos
739 1694 857 1749 ipsos
881 1707 905 1733 a
926 1693 1061 1748 Papae
1089 1691 1372 1747 dispositione
1401 1689 1606 1745 pendere.
1669 1688 1838 1730 Retulit

379 1770 521 1810 varias
542 1768 707 1824 species
728 1766 1048 1822 Episcoporum
1082 1764 1343 1811 titularium,
1367 1764 1551 1819 primam
1575 1778 1737 1812 eorum,
1759 1763 1837 1819 qui

379 1843 479 1883 olim
520 1848 642 1882 erant
674 1841 719 1880 in
752 1838 978 1895 primitiva
1014 1838 1207 1878 Ecclesia
1225 1852 1235 1886 3
1269 1835 1502 1877 secundam
1540 1835 1722 1891 [eorum]
1761 1835 1837 1891 qui

380 1915 544 1956 habent
584 1913 796 1954 Ecclesias
831 1909 951 1966 apud
984 1909 1213 1959 Infideles;
1257 1910 1445 1956 tertiam,
1479 1923 1643 1955 eorum,
1675 1908 1837 1963 quibus

378 1987 655 2028 interdicitur
687 1983 1004 2025 administratio
1036 1984 1174 2024 omnis
1205 1989 1247 2024 et
1281 1997 1472 2023 accessus
1495 1981 1549 2022 ad
1570 1981 1836 2030 Ecclesiam3

381 2067 596 2116 quartam,
627 2073 787 2105 eorum,
822 2058 899 2112 qui
921 2056 1227 2097 administrant
1253 2062 1424 2096 tantum
1455 2060 1738 2102 sacramenta,
1760 2067 1838 2094 nec

380 2134 424 2173 in
447 2133 542 2173 aliis
563 2147 607 2172 sc
630 2131 884 2176 immiscent,
918 2130 994 2185 qui
1028 2136 1205 2184 possent
1225 2128 1309 2169 dici
1330 2127 1675 2177 sacramentariig
1713 2126 1837 2182 quin-

380 2212 483 2253 tam,
526 2219 690 2251 eorum,
731 2202 807 2258 qui
854 2202 1138 2257 resignarunt
1180 2201 1499 2256 Episcopatum
1552 2206 1597 2241 et
1647 2200 1837 2240 retinent

380 2285 550 2319 tantum
601 2290 768 2322 nomen,
811 2280 1000 2329 suntque
1047 2274 1260 2328 Episcopi
1302 2273 1560 2314 universalis
1600 2272 1836 2320 Ecclesiae3

379 2358 562 2398 sextam,
605 2363 768 2398 eorum,
811 2348 974 2403 quibus
1001 2347 1279 2402 resignantur
1315 2346 1534 2394 Ecclesiae,
1569 2352 1611 2386 et
1649 2346 1837 2400 resigna-

378 2430 550 2466 taruml
587 2429 811 2463 reservant
845 2422 929 2462 sibi
961 2421 1144 2469 fructus,
1181 2420 1613 2469 administrationem,
1645 2426 1690 2461 et
1710 2419 1838 2460 colla-

380 2499 553 2543 tionem,
576 2502 620 2537 et
644 2495 727 2535 alia
748 2495 901 2535 omnia.

437 2568 821 2626 segobiensis—in
839 2568 981 2615 tertio,
1001 2567 1077 2607 ubi
1099 2566 1270 2614 dicitur,
1294 2566 1413 2622 quod
1433 2581 1512 2622 per
1533 2581 1578 2607 se
1598 2566 1730 2622 ipsos,
1757 2565 1832 2606 810.

381 2645 517 2686 vellet
538 2642 639 2684 addi
675 2641 989 2696 exceptionem,
1024 2640 1142 2696 quod
1174 2640 1253 2680 ubi
1280 2647 1381 2681 sunt
1413 2640 1609 2696 legitime
1635 2638 1836 2696 impediti

380 2720 559 2760 mittant
599 2715 827 2756 subditum
875 2730 1002 2755 suum
1047 2713 1103 2755 ad
1149 2713 1283 2754 alium
1327 2714 1606 2769 Episcopum,
1651 2713 1727 2768 qui
1767 2726 1836 2753 cos

563 2804 569 2821 ¹
596 2803 662 2833 The
673 2802 733 2833 last
746 2802 880 2842 syllable
897 2803 921 2832 is
937 2802 1126 2840 contracted,
1139 2802 1200 2833 and
1216 2812 1290 2841 may
1306 2802 1344 2831 be
1361 2801 1539 2841 differently
1556 2802 1657 2840 given.
