1905 3254
376 267 462 308 458
1000 279 1110 308 sEss.
1134 278 1211 307 vu.

378 388 544 429 Probat
563 379 742 443 pcenam
765 385 932 441 peccati
953 383 1161 431 mortalis,
1182 397 1280 423 cum
1301 381 1399 422 hinc
1416 385 1554 436 janua
1574 379 1759 436 patefiat
1780 378 1835 419 ad

381 476 530 501 veram
565 458 838 500 dilectionem
868 457 970 505 Dei,
1005 457 1156 497 timore
1179 456 1302 511 prius
1325 455 1570 495 excitatam.
1637 453 1835 508 Cuperet

380 533 536 574 deinde
579 532 750 572 omnino
790 530 1014 577 declarari,
1050 528 1347 569 Residentiam
1390 542 1481 567 esse
1517 527 1546 568 J
1553 526 1640 567 uris
1675 525 1834 574 divini;

378 622 455 647 nec
477 605 604 647 video
626 620 725 661 quae
748 604 890 660 aptior
911 604 1021 647 ratio
1041 602 1121 643 hac
1144 616 1234 642 una
1254 601 1391 657 possit
1411 600 1658 656 excogitari.

438 679 828 720 Bobiensis—cum
850 675 1156 732 Lotharingio.

439 754 496 794 N.
512 750 960 806 Hibernicus-quod
973 749 1119 805 placet
1132 749 1209 789 illa
1222 763 1349 788 causa
1362 747 1565 803 apposita
1578 747 1622 786 in
1635 746 1837 786 Decreto.

381 827 466 868 Est
499 825 802 871 necessarium,
833 830 883 863 ut
917 822 1095 862 Praelati
1126 821 1329 861 intersint
1358 821 1402 860 in
1425 819 1630 860 Conciliis
1661 817 1836 872 Regum

382 905 426 939 et
461 897 713 951 Principum
727 912 738 945 3
783 895 891 935 alias
933 901 1078 934 actum
1114 899 1226 933 esset
1261 892 1314 932 de
1347 891 1578 946 Religione
1614 890 1656 929 in
1692 888 1840 929 multis

382 971 561 1027 Regnis.
615 970 733 1010 Nam
753 969 795 1008 in
810 968 1044 1014 Hibernia,
1059 981 1154 1007 cum
1176 972 1383 1021 ageretur
1399 964 1640 1004 Concilium
1656 962 1841 1017 Reginae

384 1043 554 1089 Mariae,
589 1048 633 1082 et
665 1041 753 1081 duo
789 1039 1097 1081 contenderent
1129 1038 1182 1078 de
1216 1038 1504 1093 Episcopatu,
1539 1036 1649 1076 alter
1682 1033 1840 1074 Catho-

382 1115 505 1163 licus,
539 1114 650 1154 alter
675 1113 948 1162 Haereticus3
988 1111 1099 1152 dixit
1131 1111 1382 1151 Advocatus
1406 1108 1635 1154 Catholici,
1675 1106 1841 1148 Adver-

384 1188 546 1229 sarium
588 1202 679 1228 esse
720 1186 1038 1243 repellendum,
1087 1185 1190 1240 quia
1230 1184 1422 1225 obtinuit
1461 1182 1776 1238 Episcopatum
1819 1195 1845 1221 a

384 1263 507 1318 Rege
525 1262 792 1303 schismatico
809 1261 1001 1302 Henrico
1023 1267 1173 1301 octavo
1190 1276 1197 1300 :
1223 1267 1324 1300 tunc
1342 1259 1486 1300 statim
1506 1258 1709 1299 Praefecti
1731 1256 1843 1297 Con-

386 1340 484 1380 cilio
512 1338 825 1394 judicaverunt
862 1336 989 1376 illum
1027 1350 1150 1376 reum
1188 1335 1302 1375 laesae
1338 1333 1594 1389 majestatis.
1668 1331 1750 1372 Ille
1780 1346 1844 1372 re-

386 1411 575 1467 spondit,
598 1425 705 1466 rogo
727 1417 778 1451 ut
799 1425 866 1450 me
891 1409 1105 1458 audiatis3
1138 1423 1236 1448 nam
1261 1409 1295 1448 si
1325 1407 1545 1448 Hem-icus
1572 1408 1657 1448 fuit
1685 1406 1845 1447 Catho-

385 1485 507 1530 licus,
543 1498 714 1524 necesse
748 1489 824 1529 est,
849 1489 899 1523 ut
922 1482 1094 1537 Regina
1125 1482 1179 1522 sit
1203 1480 1474 1521 schismatica
1507 1487 1583 1520 aut
1617 1495 1640 1520 e
1672 1485 1844 1519 contra:

388 1558 538 1612 eligite
560 1571 664 1611 ergo
685 1562 832 1596 utrum
858 1555 1015 1595 velitis,
1059 1555 1184 1594 Tunc
1204 1553 1419 1601 Praefecti,
1436 1552 1504 1592 his
1525 1552 1698 1596 auditis,
1720 1551 1846 1592 illum

388 1630 685 1676 absolverunt,
704 1635 747 1669 et
768 1628 905 1669 eidem
928 1628 1247 1683 Episcopatum
1270 1632 1582 1667 concesserunt.
1646 1625 1759 1666 Haec
1782 1631 1848 1665 est

387 1704 497 1743 ratio
521 1717 596 1743 cur
616 1717 702 1742 non
724 1701 904 1757 probem
928 1701 1132 1755 prooemii
1166 1700 1498 1741 declarationem
1530 1699 1652 1740 Juris
1681 1698 1847 1747 divini3

386 1792 470 1818 non
494 1777 599 1832 quia
618 1790 704 1815 non
734 1775 916 1815 sentiam
945 1775 1008 1815 ita
1034 1789 1138 1823 esse,
1161 1774 1238 1814 sed
1258 1789 1312 1814 ne
1336 1773 1549 1814 Haeretici
1571 1771 1727 1818 dicant,
1751 1770 1847 1812 hac-

388 1857 517 1891 tenus
532 1849 786 1904 Episcopos,
802 1848 877 1904 qui
899 1848 1195 1888 interfuerunt
1214 1847 1418 1887 Consiliis
1433 1846 1699 1901 Principum,
1716 1845 1848 1885 fuisse

386 1925 430 1964 in
454 1928 628 1979 peccato
650 1922 834 1969 mortali,
860 1929 909 1962 ut
930 1920 1041 1961 dixit
1074 1921 1235 1961 Orator
1254 1920 1390 1976 Regis
1412 1920 1620 1961 Poloniae.
1682 1918 1741 1958 N.
1766 1917 1849 1959 Hi-

389 1996 797 2051 bernicus—-placet
819 1994 1041 2035 declarari.

446 2070 893 2111 Vercellensis-cum
926 2067 1098 2108 decreto
1131 2067 1258 2108 Pauli
1291 2067 1447 2115 Tertii,
1483 2065 1641 2107 additis
1670 2071 1847 2106 annota-

392 2144 587 2185 tionibus
608 2144 806 2189 Patrum,
830 2148 873 2182 et
896 2156 1030 2196 poena
1051 2141 1217 2196 peccati
1238 2139 1444 2180 mortalis.

448 2213 939 2269 Urbevetanus—quod
952 2213 1029 2254 hoe
1043 2214 1265 2254 decretum
1280 2212 1452 2253 videtur
1468 2212 1614 2266 potius
1626 2211 1850 2252 Absentiae

392 2304 525 2345 quam
548 2288 826 2334 Residentiae,
852 2288 1058 2342 quoniam
1081 2286 1269 2326 residere
1292 2285 1559 2340 simpliciter,
1583 2291 1626 2324 et
1657 2284 1850 2340 gaudere

392 2362 652 2419 privilegiiS,
677 2377 723 2402 ac
752 2361 916 2402 evitare
939 2374 1106 2415 poenas,
1140 2359 1183 2398 in
1216 2358 1397 2412 reliquis
1426 2373 1511 2398 non
1539 2358 1747 2398 inservire
1768 2358 1852 2398 Ec-

392 2436 545 2483 desire,
567 2436 602 2476 is
618 2436 764 2491 potius
786 2433 1025 2475 censendus
1047 2439 1112 2473 est
1126 2439 1333 2487 tanquam
1352 2432 1519 2472 absens.
1558 2432 1659 2471 Non
1676 2430 1851 2486 placent

393 2509 482 2549 illae
512 2525 653 2550 causae
688 2523 918 2564 expressae,
943 2507 1145 2563 quoniam
1168 2512 1352 2561 possunt
1373 2520 1465 2545 esse
1495 2505 1592 2545 aliae
1624 2519 1780 2550 causae,
1803 2510 1852 2544 ut

394 2582 627 2622 subvenire
650 2582 791 2632 fratri,
817 2580 932 2637 quod
955 2579 1107 2621 accidit
1141 2578 1367 2619 Cardinali
1390 2577 1588 2626 Ascanio,
1618 2583 1668 2617 ut
1689 2577 1850 2618 Affliet.

395 2654 524 2695 decis.
547 2655 615 2696 29.
639 2670 678 2709 q.
702 2655 830 2709 incip.
854 2669 921 2694 res
944 2652 1154 2694 Federic.¹
1211 2651 1322 2691 Item
1346 2651 1401 2691 ob
1418 2649 1721 2706 intemperiem
1745 2649 1854 2690 aeris

442 2757 448 2774 ¹
476 2758 642 2787 Pedericus
660 2757 807 2787 Senensis
833 2760 924 2787 wrote
948 2755 1060 2786 several
1086 2755 1196 2795 pieceS.
1243 2754 1306 2784 His
1322 2754 1461 2784 Consilia
1476 2754 1507 2783 in
1523 2754 1599 2784 Jure
1625 2753 1649 2783 is
1676 2752 1854 2794 frequently

397 2810 525 2840 referred
549 2815 580 2840 to
603 2811 634 2840 in
661 2811 772 2840 Praxis
799 2810 1038 2846 Beneficiorum,
1072 2809 1108 2839 P.
1128 2808 1263 2845 Rebuffi,
1289 2808 1317 2837 in
1348 2808 1397 2838 the
1423 2807 1535 2838 second
1561 2811 1639 2847 part,
1664 2806 1763 2836 under
1788 2804 1855 2835 title
