1905 3254
349 319 431 360 564
975 336 1085 366 sess,
1111 334 1190 365 VH.

353 447 398 480 et
419 446 484 480 est
505 440 669 480 abusus
690 455 888 495 magnus.
951 440 1021 481 De
1046 439 1356 480 Cardinalibus
1378 444 1443 479 est
1464 437 1634 478 omnino
1663 435 1807 492 provi·

353 513 544 553 denduin
563 530 573 562 3
608 521 651 554 et
666 529 796 554 onero
817 515 861 554 in
880 513 957 554 hoc
971 513 1250 554 conscientias
1265 519 1441 559 vestras,
1460 512 1590 551 immo
1603 525 1806 565 cuperem

353 586 446 626 fieri
467 587 761 635 seminarium,
785 586 901 627 unde
925 593 1246 626 assumerentur
1269 585 1546 634 Cardinales3
1568 598 1668 623 nam
1691 581 1808 622 vide—

355 673 452 698 mus
491 672 650 707 omnes,
682 660 759 714 qui
791 659 1002 700 accedunt
1033 658 1087 699 ad
1118 659 1302 706 Urbem,
1336 671 1531 713 queerere
1562 670 1641 711 per
1672 655 1734 694 fas
1766 661 1809 694 et

354 731 475 771 nefas
497 731 678 772 emendo
699 733 849 780 officia,
875 732 1167 773 Clericaturas
1191 738 1233 771 et
1254 731 1409 778 omnia,
1432 737 1483 771 ut
1503 728 1738 769 ascendant
1755 726 1811 767 ad

357 803 691 845 Cardinalatum
708 821 718 854 ;
752 811 796 845 et
814 804 883 845 hic
906 812 970 845 est
991 805 1086 844 finis
1107 805 1314 845 omnium.

416 877 678 918 Verulanus.

418 950 829 991 Alifanus—Vellet
849 950 1140 1005 Episcopatus
1162 955 1314 989 tenues
1335 949 1379 988 in
1402 947 1537 988 Italia
1557 945 1672 986 uniri
1703 945 1809 991 aliis,

360 1029 436 1064 aut
457 1024 609 1079 augeri
630 1023 945 1078 proventibus,
979 1036 1055 1061 nec
1077 1021 1122 1061 id
1143 1019 1246 1060 dicit
1275 1035 1404 1060 causa
1424 1034 1515 1065 sua,
1538 1033 1636 1059 nam
1674 1017 1711 1057 si
1736 1017 1812 1056 fiet

361 1110 494 1136 canon
532 1101 716 1150 paratus
747 1102 813 1136 est
845 1094 996 1135 cedere
1028 1093 1321 1148 Episcopatui
1351 1107 1455 1141 suo,
1494 1090 1570 1131 sed
1601 1090 1706 1145 quia
1736 1089 1814 1130 ubi

358 1169 606 1224 Episcopus
629 1168 737 1209 adeo
759 1168 976 1223 premitur
992 1167 1207 1222 angustiis
1227 1166 1290 1206 rei
1311 1165 1547 1211 familiaris,
1564 1179 1649 1204 non
1670 1169 1815 1218 potest

359 1242 571 1283 Ecclesiae
611 1241 942 1282 necessitatibus
991 1253 1226 1285 occurrere,
1267 1254 1410 1294 neque
1451 1237 1619 1293 aperire
1660 1250 1816 1277 manus

360 1314 522 1370 egenis.
584 1313 715 1353 Fiant
743 1312 996 1353 subdiaconi
1026 1312 1071 1352 in
1093 1312 1160 1359 25,
1183 1317 1226 1351 et
1257 1309 1443 1351 Diaconi
1463 1310 1507 1350 in
1528 1309 1595 1357 28,
1617 1315 1660 1349 et
1691 1308 1815 1348 Pres-

358 1388 501 1442 byteri
520 1387 565 1426 in
582 1386 651 1425 30.

419 1461 588 1500 Sanctae
620 1456 1182 1499 Severinae-—Admonendi
1214 1456 1439 1511 Principes
1470 1462 1513 1496 et
1544 1452 1740 1509 rogandi,
1768 1458 1817 1493 ut

359 1548 444 1573 non
465 1532 548 1573 nisi
569 1546 726 1587 graves
751 1537 794 1570 et
825 1530 1001 1570 idoneos
1032 1530 1146 1569 viros
1176 1529 1416 1569 nominent.
1479 1528 1532 1568 In
1562 1530 1608 1567 4⁰
1639 1526 1819 1567 tollatur

361 1606 638 1662 prooemium,
660 1610 704 1645 et
732 1603 1023 1644 constituatur
1053 1601 1235 1642 honesta
1265 1602 1409 1656 portio
1431 1608 1547 1641 certa
1578 1615 1657 1655 pro
1687 1600 1817 1640 Titu-

360 1679 541 1718 laribus.

417 1752 492 1792 N.¹
511 1748 954 1805 Neapolitanus—In
969 1748 1111 1803 primo
1128 1746 1343 1787 tollantur
1365 1746 1592 1787 electiones
1610 1761 1635 1786 a
1648 1745 1816 1786 canoni-

363 1825 433 1870 cis,
456 1822 660 1878 quoniam
683 1828 784 1862 sunt
806 1819 1136 1876 corruptissimi,
1161 1825 1204 1860 et
1225 1819 1369 1859 omnia
1389 1825 1559 1860 tentant
1593 1833 1673 1874 per
1694 1818 1818 1859 simo·

361 1897 489 1943 niam,
516 1896 584 1936 vel
605 1895 706 1935 odia
727 1901 770 1935 et
800 1894 997 1950 injurias.
1059 1892 1390 1933 Nominationes
1420 1892 1506 1932 illis
1536 1891 1819 1946 Principibus

360 1970 677 2024 relinquantur,
693 1968 769 2023 qui
784 1967 869 2007 illis
882 1981 968 2007 non
983 1966 1241 2009 abutuntur,
1256 1972 1390 2020 prout
1407 1964 1451 2005 in
1465 1965 1588 2020 Rege
1602 1963 1820 2019 Hispano,

364 2042 440 2098 qui
459 2057 542 2082 non
572 2042 768 2082 nominat
798 2040 883 2080 nisi
904 2040 1020 2080 viros
1043 2045 1317 2094 praestantes,
1340 2045 1390 2079 ut
1422 2037 1616 2093 quotidie
1649 2037 1820 2078 videtis.

363 2114 659 2156 Prohibeatur
682 2113 920 2169 Religiosis
937 2120 980 2153 et
997 2113 1239 2168 praesertim
1256 2112 1543 2161 Monialibus,
1559 2126 1612 2152 ne
1627 2111 1822 2152 habeant

358 2186 704 2242 jurisdictionem
730 2185 774 2225 in
813 2185 1015 2229 Clericos,
1046 2190 1090 2224 et
1121 2190 1349 2224 exerceant
1382 2199 1527 2224 curam
1564 2183 1820 2231 animarum,

363 2266 496 2315 prout
528 2259 573 2298 in
605 2272 702 2298 mea
732 2256 926 2297 Dioecesi
962 2255 1129 2303 accidit,
1164 2255 1241 2295 ubi
1270 2255 1472 2310 quaedam
1507 2256 1717 2296 Abatissa
1746 2255 1823 2296 dat

364 2332 586 2372 licentiam
607 2329 810 2370 sumendi
840 2328 1023 2375 ordines,
1045 2327 1180 2368 habet
1206 2327 1563 2383 jurisdictionem,
1587 2334 1630 2368 et
1652 2335 1823 2369 exercet

368 2417 530 2443 curann

424 2473 890 2516 Vintimilliensis—In
911 2474 956 2512 40
980 2472 1182 2514 videntur
1203 2472 1383 2513 tollendi
1411 2472 1651 2520 Titulares,
1672 2487 1726 2512 ne
1749 2472 1822 2512 de-

367 2554 549 2604 rogetur
571 2546 767 2587 Concilio
787 2546 1036 2587 Viennensi.

426 2622 484 2662 N.
512 2619 831 2661 Ibernus2—In
883 2619 1036 2673 quinto
1084 2619 1355 2674 corrigantur
1399 2619 1530 2673 juges
1571 2617 1738 2657 abusus
1777 2617 1823 2657 in

414 2745 420 2762 ¹
449 2743 592 2773 Natione.

413 2796 426 2814 ²
449 2796 526 2826 This
539 2799 625 2824 must
640 2794 677 2823 be
693 2804 751 2824 one
766 2794 801 2824 of
812 2793 867 2836 the.
879 2793 962 2823 three
975 2793 1105 2833 prelates
1121 2797 1186 2823 sent
1202 2792 1282 2823 from
1299 2791 1424 2822 Ireland
1441 2797 1471 2822 to
1487 2791 1538 2821 the
1554 2790 1704 2826 Council,
1722 2790 1824 2820 Acha-

370 2850 482 2883 densis,
501 2848 693 2888 Rapotensis,
716 2847 778 2877 and
802 2847 969 2883 Rossensis.
987 2847 1100 2876 named
1115 2845 1319 2886 rcspeetirely
1337 2845 1499 2883 Eugenius
1515 2845 1642 2879 Oharet,
1661 2844 1826 2874 Donaldus
