1905 3254
689 288 800 319 sess.
826 289 900 319 vu.
1442 272 1525 313 565

64 393 445 442 nominationibus,
466 408 564 434 nam
588 394 851 450 plerumque
869 401 967 450 post
990 395 1329 435 nominationem
1358 393 1518 434 factam

65 466 275 507 nominati
317 465 523 506 videntur
572 467 798 523 negligere
839 466 1150 523 expeditiones,
1192 473 1235 507 et
1276 466 1522 522 percipiunt

65 538 238 578 interim
260 537 427 578 fructus
460 553 540 593 per
573 554 827 587 oeconomos,
850 545 893 580 et
915 539 1127 593 paulatim
1148 539 1366 594 obrepunt
1388 539 1519 579 etiam

64 611 107 650 in
127 610 379 665 spiritualia
401 617 500 650 ante
523 611 899 651 confirmationem.

123 682 581 732 Tininiensis—Quod
597 684 646 723 fit
661 684 818 740 injuria
834 684 1111 724 Sacrosancto
1126 684 1291 724 nomini
1310 683 1519 724 Cardina-

64 757 170 797 lium
190 773 201 805 3
236 771 331 796 cum
355 756 424 797 hic
448 763 607 812 agatur
628 756 681 797 de
704 757 866 805 ordine,
889 756 998 797 nihil
1019 771 1244 797 commune
1267 771 1363 797 cum
1386 771 1521 797 sacra-

65 836 209 870 mento
241 829 422 877 habeat;
457 837 499 870 et
541 830 659 885 quod
695 831 870 886 publice
913 829 1108 885 expedit,
1151 837 1202 870 ut
1242 830 1285 869 in
1321 830 1521 871 futurum

69 902 237 943 Summi
270 902 502 943 Pontifices
534 903 797 959 intelligant,
823 918 1021 959 quaenam
1055 903 1186 944 fucrit
1222 910 1308 943 tam
1342 903 1525 943 celebris

65 975 217 1031 synodi
239 976 317 1016 hac
340 976 393 1016 dc
424 992 469 1017 re
492 978 730 1026 sententia,
764 985 807 1018 et
828 977 978 1018 retulit
1010 977 1231 1018 decretum
1255 977 1297 1016 in
1332 976 1525 1017 Concilio

67 1049 308 1094 Basiliensi,
333 1056 478 1089 tamen
501 1050 657 1089 omisso
679 1050 863 1095 nomine,
884 1048 1000 1104 quod
1016 1049 1126 1090 dixit
1143 1065 1235 1090 esse
1249 1049 1522 1097 invidiosum,

66 1121 143 1161 ubi
164 1127 228 1161 est
245 1121 297 1162 de
318 1136 514 1167 numero,
537 1121 590 1161 de
609 1128 750 1168 ¹aetate,
773 1122 826 1162 de
848 1122 1062 1176 qualitate
1083 1123 1185 1171 &c.;
1220 1121 1372 1162 attulit
1390 1122 1522 1162 etiam

68 1193 314 1234 Concilium
344 1194 642 1235 Lateranense
675 1195 881 1235 ultimum
914 1195 956 1234 in
995 1195 1082 1235 Ses.
1105 1194 1147 1242 O,
1180 1195 1258 1234 ubi
1292 1194 1439 1250 agitur
1472 1193 1525 1234 de

69 1267 391 1314 Cardinalibus,
424 1275 474 1308 ut
506 1267 654 1308 Roma·
688 1268 917 1314 resideant,
953 1267 1212 1308 concludens
1242 1268 1346 1307 satis
1377 1275 1526 1308 notum

67 1355 158 1381 esse
172 1340 384 1387 omnibus,
399 1355 488 1380 rem
507 1340 615 1381 hanc
633 1340 685 1381 de
705 1340 1002 1381 Cardinalium
1020 1339 1229 1380 electione
1247 1339 1525 1380 necessariam

68 1428 171 1461 esse,
193 1412 248 1454 de
272 1428 359 1467 qua
381 1413 550 1467 aliquid
580 1413 852 1454 decernatur.
917 1413 967 1453 In
990 1415 1035 1452 4⁰
1056 1412 1280 1453 Titulares
1311 1426 1395 1451 non
1426 1419 1529 1452 sunt

69 1484 264 1532 tollendi,
288 1501 384 1525 cum
414 1489 501 1540 jam
530 1486 705 1540 probati
739 1486 795 1526 ab
817 1486 1028 1533 Ecclesia,
1064 1493 1107 1526 et
1140 1484 1365 1525 necessarii
1399 1484 1529 1524 variis

69 1559 121 1601 de
144 1559 296 1607 causis,
322 1567 386 1606 ut,
406 1560 462 1599 ob
484 1566 764 1605 senectutem,
789 1559 1096 1602 infirmitatem,
1121 1565 1164 1598 et
1196 1556 1527 1612 amplitudinem

69 1632 297 1679 Dioeeesis,
321 1640 453 1687 prout
475 1633 518 1672 in
539 1632 731 1672 Di‹1=c0si
749 1633 958 1687 pragensi
982 1637 1026 1671 et
1056 1630 1365 1685 Strigoniensi3
1390 1630 1530 1684 placet

70 1712 230 1753 tamen,
268 1711 318 1746 ut
354 1705 397 1744 in
431 1704 499 1744 his
536 1705 640 1745 locis
675 1705 807 1746 etiam
845 1704 1014 1758 proprii
1051 1703 1262 1758 Episcopi
1299 1709 1531 1743 teneantur

70 1778 270 1820 residere.
306 1778 374 1819 De
390 1785 522 1819 aetate
535 1778 871 1818 ordinandorum
889 1777 1119 1817 innovetur
1134 1776 1279 1816 Canon
1302 1776 1328 1815 6
1353 1775 1530 1831 Synodi,

70 1852 149 1893 ubi
180 1852 471 1893 subdiaconus
502 1852 543 1891 in
574 1852 647 1899 20,
671 1851 896 1891 Diaconus
929 1851 971 1890 in
1004 1850 1073 1898 25,
1098 1850 1248 1891 Presb.
1271 1851 1315 1890 in
1347 1850 1414 1890 30.
1478 1850 1530 1890 In

70 1925 236 1966 decimo
252 1932 375 1965 sexto
391 1924 673 1964 Commendae
688 1924 742 1964 ad
763 1932 938 1979 tempus
962 1922 1240 1978 applicentur
1263 1923 1503 1963 Seminario
1519 1939 1530 1972 3

71 2003 297 2052 perpetua:
320 1996 494 2036 omnino
518 1996 733 2036 tollantur
756 2010 809 2036 cx
832 1994 1043 2035 Ecclesia.
1106 1992 1254 2033 Vellet
1272 1992 1373 2033 item
1396 2008 1529 2033 reser-

71 2081 266 2121 Magongail,
282 2081 344 2110 and
361 2080 497 2111 Thomas
512 2080 740 2111 Ohierllanthe.
788 2080 886 2110 These
902 2090 1016 2117 names,
1039 2078 1158 2117 though
1181 2078 1295 2119 copied
1319 2079 1351 2108 in
1374 2078 1425 2108 the
1440 2080 1533 2109 Cata-

70 2135 164 2174 logne
188 2135 266 2164 srom
294 2134 374 2163 their
397 2133 503 2164 actual
527 2134 759 2175 subscriptions,
777 2134 885 2169 where,
903 2134 938 2163 os
957 2144 1072 2169 course,
1097 2132 1169 2171 they
1194 2142 1243 2161 are
1269 2131 1440 2170 Latinized‚
1458 2142 1534 2170 vary

70 2189 149 2219 from
172 2189 223 2218 the
238 2187 424 2218 vernacular
439 2198 555 2225 names,
571 2187 672 2217 which
696 2198 769 2226 may
786 2187 823 2217 be
837 2186 981 2226 supplied
996 2187 1074 2215 from
1092 2185 1142 2214 Sir
1156 2185 1260 2215 James
1278 2185 1397 2214 Vt'are's
1412 2184 1536 2222 Works,

71 2241 134 2272 vol.
158 2241 190 2279 i.‚
214 2252 246 2271 as
271 2240 412 2271 follows:
438 2242 566 2280 Eugene
591 2240 735 2277 O-Hairt,
758 2251 788 2280 p.
806 2240 889 2277 660;
914 2240 1019 2269 Donat
1045 2238 1217 2277 Magonail,
1246 2249 1276 2279 p.
1300 2239 1378 2275 275;
1403 2238 1537 2267 Thomas

73 2294 262 2334 o-Herlihy,
276 2291 317 2335 ’μ
336 2295 409 2324 588.
456 2294 523 2324 The
552 2293 699 2324 Metrieal
722 2293 906 2333 Catalogue‚
925 2292 1027 2323 which
1053 2292 1107 2322 has
1133 2292 1207 2322 been
1231 2292 1359 2321 referred
1377 2296 1406 2321 to
1423 2291 1534 2329 before,

72 2347 179 2378 makes
193 2348 277 2378 them
296 2348 386 2387 bring
402 2359 444 2388 up
460 2348 509 2378 the
524 2347 679 2388 episcopal
697 2358 762 2377 rear
779 2347 810 2376 in
826 2346 908 2376 these
922 2346 1043 2375 lines—

288 2408 361 2437 Post
377 2407 431 2437 hos
447 2412 506 2437 tres
517 2407 658 2447 juvenes,
675 2418 754 2447 quos
771 2406 886 2444 frigida
906 2405 1055 2435 Hibernia
1071 2404 1164 2443 legat,

287 2460 481 2499 Eugenium,
498 2460 728 2501 Thomamque,
746 2460 847 2490 honos.
861 2460 1049 2499 justumque
1066 2457 1294 2487 Donaldum—

73 2519 135 2549 and
152 2519 223 2557 they
240 2530 328 2549 come
350 2518 380 2548 in
398 2519 443 2549 for
458 2519 536 2549 their
551 2519 637 2549 share
654 2519 684 2548 in
702 2519 752 2549 the
767 2518 891 2559 general
907 2517 1020 2556 eulogy
1038 2516 1253 2556 immediately
1270 2516 1473 2556 following——

289 2573 409 2604 Omnes
423 2578 545 2605 ornatos
561 2575 668 2614 ingens
684 2576 854 2606 virtutibus
869 2575 950 2605 orbis

289 2627 389 2663 Misit,
407 2631 443 2657 ut
456 2627 535 2658 hanc
549 2628 687 2658 scabiem
706 2629 817 2658 tollant
831 2628 1041 2667 morbumque
1057 2627 1242 2666 malignum,

288 2680 424 2710 Sacratis
438 2692 545 2711 omnes
561 2682 664 2711 induti
681 2687 819 2722 tempora
836 2682 948 2711 mitris.

76 2731 255 2772 According
281 2737 313 2762 to
336 2733 510 2772 Servantio,
529 2735 578 2764 the
595 2735 678 2765 three
694 2735 774 2765 lrish
791 2735 922 2775 prelates
937 2733 1057 2764 arrived
1075 2733 1211 2773 together
1225 2739 1256 2764 at
1271 2734 1375 2772 Trent‚
1392 2735 1468 2774 May
1486 2735 1537 2771 25,

80 2784 170 2824 1562,
187 2786 250 2815 and
266 2785 336 2825 they
352 2787 532 2818 subscribed
558 2789 695 2828 together
709 2793 740 2818 at
754 2788 804 2818 the
821 2788 881 2818 end
903 2788 938 2818 ol'
960 2787 1010 2817 the
1026 2786 1161 2817 Council
1178 2786 1253 2818 with
1270 2786 1320 2817 the
1337 2787 1538 2818 intervention

78 2837 114 2869 os
126 2849 183 2868 one
197 2839 363 2878 signature.
