1905 3254
768 294 793 333 5

54 414 167 455 enim
188 414 291 454 olim
312 413 365 455 de
388 414 470 455 loci
489 414 784 470 praerogativa
799 414 911 455 inter
929 415 1157 456 nonnullos
1178 422 1370 457 oratores
1388 415 1508 456 Prin-

55 487 212 542 cipum,
230 487 546 543 nonnullosque
564 487 695 528 etiam
713 487 868 528 Patres
881 487 966 528 fuit
982 488 1283 529 controversia.
1318 488 1508 538 Quanta,

52 559 106 600 de
140 559 419 600 dicendarum
452 560 764 601 sententiarum
790 560 937 602 ordine
966 560 1222 617 disputatio.
1287 562 1510 612 Quamdiu

53 639 283 681 certatum,
315 647 369 673 an
393 634 467 689 jus
499 633 767 689 proponendi
796 648 895 689 quae
928 634 972 674 in
1001 634 1194 675 Concilio
1225 634 1510 676 deliberanda

54 714 195 748 essent
227 706 282 748 ad
309 707 481 763 legatos
513 714 683 748 tantum
707 707 876 747 Summi
897 707 1129 755 Pontificis‚
1160 722 1214 748 an
1235 708 1367 749 etiam
1389 709 1510 749 Prin-

53 780 214 836 cipum,
245 795 298 822 an
336 780 390 821 ad
425 780 620 836 singulos
651 781 807 821 Patres
848 795 900 821 ex
936 781 1151 836 cujusque
1193 781 1374 822 arbitrio
1415 797 1511 837 pcr-

55 853 223 895 tineret.
291 853 514 904 Quamdiu
535 853 844 902 deliberatum,
869 868 969 909 quae
991 861 1110 894 certa
1131 854 1244 894 ratio
1265 854 1307 894 in
1327 853 1513 895 decretis

54 926 331 968 emendandis
352 942 405 968 ex
427 941 633 968 consensu
658 927 855 975 Patrum,
879 941 979 982 quae
1000 927 1042 967 in
1064 927 1342 983 exquirendis
1363 942 1511 968 eorum

53 1000 289 1048 sententiis,
321 1015 421 1056 quae
447 1000 491 1040 in
516 999 849 1055 promulgandis
880 1000 1078 1048 decretis,
1108 1008 1221 1041 esset
1252 1000 1510 1042 adhibenda.

55 1073 238 1124 Quoties
261 1081 419 1121 actum,
444 1073 658 1129 quomodo
680 1073 860 1114 occultis
888 1073 1161 1129 quorundam
1184 1074 1369 1115 Patrum
1391 1074 1511 1115 dissi-

54 1145 135 1186 diis
158 1161 205 1187 ac
228 1147 573 1188 contentionibus
594 1153 730 1187 totam
753 1146 963 1203 synodum
984 1147 1365 1203 perturbantibus
1400 1156 1513 1189 esset

55 1218 380 1259 occurrendum.
445 1218 671 1269 Quomodo
712 1220 838 1260 tectis
879 1220 1131 1274 Principum
1175 1227 1253 1260 aut
1288 1220 1512 1261 nationum

55 1290 328 1347 quarundam
355 1291 550 1339 consiliis,
586 1292 766 1339 artibus,
791 1299 868 1333 aut
890 1292 1279 1348 protestationibus
1299 1293 1341 1333 in
1361 1293 1514 1333 mediis

53 1363 156 1419 ipsis
182 1364 443 1404 sessionibus
463 1365 738 1420 praeparatis,
761 1365 936 1405 obviam
960 1372 1074 1406 essct
1096 1365 1302 1406 eundum.
1366 1366 1430 1408 Ut
1453 1366 1513 1406 in-

54 1451 234 1478 numera
262 1439 395 1493 prope
429 1438 517 1478 alia
548 1438 815 1485 omittamus,
849 1445 944 1479 tum
972 1438 1166 1493 publica,
1200 1445 1294 1480 tum
1322 1439 1512 1495 privata,

55 1524 155 1565 quae
180 1510 462 1552 audientibus
482 1511 599 1552 levia
620 1511 818 1560 fortasse,
842 1511 1173 1567 experientibus
1195 1515 1307 1554 certe
1329 1513 1513 1554 difficul-

54 1582 172 1632 lima,
194 1583 463 1641 deprehensa
483 1584 673 1626 fuerunt.

113 1657 226 1707 Quae
259 1658 402 1698 omnia
439 1673 515 1698 nos
551 1658 737 1698 maxime
771 1657 1056 1714 impulerunt,
1095 1665 1144 1699 ut
1179 1659 1315 1700 totius
1353 1660 1512 1716 Synodi

55 1730 207 1771 seriem
236 1746 555 1772 recenseremus
572 1748 581 1780 3
611 1746 695 1771 non
725 1731 878 1779 solum,
909 1738 958 1772 ut
994 1732 1071 1787 qui
1103 1731 1169 1772 his
1201 1747 1284 1773 non
1308 1733 1512 1774 interfue-

54 1812 157 1845 runt
184 1818 269 1844 uno
292 1811 470 1859 aspectu
492 1819 582 1845 rem
605 1811 771 1845 tantam
804 1804 1024 1859 concipere
1055 1812 1242 1860 possent,
1270 1805 1347 1847 sed
1368 1807 1512 1856 etiam,

57 1884 107 1918 ut
137 1878 362 1933 posteris,¹‘
388 1877 423 1918 si
462 1877 637 1934 quando
671 1892 739 1919 res
771 1877 1021 1933 postularit,
1053 1878 1108 1919 ad
1143 1878 1234 1920 haec
1270 1880 1515 1923 discrimina

56 1950 261 1991 evitanda
306 1950 540 2006 prudentia
589 1954 728 2005 major
778 1958 1065 2006 comparetur.
1148 1951 1219 1992 Ne
1270 1955 1370 1993 vero
1422 1953 1514 1995 haec

55 2030 148 2065 tota
174 2024 303 2064 simul
335 2031 539 2080 congesta
570 2024 774 2064 materies
807 2023 1060 2080 legentibus
1091 2025 1335 2066 molestiam
1368 2027 1513 2068 confu-

55 2097 271 2139 sionemve
299 2105 486 2154 pareret,
519 2112 615 2138 eam
653 2097 711 2137 sic
744 2097 1018 2153 partiendam
1052 2097 1272 2147 duximus,
1310 2107 1360 2141 ut
1393 2116 1512 2156 quae-

57 2185 226 2227 cunque
247 2171 290 2211 in
313 2170 483 2227 Synodo
511 2176 699 2211 tractata
720 2170 898 2211 fuerunt
921 2185 969 2211 ac
996 2170 1183 2221 decreta,
1206 2174 1360 2222 omnia,
1384 2183 1515 2230 prout

54 2245 290 2301 proposita,
313 2244 561 2292 emendata,
589 2244 838 2299 sensimque
868 2258 893 2284 a
914 2244 1124 2285 Patribus
1156 2246 1385 2288 elaborata
1419 2248 1512 2290 fue-

55 2324 168 2366 runt,
185 2317 412 2373 sigillatim
428 2317 713 2364 traderemus,
731 2317 952 2373 simulque
975 2333 1074 2359 cum
1093 2318 1160 2359 his
1181 2320 1513 2375 praeclarissima

58 2405 247 2447 quaeque
277 2390 446 2432 interim
481 2391 662 2431 suborta
693 2398 1044 2441 contexeremus3
1078 2399 1237 2434 caetera
1272 2396 1386 2443 vero,
1411 2411 1511 2450 quae

57 2463 158 2505 licet
185 2463 240 2505 ad
263 2464 418 2505 Patres
439 2463 592 2512 relata,
614 2464 657 2504 in
681 2478 830 2504 corum
860 2471 1007 2505 tamen
1039 2465 1397 2507 consultationem
1428 2483 1511 2508 non

57 2545 278 2586 venerunt,
302 2538 452 2587 veluti,
485 2538 706 2578 conciones
742 2537 958 2593 publicas,
993 2539 1224 2589 orationes,
1257 2540 1510 2596 diplomata,

56 2609 239 2660 libellos,
281 2610 525 2666 privilegia,
563 2610 726 2661 literas,
759 2609 966 2651 mandata
1002 2611 1271 2668 Principum,
1293 2619 1337 2653 et
1359 2612 1509 2668 hujus-

57 2683 172 2724 modi
186 2684 339 2732 multa,
355 2699 456 2740 quae
475 2683 726 2739 prolixitate
743 2683 961 2724 interdum
978 2683 1169 2725 historiae
1189 2700 1362 2726 cursum
1380 2686 1508 2727 inter-

57 2769 270 2812 rumpere,
292 2772 340 2798 ac
359 2757 599 2813 legentium
621 2763 809 2797 mentem
831 2764 1005 2812 possent
1031 2756 1284 2806 distrahere,
1314 2757 1355 2798 in
1388 2758 1512 2801 aliud

483 2842 490 2860 ¹
517 2843 649 2874 Potestis
666 2843 697 2873 in
713 2843 764 2874 the
783 2843 864 2881 MS„
882 2843 1005 2884 plainly
1022 2843 1108 2873 salse.
