1905 3254
361 266 445 306 456
982 281 1092 311 sess.
1121 280 1196 311 vn.

363 386 511 440 potius
533 386 619 426 sint
642 400 786 435 onera,
809 386 1076 427 etEeclesiae
1098 386 1286 427 debeant
1303 400 1393 426 suae
1417 385 1603 440 antiquae
1622 384 1814 426 libertati

361 458 548 499 restitui.

421 531 833 586 Aliphanus—Non
867 532 1011 588 placet
1044 532 1163 588 quod
1195 533 1239 573 in
1269 532 1442 573 decreto
1466 538 1675 572 vocentur
1706 530 1814 585 Epi‘

361 604 491 659 scopi,
527 604 717 660 delegati
738 605 993 660 Apostolici,
1018 605 1225 660 quoniam
1254 619 1307 646 ex
1339 619 1418 645 sua
1448 604 1721 645 ordinatione
1742 602 1814 643 ha-

362 675 467 717 bent
490 677 577 718 alia
610 691 791 726 annexa,
826 684 882 726 et,
918 684 969 718 ut
1000 692 1085 717 11011
1116 677 1332 718 discedam
1360 693 1384 718 a
1412 677 1599 718 Decreto
1635 691 1744 723 meo,
1768 682 1817 716 ut

361 763 510 804 supra,
533 765 616 790 non
651 751 932 805 acquiescam,
968 751 1048 790 nisi
1078 750 1145 790 his
1178 750 1437 791 authoribus
1470 757 1568 791 ante
1600 764 1696 789 ann.
1718 749 1815 795 400,

360 824 441 864 nisi
463 824 540 864 ubi
571 825 830 879 posteriores
861 826 1062 866 nituntur
1096 825 1374 873 authoritate,
1406 832 1483 866 aut
1508 825 1649 865 Sacrae
1674 824 1815 878 Serip-

360 903 488 944 turae,
512 903 588 936 aut
611 896 919 945 Conciliorum,
944 905 1019 938 aut
1048 897 1350 938 Deci-etorum.
1413 897 1560 952 Igitur
1593 901 1818 936 serventur

359 966 473 1007 Jura
506 982 586 1007 sua
621 968 898 1016 patriarchis,
932 969 1298 1024 Archiepiscopis,
1334 968 1456 1024 Epis,
1494 969 1585 1013 &c.,
1618 974 1662 1007 et
1698 965 1816 1022 quod

358 1041 532 1081 omnino
553 1040 864 1081 declarandum
897 1049 961 1083 est
984 1042 1037 1083 de
1060 1043 1089 1083 J
1095 1057 1171 1083 ure
1193 1042 1353 1087 divino,
1378 1056 1438 1088 ac,
1465 1039 1584 1096 quod
1609 1040 1816 1081 hactenus

359 1113 480 1153 nulla
512 1114 624 1154 ratio
656 1114 698 1153 in
731 1115 994 1155 eontrarium
1030 1115 1164 1156 allata
1199 1122 1265 1155 est
1302 1115 1487 1169 alicujus
1518 1114 1739 1161 momenti,
1774 1120 1817 1154 et

359 1186 477 1242 quod
507 1186 597 1227 haec
631 1187 785 1228 domus
816 1189 983 1229 ruinam
1013 1191 1215 1237 minatur,
1248 1196 1292 1230 et
1322 1188 1466 1229 omnia
1497 1187 1691 1229 incendio
1723 1203 1817 1228 con-

357 1259 561 1315 flagrant,
586 1267 630 1300 et
650 1275 726 1300 nos
748 1267 896 1301 tantus
925 1268 1079 1316 stupor
1112 1262 1285 1309 invasit,
1321 1268 1369 1301 ut
1391 1260 1532 1301 adhuc
1561 1275 1720 1316 aquam
1743 1275 1814 1301 ex-

357 1330 611 1385 tinguendas
647 1332 835 1372 flammae
874 1348 957 1373 non
990 1334 1285 1389 praebeamus,
1324 1334 1400 1375 &c.
1465 1334 1578 1374 Sunt
1613 1340 1814 1389 quatuor,

358 1417 456 1458 quae
490 1404 573 1443 sibi
604 1419 862 1459 persuasum
893 1405 1050 1446 habet:
1086 1407 1164 1446 Pm.
1198 1406 1393 1447 Concilia
1416 1407 1637 1462 generalia
1658 1406 1817 1447 debere

356 1476 494 1517 libere
528 1478 729 1518 omnibus
766 1485 941 1533 patere:
978 1480 1036 1520 2⁰.
1072 1480 1291 1534 Papatum
1328 1495 1418 1520 esse
1446 1479 1639 1520 humana
1666 1479 1816 1520 inven-

355 1549 470 1589 tione
508 1550 781 1591 institutum:
824 1551 878 1591 3⁰.
921 1551 1031 1591 nihil
1071 1566 1147 1591 nos
1189 1567 1318 1607 agere
1359 1552 1438 1591 nisi
1476 1567 1529 1592 ex
1564 1553 1818 1607 praescripto

357 1619 631 1662 Sanctm1240.
665 1637 741 1663 nos
774 1638 865 1664 esse
899 1624 1110 1664 satellites
1144 1624 1364 1671 Sathanae,
1398 1624 1627 1679 solumque
1661 1625 1820 1665 servire

356 1693 678 1749 cupiditatibus
698 1696 870 1737 nostris.
934 1697 980 1737 Si
1003 1698 1190 1752 quaestio
1207 1698 1361 1738 fuisset
1377 1697 1430 1738 de
1454 1697 1643 1745 decimis,
1667 1698 1816 1753 utique

357 1781 504 1807 omnes
545 1767 844 1823 confugissent
881 1768 935 1808 ad
970 1770 1043 1825 jus
1079 1769 1304 1810 divinum:
1346 1785 1459 1810 nunc
1499 1770 1543 1810 in
1585 1769 1819 1811 residentia

356 1854 504 1880 omnes
526 1840 731 1880 videntur
750 1841 1063 1896 obtorpescere.
1130 1842 1224 1882 Imo
1247 1843 1425 1898 expedit
1456 1843 1689 1884 Sanctitati
1711 1859 1816 1892 suae,

356 1919 404 1952 ut
430 1911 510 1953 hoe
543 1912 800 1961 declaretur,
837 1920 886 1954 ut
919 1914 1024 1955 sciat
1058 1914 1164 1970 quid
1197 1915 1251 1956 sit
1284 1916 1450 1963 album,
1490 1915 1598 1971 quid
1630 1916 1816 1972 nigrum.

358 1986 488 2035 Quod
510 2001 611 2027 vero
647 1986 795 2027 dicunt
832 1987 982 2043 aliqui,
1016 1987 1176 2029 debere
1210 1988 1303 2029 haee
1331 1989 1505 2029 interim
1539 1988 1817 2037 dissimulari,

356 2059 481 2106 illud,
514 2060 677 2100 nemini
705 2060 916 2110 dixeritis,
956 2062 1167 2103 visionem
1202 2061 1311 2103 hanc
1347 2063 1438 2109 Sec„
1475 2077 1560 2102 non
1596 2069 1817 2119 repugnat

356 2134 419 2174 rei
441 2140 610 2174 nostrae.
674 2134 766 2174 Alii
789 2135 926 2181 aiunt,
952 2135 987 2175 si
1009 2135 1244 2176 residentia
1277 2143 1341 2176 est
1364 2136 1393 2176 J
1398 2136 1489 2176 uris
1522 2136 1671 2185 divini,
1704 2143 1819 2177 certe

356 2212 399 2246 et
421 2206 451 2246 J
459 2205 680 2247 urisdictio
698 2222 708 2255 3
732 2213 775 2247 et
794 2206 875 2247 hoc
894 2221 977 2247 non
1000 2222 1127 2263 nego,
1150 2222 1249 2248 nam
1274 2209 1308 2248 si
1328 2207 1453 2249 radix
1476 2215 1518 2249 et
1539 2223 1698 2257 ramus,
1721 2208 1818 2264 quis

355 2277 545 2324 dubitat,
571 2279 645 2319 &c.

416 2350 748 2405 Priul.¹——quod
790 2350 1034 2392 Cardinalis
1075 2351 1218 2399 Polus,
1261 2352 1381 2407 apud
1418 2368 1547 2408 quem
1584 2359 1688 2394 tunc
1729 2359 1821 2393 erat

355 2423 587 2471 sentiebat,
640 2422 938 2464 Residentiam
983 2439 1074 2465 esse
1124 2425 1155 2465 J
1160 2425 1249 2465 uris
1299 2425 1449 2474 divini,
1492 2432 1535 2466 et
1589 2425 1718 2481 quod,
1759 2425 1814 2466 ob

353 2493 463 2536 hanc
509 2511 684 2536 eausam
729 2497 880 2537 nolens
926 2497 1057 2537 etiam
1101 2497 1221 2553 apud
1264 2497 1480 2554 Reginam
1523 2498 1813 2546 detinebatur,

355 2575 398 2608 et
436 2568 553 2623 quod
595 2570 719 2610 aliter
752 2585 818 2611 res
856 2571 939 2611 erit
979 2586 1139 2627 magno
1180 2570 1392 2619 scandalo,
1434 2572 1516 2611 nisi
1557 2570 1811 2612 declaretur.

357 2641 574 2696 Quicquid
608 2648 753 2683 tamen
794 2650 1011 2684 statutum
1045 2644 1191 2692 fuerit,
1214 2659 1258 2685 se
1286 2645 1330 2684 in
1367 2645 1522 2685 bonam
1558 2651 1728 2700 partem
1752 2645 1813 2684 in·

357 2720 714 2770 terpretaturum,
739 2732 836 2758 cum
869 2717 914 2758 id
946 2734 998 2759 ex
1031 2718 1117 2760 Dei
1153 2719 1378 2761 voluntate
1410 2718 1609 2760 futurum
1642 2718 1698 2759 sit
1729 2733 1810 2773 pu-

966 2802 972 2819 ¹
998 2807 1029 2836 S.
1045 2806 1166 2847 Paepuli
1180 2809 1194 2837 ?
