1905 3254
316 288 400 329 634
949 305 1061 336 sEss
1086 306 1148 335 lx.

318 409 503 451 Concilii
524 425 591 452 res
612 410 942 467 pertractandas
962 410 1191 460 suadebat,
1209 425 1324 452 nunc
1345 416 1469 453 tanta
1500 412 1773 454 festinatione

316 487 412 539 ejus
433 483 598 525 exitum
622 500 781 541 urgere
799 502 808 535 3
842 484 974 541 idque
996 500 1049 526 ex
1072 485 1305 540 composito
1327 486 1420 526 fieri
1442 501 1540 527 eum
1564 486 1605 527 S.
1633 485 1691 527 D.
1713 486 1772 528 N.

315 556 664 611 suspicabantur,
686 573 711 598 a
733 573 821 614 quo
842 572 964 613 spem
996 564 1155 599 certam
1185 557 1424 607 habuisset,
1448 559 1485 600 si
1515 574 1615 600 eum
1636 559 1680 600 in
1702 560 1774 601 ab·

314 627 520 669 solvendo
544 629 735 670 Concilio
759 629 1003 686 adjutorem
1024 629 1263 678 habuisset,
1287 645 1331 670 se
1353 629 1416 670 illi
1448 645 1528 686 pro
1553 631 1642 671 suis
1665 631 1773 672 Ger-

315 702 453 742 manis
474 702 518 742 in
541 702 700 743 Calicis
724 717 805 744 usu
827 710 871 745 et
893 703 1160 759 quibusdam
1185 703 1281 744 aliis
1303 703 1437 744 rebus
1457 703 1523 744 illi
1554 705 1773 759 optatissi-

314 776 394 816 mis
416 776 720 831 permittendis
742 777 1051 818 obsecuturum
1075 792 1175 819 csse.

371 848 488 890 Vota
526 849 709 890 Patrum
749 864 881 905 super
931 851 982 890 14
1022 850 1220 890 articulis
1276 850 1630 898 Reformationis,
1673 865 1772 907 quae

313 922 514 963 absoluta
535 929 637 964 sunt
658 922 728 964 die
755 923 805 964 18
827 923 1095 963 Novembris
1116 923 1239 965 1563.

370 993 421 1034 In
442 994 509 1035 his
535 995 586 1035 14
609 994 857 1050 Capitibus,
881 1010 979 1036 cum
1011 995 1208 1045 ultimus,
1231 996 1309 1051 qui
1340 996 1531 1051 pertinet
1562 996 1619 1038 ad
1649 997 1772 1038 Prin-

313 1068 432 1123 cipes
454 1069 703 1117 Saeeulares,
726 1069 827 1110 olim
851 1068 997 1110 editus
1019 1069 1172 1111 fuisset
1192 1070 1296 1111 satis
1327 1070 1488 1126 ample,
1514 1085 1561 1112 ac
1591 1071 1771 1112 divisus¹

312 1143 357 1183 in
383 1144 433 1183 12
456 1143 693 1192 Articulos,
712 1149 864 1198 postea
880 1142 1090 1184 Oratores
1100 1143 1352 1199 Principum
1365 1159 1535 1200 semper
1550 1144 1775 1200 conquesti

313 1221 427 1261 sunt,
453 1230 506 1256 ex
529 1230 579 1256 eo
600 1215 912 1271 perturbatum
943 1216 996 1256 iri
1027 1231 1128 1257 suas
1150 1216 1401 1258 Provincias
1420 1233 1430 1267 3
1464 1223 1509 1258 et
1530 1232 1612 1258 non
1633 1217 1774 1258 solum

314 1289 474 1331 Orator
496 1290 634 1346 Regis
656 1289 852 1347 Philippi
874 1306 1046 1347 semper
1069 1290 1114 1332 id
1134 1291 1365 1339 recusavit,
1389 1290 1465 1331 sed
1489 1297 1533 1332 et
1565 1290 1774 1332 Oratores

314 1362 515 1410 Caesarei,
540 1363 618 1418 qui
642 1363 752 1403 alias
783 1364 865 1404 visi
896 1364 1072 1404 fucrant
1103 1365 1209 1405 satis
1241 1365 1281 1405 ei
1312 1364 1599 1420 acquiescere,
1623 1365 1774 1420 paucis

311 1436 519 1485 mutatis3
558 1436 712 1477 deinde
753 1437 903 1478 literas
942 1452 986 1478 se
1029 1453 1054 1478 a
1088 1437 1264 1478 Caesare
1295 1438 1526 1479 novissime
1559 1437 1774 1493 accepisse

311 1507 530 1556 dixerunt,
555 1509 717 1564 quibus
744 1510 1018 1565 significabat
1041 1509 1203 1556 Caesar,
1240 1514 1336 1565 ejus
1371 1510 1645 1551 admonuisse
1677 1525 1772 1551 eon-

312 1581 510 1631 siliarios,
532 1582 568 1622 si
599 1590 733 1638 caput
767 1582 813 1623 id
851 1598 876 1624 a
905 1581 1078 1639 Synodo
1116 1582 1436 1632 admitteretur,
1468 1598 1652 1640 magnas
1684 1589 1772 1625 tur-

311 1654 389 1694 bas
410 1655 453 1694 in
476 1660 566 1695 toto
590 1655 783 1711 Imperio
806 1656 1068 1704 excitandas,
1095 1671 1192 1697 cum
1214 1657 1428 1712 pleraque
1447 1657 1502 1698 ab
1519 1672 1667 1698 eorum
1684 1672 1773 1698 mo-

310 1728 432 1769 ribus
468 1728 726 1785 discrepent.
791 1729 916 1772 Idem
951 1737 995 1772 et
1037 1730 1245 1772 Oratores
1280 1731 1440 1773 Veneti
1477 1732 1769 1773 affirmabant.

312 1803 459 1852 Quare
481 1802 528 1843 hi
548 1818 696 1844 omnes
719 1803 838 1859 apud
861 1804 972 1844 smum
994 1811 1197 1860 egerunt,
1221 1810 1271 1845 ut
1294 1804 1444 1860 Caput
1474 1805 1519 1845 id
1541 1805 1626 1846 ve12
1646 1805 1769 1846 omit-

309 1881 476 1916 teretur
494 1876 565 1917 vel
584 1884 865 1920 resecaretur.
928 1878 1039 1926 ἕως,
1055 1884 1106 1918 ut
1128 1892 1199 1919 eos
1222 1892 1399 1933 quoque
1422 1877 1532 1918 forte
1555 1878 1769 1933 prompti-

309 1964 403 1990 ores
425 1949 480 1990 ad
502 1949 741 1990 finiendum
766 1950 1010 1991 Concilium
1031 1951 1228 1999 haberet,
1261 1950 1388 1991 facile
1411 1950 1473 1991 eis
1504 1951 1699 1999 assensit,
1723 1966 1771 1991 ac

308 2036 389 2077 per
420 2022 566 2063 literas
596 2022 641 2063 id
672 2023 861 2079 Legatis
892 2023 1132 2072 mandavit,
1159 2029 1202 2064 et
1222 2038 1416 2065 seorsum
1442 2023 1571 2064 multi
1596 2023 1771 2065 Praelati

311 2109 365 2136 ex
398 2094 477 2144 his,
512 2096 590 2150 qui
621 2095 968 2137 vehementiores
1008 2096 1284 2145 videbantur,
1318 2095 1527 2137 admoniti
1562 2111 1616 2138 ex
1647 2096 1772 2137 Urbe

310 2166 505 2214 fuerunt,
526 2181 580 2207 ne
602 2166 874 2222 Legatorum
897 2169 1184 2223 propositioni
1205 2168 1561 2210 contradicerent.
1625 2169 1773 2219 Quare

310 2238 397 2279 fuit
432 2238 477 2278 id
510 2239 663 2295 Caput
693 2242 736 2280 in
769 2242 1018 2296 generalem
1054 2242 1275 2297 quandam
1308 2242 1553 2290 formulam,
1595 2247 1640 2282 et
1680 2242 1771 2283 fere

309 2311 485 2352 inanem
509 2312 740 2353 verborum
764 2328 934 2362 sonum,
958 2313 1196 2363 redactum,
1220 2322 1354 2370 prout
1384 2314 1512 2355 hodie
1546 2329 1590 2354 se
1620 2313 1770 2363 habet,

310 2399 359 2425 ac
395 2385 451 2425 ab
483 2385 688 2425 omnibus
728 2385 818 2427 fere
858 2387 1110 2442 probatum.
1192 2388 1298 2429 Post
1338 2387 1432 2429 haec
1474 2387 1607 2429 datur
1647 2387 1774 2443 copia

309 2458 520 2499 Patribus
541 2458 860 2500 reformationis
883 2460 1088 2502 confectae
1105 2461 1158 2502 de
1179 2461 1479 2518 Regularibus
1502 2468 1545 2503 et
1568 2461 1770 2503 Moniali-

308 2531 393 2572 bus
423 2546 521 2571 eum
543 2546 620 2572 sex
651 2531 748 2572 aliis
784 2547 876 2588 cap.
913 2533 967 2574 de
998 2534 1302 2576 reformatione
1335 2535 1546 2591 generali,
1584 2549 1770 2591 quorum

309 2605 501 2661 primum
523 2604 692 2660 incipit,
716 2605 974 2661 Optandum
998 2611 1094 2649 est.³

354 2723 363 2742 ¹
390 2724 551 2763 Divisum,
570 2725 642 2756 MS.

352 2781 365 2799 ²
390 2782 470 2820 Non,
493 2783 568 2813 MS.

351 2839 364 2857 ³
387 2839 528 2871 Paleotto
545 2840 629 2880 gives
645 2852 724 2872 none
740 2843 775 2873 of
787 2842 836 2874 the
854 2843 1043 2876 discussions
1059 2855 1098 2875 on
1115 2844 1174 2876 this
1190 2845 1321 2886 subject.
1370 2847 1540 2886 Servantio,
1558 2847 1626 2879 who
1643 2847 1668 2878 is
1685 2857 1768 2878 more
