1905 3254
354 278 437 316 :3922
979 293 1086 323 suss.
1116 294 1189 322 γυ.

354 399 610 453 Episcopos,
634 398 709 452 qui
731 398 773 437 in
800 398 1110 453 Apostolorum
1132 398 1273 439 locum
1296 400 1588 448 successerint,
1619 400 1675 440 ad
1696 400 1809 441 hunc

356 469 689 510 Hierarchicum
707 470 916 511 Ordinem
940 471 1164 525 praecipue
1186 471 1416 526 pertinere,
1440 478 1483 512 et
1503 472 1677 527 positos,
1699 472 1809 513 sicut

354 540 591 594 Apostolus
607 541 678 586 ait,
694 556 718 581 a
734 542 905 597 Spiritu
920 543 1090 589 Sancto,
1106 557 1259 598 regere
1275 542 1514 583 Ecclesiam
1532 543 1631 592 Dei,
1647 557 1808 598 eosque

355 613 518 670 Presby
528 615 630 654 teris
650 615 895 670 superiores
917 630 1024 663 esse,
1043 631 1090 656 ac
1109 615 1437 656 Sacramentum
1461 616 1810 656 Confirmationis

355 686 560 736 conferre,
582 687 801 727 ministros
835 688 1043 728 Ecclesiae
1077 687 1286 735 ordinare,
1313 695 1446 743 atque
1481 688 1566 728 alia
1600 688 1810 743 pleraque

355 774 568 814 peragere
591 759 704 814 ipsos
725 775 863 815 posse,
875 776 1061 815 quarum
1085 760 1356 801 functionum
1372 766 1633 816 potestatem
1654 761 1810 815 reliqui

356 832 568 872 inferioris
590 832 751 873 ordinis
774 833 936 873 nullam
950 833 1126 874 habent.
1159 833 1300 873 Docet
1314 833 1492 888 insuper
1514 830 1573 873 S‘a
1595 833 1806 889 Synodus,

353 908 397 946 in
420 906 686 948 ordinatione
708 907 1043 963 Episcoporum,
1067 907 1362 953 Sacerdotum,
1387 914 1430 947 et
1452 914 1657 948 caeterum
1681 907 1808 948 Ordi-

354 996 472 1028 num,
495 996 571 1021 nec
594 982 751 1036 plebis,
774 997 850 1022 nec
871 982 1063 1037 cujusvis
1080 982 1301 1022 saecularis
1321 982 1561 1037 potestatis,
1585 990 1629 1024 et
1649 984 1807 1039 magis-

354 1063 475 1096 ratus
510 1070 776 1104 consensum,
810 1056 900 1095 sive
938 1056 1218 1103 vocationem,
1262 1055 1352 1096 sive
1386 1055 1710 1105 authoritatem,
1747 1056 1810 1097 ita

355 1128 532 1182 requiri,
558 1135 607 1168 ut
629 1128 720 1168 sine
743 1143 794 1168 ea
814 1128 936 1168 irrita
958 1128 1014 1168 sit
1036 1128 1251 1168 ordinatio
1269 1146 1278 1177 3
1312 1128 1419 1183 quin
1439 1128 1583 1184 potius
1600 1128 1806 1177 decernit,

358 1216 429 1240 eos
448 1201 524 1255 qui
548 1200 854 1241 tantummodo
877 1215 900 1240 a
923 1201 1090 1255 populo
1112 1208 1155 1241 et
1175 1201 1291 1241 civili
1312 1201 1573 1256 magistratu
1606 1202 1748 1242 vocati
1766 1208 1809 1242 et

354 1274 542 1314 instituti
566 1273 621 1314 ad
641 1273 731 1314 haec
753 1274 992 1314 ministeria
1026 1272 1289 1314 excercenda
1322 1273 1570 1319 ascendunt,
1593 1281 1636 1315 et
1657 1274 1732 1330 qui
1757 1289 1809 1315 ea

354 1347 530 1402 propria
552 1347 797 1387 temeritate
820 1346 903 1386 sibi
925 1359 1114 1394 sumunt,
1137 1361 1295 1392 omnes,
1329 1360 1412 1385 non
1434 1346 1641 1386 Ecclesiae
1664 1347 1809 1387 minis-

352 1426 452 1465 tros,
485 1418 560 1459 sed
582 1419 699 1459 fures
720 1426 763 1459 et
783 1419 982 1467 latrones,
1006 1434 1083 1474 per
1107 1419 1265 1460 ostium
1288 1434 1372 1459 non
1394 1420 1624 1474 ingressos,
1642 1419 1807 1460 haben-

353 1491 429 1532 dos
445 1506 550 1532 esse.

408 1564 519 1605 Haec
542 1572 644 1604 sunt
665 1580 767 1619 quae
790 1565 1029 1619 generatim
1051 1565 1193 1604 Sacrae
1212 1564 1383 1619 Synodo
1397 1565 1536 1604 visum
1559 1572 1624 1605 est
1646 1564 1810 1605 Christi

350 1636 498 1677 fideles
516 1636 569 1677 de
595 1636 873 1677 sacramento
897 1636 1074 1676 Ordinis
1095 1635 1258 1676 docere.
1313 1636 1399 1676 His
1417 1644 1564 1677 autem
1580 1639 1807 1687 contraria,

352 1710 476 1750 certis
498 1717 541 1750 et
564 1710 751 1765 propriis
775 1709 1039 1751 Canonibus.
1073 1710 1115 1749 in
1151 1708 1267 1749 hunc
1290 1710 1365 1765 qui
1389 1711 1594 1765 sequitur
1615 1711 1804 1758 modum,

352 1781 558 1822 damnare
582 1782 817 1828 constituit,
853 1788 904 1822 ut
925 1797 1083 1831 omnes,
1117 1781 1356 1838 adjuvante
1386 1782 1574 1829 Christo,
1612 1783 1713 1824 fidei
1743 1798 1806 1824 re-

352 1854 455 1910 gula
480 1861 661 1901 utentes,
688 1855 731 1894 in
754 1861 818 1894 tot
850 1870 1047 1895 errorum
1070 1855 1261 1896 tenebris
1284 1855 1554 1896 Catholicam
1578 1856 1806 1896 veritatem

351 1927 521 1967 facilius
543 1942 774 1982 agnoscere
796 1934 840 1967 et
857 1934 1004 1968 tencre
1027 1928 1204 1982 possint.

411 2000 516 2040 Can.
541 2000 734 2040 VL—Si
753 2000 852 2055 quis
875 1999 1051 2047 dixerit,
1081 2001 1125 2040 in
1148 2001 1346 2041 Ecclesia
1366 2001 1590 2041 Catholica
1610 2016 1693 2041 non
1715 2018 1805 2044 esse

355 2072 656 2113 Hicrarchiam
679 2088 779 2127 quae
801 2079 968 2113 constat
984 2088 1036 2113 ex
1053 2073 1301 2128 Episcopis,
1322 2072 1535 2121 Prcsbris,
1554 2080 1597 2114 et
1616 2075 1711 2115 aliis
1729 2076 1805 2115 mi-

351 2146 521 2195 nistris,
555 2144 804 2186 Anathema
826 2145 893 2185 sit.

410 2218 517 2258 Can.
543 2217 761 2259 VIL—Si
784 2218 881 2273 quis
908 2217 1079 2266 dixerit,
1102 2219 1347 2275 Episcopos
1379 2235 1463 2260 non
1495 2235 1586 2261 esse
1607 2220 1804 2261 Presbs‘is

350 2291 605 2346 superiores,
630 2290 698 2330 vel
719 2305 804 2330 non
827 2289 989 2330 habere
1022 2297 1283 2345 potestatem
1315 2291 1555 2339 ordinandi,
1595 2293 1665 2333 vel
1696 2307 1802 2340 eam,

351 2380 481 2419 quam
513 2363 691 2410 habent,
725 2363 813 2403 illis
847 2378 938 2403 esse
974 2378 1069 2403 cum
1106 2363 1376 2418 Presbyteris
1417 2380 1698 2411 communem,
1735 2365 1806 2405 vel

350 2437 521 2476 ordines
543 2435 599 2475 ab
626 2435 733 2490 ipsis
760 2435 950 2483 collatos,
985 2436 1075 2475 sine
1108 2436 1262 2490 plebis,
1300 2436 1371 2476 vel
1407 2438 1637 2492 potestatis
1673 2452 1803 2478 saecu-

348 2509 451 2548 laris
473 2522 679 2548 consensu
702 2514 778 2547 aut
800 2507 1035 2555 vocatione,
1069 2508 1212 2548 irritos
1244 2523 1349 2555 esse,
1387 2515 1464 2549 aut
1499 2524 1583 2557 eos,
1618 2510 1695 2565 qui
1726 2525 1803 2551 nec

351 2581 405 2620 ab
428 2581 548 2621 Eccea
571 2588 614 2622 et
636 2579 857 2619 Canonica
878 2586 1096 2634 potestate
1118 2580 1200 2621 rite
1234 2580 1421 2622 ordinati
1444 2582 1514 2622 vcl
1537 2582 1654 2622 missi
1684 2589 1799 2630 sunt,

350 2650 425 2690 sed
446 2650 623 2691 aliunde
648 2650 841 2695 veniunt,
877 2650 1098 2705 legitimos
1115 2665 1205 2691 esse
1225 2652 1350 2692 verbi
1372 2659 1416 2693 et
1437 2658 1801 2694 sacramentorum

351 2723 589 2770 ministros3
624 2721 875 2762 Anathema
896 2722 966 2763 sit.

409 2794 516 2835 Can.
540 2793 783 2834 VIIL—Si
805 2795 902 2849 quis
935 2793 1106 2842 dixerit,
1130 2795 1384 2852 Episcopos.
1423 2798 1499 2852 qui
1534 2798 1798 2839 authoritate
