1905 3254
386 285 468 326 362
1008 299 1118 330 SESS.
1144 300 1221 331 vn.

385 409 478 449 rius
508 406 806 463 expendenda,
835 413 878 448 ct
910 421 964 447 ex
1000 407 1342 463 Theologorum,
1372 407 1587 463 Jurisque
1623 407 1842 449 Pontificii

386 480 629 521 Doctorum
666 479 852 527 consilio,
887 479 1052 534 quibus
1080 479 1126 520 id
1158 481 1351 520 muneris
1387 480 1509 521 dedit
1543 479 1840 521 deliberanda.

388 552 657 607 Interimque
687 552 742 593 ad
772 552 966 608 Legatos
997 552 1178 592 rescribi
1204 551 1395 601 mandat,
1418 558 1468 593 ut
1489 552 1722 593 sessionem
1743 566 1841 607 pro-

384 630 555 680 rogent,
578 639 626 665 ac
647 639 714 666 res
736 624 843 665 alias
865 623 1192 680 aggrediantur.

442 696 606 751 Legati
639 695 744 736 dum
776 700 899 752 Jussa
929 702 1155 751 praestant,
1188 696 1520 752 LotharingiUS,
1548 681 1624 752 qui
1646 696 1844 737 Canones

387 783 488 810 suos
520 769 642 809 varie
675 769 832 816 notari,
866 776 1000 824 atque
1023 768 1078 809 ad
1098 769 1280 817 Urbem,
1304 784 1349 810 se
1371 770 1515 815 inscio,
1537 769 1688 809 missos
1709 769 1842 809 fuisse

385 840 607 895 intelligit,
661 854 801 895 usque
841 840 950 881 adeo
989 840 1262 896 indignatur,
1313 847 1363 880 ut
1414 841 1508 896 ejus
1548 840 1843 895 expostulatio

385 913 556 954 Urbem
597 927 738 968 usque
778 913 1040 968 perferatur.
1102 914 1264 968 Legati
1306 927 1422 958 vero,
1466 912 1543 967 qui
1585 927 1842 968 responsum

386 992 623 1033 morantur,
654 999 739 1024 non
771 985 925 1026 vident
955 987 1130 1026 interim
1165 985 1271 1040 quid
1303 984 1528 1025 convenire
1550 990 1628 1024 aut
1648 990 1843 1025 statuere

387 1072 486 1098 cum
508 1057 800 1113 Lotharingio
822 1060 1002 1112 possint.
1067 1057 1154 1098 Sed
1184 1057 1359 1098 tandem
1393 1056 1548 1097 Cardlis
1583 1058 1845 1098 Borromeus

387 1133 613 1174 Pontificio
645 1133 817 1174 nomine
849 1133 1032 1189 Legatis
1053 1132 1281 1188 significat,
1316 1139 1366 1173 ut
1387 1131 1675 1188 Lotharingio
1696 1147 1845 1173 omnes

388 1219 462 1245 eas
497 1204 792 1246 dubitationes
823 1206 1036 1260 aperiant,
1066 1220 1165 1260 quae
1197 1205 1240 1245 in
1274 1205 1451 1245 Canone
1476 1206 1530 1246 ab
1552 1220 1602 1246 eo
1623 1206 1845 1260 proposito

388 1284 634 1318 versantur.
698 1278 913 1319 Mandant
944 1279 1096 1332 itaque
1118 1278 1281 1333 Legati
1312 1278 1617 1319 Neocastrensi
1640 1285 1682 1319 et
1703 1278 1845 1319 Audi·
1904 1286 1905 1298 ¹

388 1349 487 1396 tori,
524 1356 574 1389 ut
610 1350 650 1390 ei
685 1349 878 1390 dilucide
911 1350 1055 1389 omnia
1090 1349 1370 1404 patefaciant,
1405 1356 1448 1390 et
1485 1364 1632 1397 vanaS,
1666 1350 1703 1390 si
1735 1364 1846 1404 quas
1904 1340 1905 1348 ἵ

389 1421 686 1469 contraxisset,
709 1422 971 1477 suspiciones
992 1421 1165 1461 omnino
1188 1421 1391 1463 evellant.
1446 1422 1522 1463 Illi
1543 1437 1642 1462 eum
1664 1422 1843 1470 adeunt,

389 1501 433 1535 et
453 1494 540 1535 duo
553 1495 778 1550 praecipue
800 1494 1009 1535 adversus
1031 1495 1126 1549 ejus
1144 1493 1579 1549 Canonesfgoinciunt
1597 1510 1605 1534 ε
1638 1495 1704 1535 ΡΟ.
1729 1495 1847 1549 quod

388 1581 472 1607 non
502 1567 615 1622 petit
638 1567 888 1616 haereticos3
933 1568 988 1606 2⁰.
1014 1566 1132 1621 quod
1164 1567 1220 1607 ab
1253 1582 1302 1607 eo
1336 1566 1539 1607 authores
1571 1567 1714 1615 inulti,
1749 1575 1844 1609 tum

389 1639 620 1695 Theologi,
649 1646 744 1680 tum
780 1639 1045 1686 Canonistae,
1078 1637 1358 1687 damnantur,
1395 1639 1473 1694 qui
1503 1654 1641 1680 unum
1662 1641 1845 1681 Petrum

389 1719 562 1752 tantum
586 1727 610 1752 a
634 1710 809 1753 Christo
830 1711 1104 1766 Episcopum
1125 1711 1376 1752 institutum
1405 1712 1635 1760 affirmant,
1658 1728 1847 1769 quorum

389 1785 521 1826 etiam
543 1784 728 1825 indicem
751 1785 790 1825 ei
812 1784 1036 1832 exhibent,
1060 1784 1136 1838 qui
1159 1790 1253 1824 erat
1275 1784 1403 1825 talis.¹

446 1857 534 1898 His
574 1856 891 1912 Lotharingius
932 1855 1035 1896 satis
1071 1855 1222 1897 cedere
1264 1856 1450 1898 videtur.
1523 1857 1642 1898 Petit
1677 1857 1846 1906 deinde,

390 1943 594 1984 quae-nam
629 1929 739 1969 ratio
779 1928 1064 1983 componendi
1105 1928 1290 1984 alicujus
1332 1928 1522 1970 Canonis
1560 1930 1698 1985 possit
1735 1930 1847 1970 iniri.

389 2002 676 2058 Respondent
706 2002 852 2042 varias
885 2015 1001 2042 esse:
1045 2001 1116 2041 vel
1156 2008 1208 2042 ut
1241 2009 1529 2057 componatur
1570 2002 1735 2051 Canon,
1772 2003 1849 2058 qui

388 2075 497 2115 nihil
520 2075 573 2116 de
591 2074 770 2122 Ordine,
791 2073 873 2114 nisi
894 2080 1025 2128 prout
1048 2073 1378 2115 Sacramentum
1401 2082 1478 2123 est,
1500 2075 1728 2130 loquatur;
1762 2075 1849 2116 Vel

389 2148 501 2188 alius
522 2148 568 2188 in
588 2147 703 2188 hunc
721 2161 954 2187 sensum—-

448 2220 495 2260 Si
516 2220 615 2275 quis
636 2219 809 2267 dixerit,
831 2218 1097 2273 Epise0pos²
1129 2218 1399 2260 authoritate
1423 2219 1547 2261 Sedis
1579 2220 1846 2276 Apostolicae

389 2297 639 2347 assumptos
658 2306 743 2332 non
763 2305 855 2331 esse
876 2290 1038 2345 positos
1069 2305 1095 2331 a
1127 2290 1300 2345 Spiritu
1324 2291 1481 2332 Sancto
1515 2306 1670 2347 regere
1697 2292 1848 2334 Eccle-

389 2363 495 2403 siam
516 2362 605 2403 Dei
627 2362 703 2403 Sec.
767 2361 852 2402 Ille
874 2361 1122 2417 respondet,
1147 2363 1284 2403 verba
1303 2362 1396 2403 haec
1423 2363 1550 2404 nimis
1572 2364 1661 2404 late
1681 2371 1847 2420 patere,

389 2449 487 2475 cum
523 2434 668 2474 omnia
702 2448 802 2488 quae
830 2433 875 2473 in
907 2433 1107 2474 Ecclesia
1140 2434 1247 2474 fiant
1282 2433 1482 2474 dicantur
1514 2448 1606 2474 esse
1629 2449 1654 2474 a
1677 2434 1848 2490 Spiritu

390 2507 560 2547 Sancto.
623 2505 689 2545 Hi
720 2505 951 2561 replicant,
991 2504 1085 2546 haec
1121 2520 1213 2546 esse
1248 2505 1391 2546 Sacrae
1430 2505 1669 2561 Scripturae
1701 2506 1847 2555 verba,

388 2592 489 2632 quae
522 2577 651 2617 aliam
679 2590 764 2617 non
802 2583 985 2632 possunt
1024 2576 1427 2631 interpretationem
1466 2577 1660 2632 recipere
1702 2576 1757 2617 ab
1798 2592 1850 2618 ea

389 2662 521 2703 quam
563 2648 712 2689 Sancti
751 2647 964 2689 Doctores
1004 2647 1196 2689 tradunt.
1259 2647 1433 2689 Deinde
1467 2648 1561 2689 haec
1594 2649 1730 2690 verba
1769 2649 1849 2690 hoc

388 2734 515 2761 sensu
557 2727 772 2776 usurpata
808 2720 942 2761 fuisse
976 2721 1032 2761 ab
1068 2720 1221 2761 eadem
1261 2721 1435 2775 Synodo
1467 2722 1550 2762 sub
1582 2721 1723 2763 Paulo
1756 2721 1845 2763 III.

437 2823 444 2841 ¹
469 2824 516 2853 No
532 2825 682 2854 reference
700 2825 725 2854 is
742 2824 814 2854 here
830 2825 932 2863 given.

431 2875 444 2892 ²
466 2876 543 2906 Here
558 2877 678 2908 follows
692 2878 742 2907 the
758 2878 841 2908 word
858 2888 931 2915 esse,
949 2877 1062 2915 which,
1080 2879 1095 2908 I
1112 2878 1240 2915 submit,
1258 2878 1282 2907 is
1300 2879 1502 2918 superfluous.
