1905 3254
320 312 403 351 4508
934 302 1042 355 sess
1069 326 1161 355 rm.

322 435 436 474 Eccae
473 434 687 474 vixerunt.
764 434 895 474 Nunc
932 433 1119 474 Carolus
1158 433 1258 474 Rex
1288 440 1433 473 noster
1465 437 1606 488 major
1643 433 1780 474 factus

322 506 409 546 Dei
431 506 639 546 beneficio
661 506 760 546 vult
781 506 900 561 leges
931 505 1041 553 illas,
1065 506 1101 544 si
1138 520 1236 560 quae
1268 505 1509 560 antiquatae
1539 512 1643 546 sunt
1674 513 1780 546 tem-

322 593 479 633 porum
502 579 675 634 injuria,
690 580 934 626 restituere,
951 585 994 619 et
1015 579 1201 633 posteris
1223 578 1408 619 tradere.
1470 579 1523 619 In
1544 579 1611 620 his
1633 586 1779 620 autem

321 664 408 689 non
441 649 702 704 prohibetur
735 651 984 706 Episcopus
1018 652 1063 691 in
1094 651 1201 691 Ecca
1245 666 1323 692 sua
1362 666 1534 707 semper
1569 667 1672 699 esse,
1707 652 1784 693 sed

322 723 470 777 potius
494 724 548 764 ab
572 738 622 764 ea
643 739 728 764 non
753 724 1000 765 discedere:
1033 730 1076 765 et
1098 739 1142 764 se
1164 739 1247 764 non
1278 731 1327 765 ut
1354 724 1606 773 Dominum,
1629 725 1707 766 sed
1734 731 1784 766 ut

323 794 565 835 Usuariuin
588 796 799 836 bonorum
831 811 996 852 gerere,
1030 803 1074 837 et
1103 804 1266 851 praeter
1293 812 1418 837 usum
1448 812 1591 845 suum,
1626 803 1785 837 caetera

324 869 611 923 pauperibus,
640 884 725 909 non
762 869 951 923 [solum]¹
984 869 1085 909 dare
1122 869 1198 909 sed
1224 869 1431 910 reddere:
1465 870 1583 925 quod
1619 872 1655 911 si
1687 871 1784 926 quis

326 941 431 981 velit
468 941 665 996 effugere
699 942 972 997 pluralitate²
1011 942 1332 989 beneficiorum,
1373 948 1449 982 aut
1485 943 1782 997 pensionibus,

327 1020 404 1053 aut
446 1013 717 1054 distinctione
758 1029 1041 1068 personarum
1083 1014 1299 1054 nobilium
1351 1020 1428 1054 aut
1478 1015 1784 1057 beneficiorum

326 1086 587 1141 simplicium
604 1103 614 1135 3
648 1093 724 1126 aut
753 1087 880 1127 nobis
910 1094 1093 1127 annatas
1122 1087 1307 1135 auferre,
1343 1089 1666 1142 praeventiones
1686 1103 1784 1144 pro-

326 1174 500 1214 ponere,
525 1166 567 1200 et
589 1167 653 1200 tot
686 1160 831 1200 litium
862 1160 1118 1209 seminaria,
1152 1167 1268 1200 certe
1296 1160 1342 1200 id
1379 1161 1526 1201 Gallia
1559 1176 1786 1217 nunquam

328 1233 442 1279 tulit,
478 1240 521 1273 et
558 1241 775 1288 quantum
809 1235 974 1290 poterit
1010 1248 1094 1273 non
1126 1234 1248 1274 feret.
1312 1235 1605 1290 Quapropter,
1640 1234 1787 1290 quoad

326 1306 437 1346 illud
454 1306 604 1361 Caput
627 1307 694 1354 35,
719 1308 754 1347 si
771 1307 867 1362 quis
890 1307 996 1347 velit
1018 1307 1142 1347 nobis
1161 1306 1374 1361 impedire
1397 1309 1724 1362 possessorium,
1742 1315 1788 1349 et

329 1378 650 1433 appellationes
674 1379 728 1418 ab
752 1379 906 1427 abusu,
942 1385 985 1419 et
1017 1379 1401 1433 Jurepatronatus,
1435 1386 1479 1419 et
1516 1379 1787 1421 administra-

328 1450 487 1491 tionem
510 1450 701 1490 omnium
723 1451 932 1491 bonorum
958 1451 1090 1490 etiam
1108 1450 1395 1497 Ecclicof‘um,
1409 1450 1611 1507 Regibus
1631 1453 1788 1493 nostris

330 1524 629 1578 antiquissimo
648 1525 750 1579 jure
769 1539 1027 1574 concessam,
1040 1523 1086 1563 id
1098 1538 1182 1563 non
1200 1531 1265 1564 est
1282 1525 1617 1565 necessitatibus
1632 1527 1788 1566 nostris

329 1595 556 1651 providere
570 1612 581 1645 3
617 1603 694 1636 aut
716 1596 751 1636 si
772 1597 868 1650 quis
900 1595 1177 1636 anathemate
1204 1596 1447 1651 [decernit],
1480 1597 1636 1639 idcirco
1658 1613 1787 1654 agen-

329 1668 433 1710 dum
456 1676 604 1709 contra
624 1669 848 1723 Principes
877 1668 1138 1717 Catholicos,
1169 1669 1321 1709 anulos
1354 1676 1398 1710 et
1431 1670 1636 1710 nutricios
1670 1671 1782 1711 Eccae

329 1749 453 1797 patet
494 1741 750 1782 ferendum:
797 1742 991 1797 profecto
1025 1757 1110 1782 non
1141 1742 1346 1784 videturf*
1427 1743 1602 1798 Itaque,
1637 1744 1673 1784 si
1712 1759 1789 1785 vos

332 1815 541 1856 adversus
562 1815 812 1855 libertatem
846 1822 889 1855 et
917 1816 992 1870 jus
1027 1814 1266 1855 Gallicanae
1298 1814 1414 1856 Eccae
1444 1815 1614 1871 aliquid
1644 1816 1787 1857 decre-

332 1888 497 1932 veritis,
521 1903 597 1928 nos
618 1886 831 1928 habemus
854 1888 897 1927 in
925 1887 1158 1935 mandatis,
1182 1895 1233 1928 ut
1267 1888 1449 1929 decretis
1479 1889 1634 1930 vestris
1652 1890 1788 1930 inter-

331 1961 546 2008 cedamus,
580 1960 711 2000 simul
745 1975 842 2000 cum
871 1960 1070 2000 Praelatis
1105 1960 1274 2008 nostris,
1307 1975 1497 2015 quorum
1530 1976 1627 2002 cum
1649 1962 1788 2018 aliqui

331 2033 431 2074 hinc
455 2033 742 2080 discesserint,
758 2033 952 2088 exceptis
969 2032 1036 2072 his
1059 2032 1135 2087 qui
1149 2047 1244 2073 cum
1263 2031 1488 2073 cardinali
1499 2032 1788 2090 Lotharingio

331 2114 444 2147 sunt.
483 2108 632 2147 scitote
666 2121 742 2147 vos
777 2107 868 2147 sine
901 2106 1107 2147 mandato
1140 2113 1184 2147 et
1212 2121 1419 2147 consensu
1448 2106 1584 2162 Regis
1617 2108 1786 2156 abiisse,

332 2179 457 2219 brevi
491 2185 636 2219 tamen
667 2177 751 2218 huc
791 2193 1059 2218 reversurus.
1124 2178 1284 2233 Itaque
1324 2178 1597 2225 miseremini,
1620 2179 1785 2227 Patres,

332 2251 485 2291 domus
506 2251 706 2297 labentis,
723 2257 768 2290 et
791 2251 826 2290 si
840 2251 971 2291 vultis
985 2251 1120 2290 bonos
1140 2265 1280 2290 mores
1296 2250 1542 2298 restituere,
1557 2251 1788 2292 imitamini

334 2321 605 2363 Hezechiam
642 2320 838 2377 Regem:
881 2321 1199 2362 ascendendum
1232 2328 1297 2362 est
1336 2322 1468 2362 altius
1507 2321 1561 2362 ad
1601 2338 1673 2363 eos
1713 2323 1789 2379 qui

333 2395 491 2435 similia
532 2401 732 2449 tempora
768 2395 985 2442 viderunt,
1022 2409 1162 2450 usque
1200 2394 1254 2435 ad
1288 2395 1361 2434 St⁰⁵
1403 2395 1704 2451 Augustinum
1745 2402 1788 2437 et

376 2520 385 2537 ¹
412 2521 524 2558 Better,
551 2519 608 2549 but
634 2531 718 2550 more
743 2520 1014 2550 alteration—non
1039 2525 1102 2549 tam
1129 2519 1203 2549 dare
1225 2530 1317 2558 quam
1341 2519 1477 2550 reddere.
1526 2521 1562 2550 In
1588 2521 1640 2552 the
1663 2533 1744 2590 copy
1758 2522 1793 2553 of

333 2574 455 2613 Dupuy
471 2573 534 2602 and
551 2573 649 2603 others
664 2574 688 2602 it
702 2573 845 2604 is-dare
861 2573 910 2603 vel
926 2573 1028 2614 potius
1043 2572 1182 2603 reddere.

377 2630 390 2648 ²
413 2631 645 2668 Pluralitatem‚
660 2632 696 2661 NI
701 2633 732 2661 S

376 2689 390 2706 ³
413 2688 480 2718 The
495 2688 557 2718 last
570 2688 707 2718 member
723 2689 758 2718 of
769 2688 831 2718 this
845 2693 986 2719 sentence
1002 2689 1027 2718 is
1043 2699 1076 2719 so
1090 2688 1228 2726 obscure,
1244 2688 1307 2717 and
1322 2688 1376 2718 has
1391 2688 1521 2727 nothing
1534 2690 1705 2729 answering
1718 2693 1749 2721 to
1763 2690 1788 2719 it

334 2743 368 2772 in
382 2742 433 2772 the
445 2743 570 2782 genuine
593 2741 714 2782 speech,
731 2742 798 2772 that
816 2741 830 2771 l
848 2741 936 2772 leave
951 2742 976 2772 it
991 2746 1022 2772 to
1037 2742 1074 2771 be
1090 2741 1183 2771 made
1209 2741 1260 2771 the
1287 2741 1352 2771 best
1374 2742 1409 2771 os
1431 2741 1474 2780 by
1496 2742 1547 2772 the
1571 2742 1685 2773 reader.
1729 2743 1788 2772 Pa-

333 2795 430 2826 leotto
444 2799 529 2824 must
543 2794 621 2824 have
637 2794 773 2824 satisfied
786 2794 919 2825 himself
931 2795 1005 2826 with
1020 2795 1069 2825 his
1085 2806 1153 2825 own
1168 2794 1343 2834 imperfect,
1362 2794 1492 2835 perhaps
1507 2795 1646 2834 careless,
1661 2800 1746 2826 notes
1758 2794 1793 2825 of

335 2858 373 2878 an
389 2847 582 2878 unwelcome
597 2847 731 2878 address.
