1905 3254
372 263 426 304 26
1021 283 1132 312 sess.
1160 281 1186 310 1.

375 389 547 444 gregati
565 406 575 439 3
610 389 709 429 veni
732 388 786 428 ad
806 403 895 437 nos,
919 397 961 431 et
984 397 1074 431 esto
1094 390 1332 437 nobiscum,
1356 395 1399 429 et
1421 388 1603 444 dignare
1635 388 1759 429 illabi
1781 388 1825 428 in

373 461 579 502 cordibus
600 462 779 511 nostris,
809 462 911 503 doce
932 478 1022 511 nos,
1038 463 1146 518 quid
1168 478 1363 518 agamuS,
1383 477 1470 517 quo
1494 461 1763 517 gradiamur,
1781 467 1826 502 et

373 535 550 576 ostende
573 534 679 590 quid
696 536 860 577 efficere
883 536 1144 577 debeamus:
1172 543 1222 577 ut
1244 543 1286 576 te
1310 535 1548 576 auxiliante
1570 534 1653 575 tibi
1674 535 1717 574 in
1739 549 1825 574 om-

372 609 506 648 nibus
527 609 696 664 placere
715 610 953 650 valeamus.
986 610 1098 650 Esto
1119 610 1252 657 salus,
1268 616 1311 650 et
1329 615 1575 664 suggestor,
1591 614 1635 648 et
1653 607 1827 648 effector

368 681 635 736 judiciorum
670 688 926 730 nostrorum,
951 697 1048 722 cum
1082 682 1198 722 solus
1235 697 1331 722 cum
1365 680 1464 721 Deo
1500 681 1631 721 Patre
1664 687 1708 720 et
1738 680 1826 720 filio

371 768 526 794 nomen
548 753 740 809 possides
763 754 1022 809 gloriosum,
1059 769 1143 794 non
1175 769 1252 794 nos
1287 753 1468 809 patiaris
1497 753 1827 809 perturbatores

374 842 465 867 esse
484 827 685 882 justitiae,
710 827 786 882 qui
817 842 1028 868 summam
1059 827 1206 883 diligis
1237 828 1492 882 equitatem,
1515 842 1598 866 non
1632 827 1676 867 in
1708 827 1826 867 sinis-

373 907 489 941 trum
512 915 588 940 nos
609 901 854 956 ignorantia
876 901 1035 949 trahat,
1056 916 1141 942 non
1162 901 1285 941 favor
1306 901 1511 948 inflectat,
1529 916 1614 941 non
1637 900 1827 956 acceptio

371 972 561 1012 muneris
583 973 652 1012 vel
683 987 877 1027 personae
910 979 1174 1027 corrumpat,
1199 972 1274 1013 scd
1300 977 1440 1028 junge
1470 987 1547 1012 nos
1577 972 1658 1013 tibi
1690 972 1828 1012 effica-

372 1043 479 1084 citer
512 1043 642 1084 solius
677 1050 767 1084 tuae
804 1045 960 1100 gratiae
996 1044 1121 1092 dono,
1145 1051 1196 1084 ut
1229 1044 1364 1084 simus
1394 1044 1438 1084 in
1470 1050 1513 1084 te
1545 1058 1693 1092 unum,
1719 1050 1762 1084 et
1782 1043 1826 1083 in

371 1116 494 1156 nullo
516 1115 744 1157 deviemus
766 1132 791 1157 a
813 1132 924 1165 vero,
949 1123 1166 1172 quatenus
1188 1117 1230 1156 in
1251 1117 1420 1157 nomine
1444 1123 1521 1157 tuo
1544 1116 1735 1157 collecti:
1769 1117 1828 1156 sic

373 1188 415 1227 in
457 1188 621 1229 cunctis
662 1195 886 1230 teneamus
923 1205 1018 1230 cum
1060 1189 1351 1229 moderamine
1382 1189 1562 1244 pietatis
1589 1188 1826 1244 justitiam,

373 1269 423 1302 ut
465 1268 509 1302 et
544 1261 613 1302 1110
646 1277 670 1302 3
705 1270 747 1303 te
787 1263 831 1303 in
865 1263 986 1303 nullo
1017 1262 1243 1303 dissentiat
1274 1263 1489 1303 sententia
1518 1269 1675 1312 nostra,
1711 1268 1754 1304 et
1785 1263 1828 1302 in

373 1335 523 1376 futuro
562 1351 642 1392 pro
686 1336 797 1376 bene
841 1336 977 1392 gestis
1022 1351 1338 1391 consequamur
1377 1337 1561 1391 praemia
1601 1337 1827 1392 sempiter-

372 1423 429 1449 na
445 1425 456 1458 3
531 1423 610 1464 per
663 1408 887 1449 Christum
929 1409 1168 1450 Dominum
1219 1416 1431 1450 nostrum.
1494 1409 1830 1465 Responderunt

374 1482 531 1523 Amen.

433 1552 542 1594 Inde
575 1554 610 1593 si
642 1553 829 1609 alicujus
851 1554 960 1594 forte
988 1554 1051 1594 rei
1071 1553 1250 1594 Praelati
1276 1552 1574 1608 praemonendi
1595 1559 1732 1601 erant,
1757 1566 1828 1592 an-

374 1633 554 1681 tequam
577 1627 812 1666 sententias
844 1626 1047 1674 dicerent,
1072 1627 1255 1681 ipsemet
1277 1626 1561 1674 Mantuanus,
1586 1632 1661 1666 aut
1685 1626 1830 1666 Secre-

374 1701 513 1740 tarius
535 1704 628 1755 ejus
649 1700 820 1740 nomine
843 1714 895 1739 ex
918 1699 1079 1753 scripto
1111 1699 1412 1754 significabat,
1445 1699 1517 1739 illo
1543 1699 1723 1740 absente
1746 1699 1828 1740 Le-

374 1779 508 1829 gatus
530 1773 569 1812 ei
591 1771 731 1827 gradu
761 1772 1000 1827 proximior
1021 1771 1099 1812 hoc
1121 1786 1299 1812 munere
1320 1771 1601 1827 fungebatur.
1667 1772 1830 1813 Caeteri

374 1847 550 1902 Legati,
566 1846 645 1886 ubi
666 1861 776 1901 opus
798 1852 906 1895 erat,
930 1846 1062 1887 etiam
1084 1845 1196 1886 inter
1217 1846 1336 1901 ipsas
1352 1846 1641 1887 Praelatorum
1664 1853 1830 1887 senten-

375 1920 457 1961 tias
488 1934 568 1974 pro
600 1919 797 1959 concione
817 1919 1136 1974 loquebantur3
1168 1918 1267 1959 hinc
1289 1925 1466 1973 patrum
1488 1919 1701 1975 suffragia
1734 1920 1831 1975 pari

374 1994 520 2034 ordine
542 1993 853 2049 sequebantur.

432 2067 578 2107 Primo
602 2065 860 2107 Cardinales
879 2081 964 2107 non
983 2066 1134 2122 legati,
1158 2072 1256 2121 post
1277 2065 1556 2115 Patriarchae,
1580 2066 1831 2122 Archiepis-

375 2141 483 2196 copi,
516 2140 740 2195 Episcopi,
774 2140 988 2188 Abbates,
1012 2146 1057 2180 et
1094 2139 1334 2179 Generales
1365 2139 1580 2189 ordinum,
1615 2140 1832 2196 adjunctis

375 2220 420 2254 et
441 2213 758 2254 Ecclesiasticis
781 2213 1055 2260 Oratoribus,
1074 2212 1150 2268 qui
1172 2218 1318 2252 tamen
1339 2212 1452 2253 inter
1472 2214 1664 2269 reliquos
1682 2213 1830 2254 Prola-

376 2294 441 2328 tos
473 2301 526 2327 ex
558 2286 783 2327 ordinariae
805 2301 898 2327 suae
924 2285 1151 2341 dignitatis
1170 2285 1276 2333 loco,
1299 2285 1626 2340 respondebant
1641 2303 1652 2336 3
1682 2286 1830 2342 singu-

374 2361 515 2401 lorum
537 2361 778 2409 sentcntiae,
796 2376 909 2401 nune
930 2360 1065 2400 breve
1087 2366 1274 2414 tempus,
1298 2374 1412 2400 nunc
1432 2360 1612 2416 longum
1635 2366 1678 2401 et
1695 2374 1830 2415 quan-

375 2435 518 2490 doque
554 2434 661 2475 duos
702 2434 795 2475 dies
829 2433 1113 2489 occupabant,
1146 2448 1199 2474 ex
1232 2448 1377 2474 rerum
1421 2435 1654 2489 gravitate,
1688 2449 1736 2474 ac
1767 2433 1830 2473 di-

376 2508 566 2548 centium
608 2507 875 2563 prolixitate,
916 2505 1077 2547 nemini
1117 2512 1233 2545 certo
1275 2504 1330 2545 ad
1368 2504 1637 2560 loquendum
1688 2505 1831 2560 spatio

374 2582 604 2637 praefinito,
627 2596 704 2621 seu
726 2580 986 2628 memoriter,
1010 2593 1086 2619 seu
1120 2593 1174 2619 ex
1206 2579 1367 2633 scripto
1399 2579 1606 2620 mallent:
1638 2594 1712 2619 eas
1743 2594 1832 2634 qua

375 2661 549 2709 poterat
571 2653 793 2694 celeritate
815 2652 1072 2693 secretarius
1091 2652 1204 2691 notis
1226 2652 1491 2707 excipiebat,
1516 2659 1648 2708 atque
1671 2653 1714 2693 in
1736 2658 1832 2693 acta

374 2726 626 2782 redigebat3
651 2725 781 2775 idem,
797 2732 839 2767 et
857 2725 953 2766 aliis
970 2729 1283 2780 cujuscumque
1308 2725 1527 2765 arbitratu
1549 2725 1730 2766 licebat:
1756 2724 1831 2766 sed

378 2799 567 2840 Auditor
607 2799 735 2840 Rotae
776 2798 1018 2853 praesertim
1065 2797 1238 2853 singula
1278 2797 1442 2838 calamo
1483 2812 1536 2838 ex
1578 2797 1830 2852 plumbario
