1905 3254
376 276 455 319 176
1023 293 1134 323 SEss.
1162 293 1204 321 v.

377 399 465 440 fere
488 399 663 454 turpius
685 405 760 438 aut
781 397 1007 453 indignius
1033 398 1221 438 accidere
1239 412 1379 453 posse,
1403 413 1534 453 quam
1552 399 1587 437 si
1609 398 1840 438 constituta

375 471 446 513 die
468 472 599 512 sessio
621 486 705 511 non
737 470 969 517 habeatur,
1003 486 1100 511 Cum
1130 471 1259 511 toties
1282 471 1483 526 repetitae
1505 471 1840 526 prorogationes

375 559 616 585 sermonem
658 544 794 584 nostri
831 543 1036 584 universo
1069 544 1178 591 orbi,
1217 550 1259 585 et
1307 545 1475 585 utinam
1512 559 1597 584 non
1631 559 1839 584 nauseam

376 618 487 659 forte
510 617 832 658 commoverint.

434 693 538 733 Post
563 691 656 732 haec
679 691 752 731 alii
774 692 939 738 Patres,
975 691 1128 746 paucis
1151 690 1382 740 adnotatis,
1419 692 1659 733 doctrinam
1681 692 1838 747 proba-

377 771 493 812 runt,
531 779 577 805 ac
608 763 831 804 Canonem
867 764 1058 811 tertium,
1096 778 1184 819 qua
1211 763 1341 805 hodie
1373 771 1496 805 extat
1517 765 1668 813 forma,
1694 780 1840 805 omnes

376 838 464 879 fere
487 837 767 879 admiserunt.
818 837 940 877 Inter
960 852 1031 878 eos
1049 837 1078 878 J
1083 838 1449 892 ustinopolitanus
1471 838 1678 893 cupiebat
1699 838 1840 878 decla-

376 912 477 957 rari,
501 911 637 951 verba
665 910 743 950 illa
763 909 1015 965 Evangelii,
1052 910 1200 950 Bibite
1223 925 1276 949 ex
1299 925 1348 950 co
1371 926 1531 959 omnes,
1564 915 1697 966 juxta
1728 925 1838 951 com-

375 998 550 1024 munem
582 983 804 1024 doctorum
826 990 870 1023 et
893 983 1038 1022 Sancti
1060 981 1243 1022 Thoinae
1280 983 1550 1030 sententiam,
1575 989 1637 1030 ut,
1668 983 1758 1024 scil.
1784 982 1839 1023 ad

375 1056 618 1097 sacerdotes
651 1061 823 1096 tantum
856 1055 1126 1095 referantur:
1163 1055 1370 1109 quoniam
1399 1054 1497 1095 hinc
1519 1054 1733 1096 Bohemos
1755 1056 1837 1096 col-

374 1131 512 1187 ligere
548 1130 699 1177 solere,
736 1129 863 1177 dixit,
897 1129 1126 1183 utriusque
1150 1128 1308 1183 speciei
1332 1143 1458 1168 usum
1483 1144 1609 1184 {eque
1641 1129 1838 1169 omnibus

375 1213 643 1259 praeceptum
666 1219 770 1245 esse.
835 1203 1109 1250 OssuncnsiS,
1135 1204 1212 1258 qui
1235 1218 1332 1243 cum
1355 1203 1448 1244 aliis
1467 1203 1673 1244 doctrinae
1696 1220 1837 1245 emen-

375 1276 531 1317 dandae
549 1278 694 1318 fuerat
716 1277 956 1326 adhibitus,
984 1276 1122 1331 petita
1146 1291 1170 1315 a
1193 1276 1352 1331 legatis
1374 1276 1417 1317 in
1440 1292 1640 1317 consessu
1663 1292 1836 1333 respon-

376 1350 509 1391 dendi
542 1351 782 1398 facultate,¹
810 1349 1034 1405 sigillatim
1055 1364 1155 1404 quae
1179 1364 1203 1389 a
1231 1349 1414 1390 diversis
1442 1351 1613 1407 objecta
1647 1351 1835 1398 fuerant,

375 1423 610 1479 diligenter
631 1430 675 1464 et
696 1422 867 1464 erudite
890 1422 1059 1463 diluere
1083 1430 1148 1463 est
1169 1429 1361 1463 conatus.

433 1495 662 1536 Absolutis
683 1495 877 1536 omnium
911 1495 1149 1542 sententiis,
1189 1510 1285 1536 cum
1308 1502 1434 1536 antea
1454 1496 1567 1536 inter
1589 1493 1837 1551 Theologos

374 1569 560 1609 minores
598 1584 683 1609 non
723 1569 834 1609 levis
875 1568 1029 1608 fuisset
1066 1569 1370 1617 controversia,
1412 1569 1456 1608 in
1494 1583 1623 1623 quem
1665 1583 1835 1609 sensum

376 1642 510 1682 verba
526 1641 602 1681 illa
623 1641 694 1682 Jo.
727 1640 753 1680 6
776 1647 918 1681 essent
939 1640 1201 1695 accipienda,
1237 1640 1594 1696 multiplicesque
1615 1640 1713 1682 hinc
1737 1641 1837 1683 inde
1894 1643 1897 1672 ἶ

376 1715 633 1755 Sanctorum
665 1714 847 1754 Patrum
885 1713 1171 1754 authoritates
1213 1713 1396 1754 fuissent
1441 1714 1593 1763 illatae,
1635 1721 1836 1770 cumqueie
1893 1707 1896 1720 ¹

372 1787 485 1828 inter
504 1788 657 1828 Patres
678 1786 857 1841 aliquot,
891 1792 935 1826 et
959 1787 1258 1827 Granatensis³
1293 1787 1402 1827 forte
1436 1787 1706 1829 authoritate
1738 1803 1834 1844 per·
1891 1775 1896 1824 l

371 1862 493 1909 moti,
512 1876 597 1901 non
619 1860 724 1901 satis
744 1860 788 1899 in
819 1875 869 1900 eo
901 1860 1238 1915 acquiescerent,
1260 1860 1429 1915 placuit
1450 1860 1622 1916 legatis,
1644 1868 1694 1902 ut
1716 1877 1833 1918 quae-

373 1935 473 1976 dam
497 1935 633 1976 verba
655 1934 711 1975 ad
731 1933 946 1975 tollendas
976 1933 1056 1974 has
1078 1934 1392 1990 ambiguitates
1419 1934 1696 1983 adderentur,
1732 1951 1833 1992 quae

371 2010 551 2050 fuerunt
585 2007 864 2064 hujusmodi:
897 2006 1150 2062 Utcumque
1186 2011 1316 2063 juxta
1349 2008 1493 2049 varias
1536 2009 1613 2050 SS.
1649 2010 1832 2050 Patrum

373 2089 419 2124 et
449 2082 688 2123 Doctorum
719 2081 1098 2137 interpretationes
1129 2081 1416 2136 intelligatur.
1484 2082 1696 2132 Quamvis
1718 2084 1831 2126 enim

374 2170 475 2196 eum
492 2154 632 2195 locum
654 2153 708 2195 de
724 2168 829 2195 vera
844 2154 1113 2194 Sacramenti
1130 2154 1376 2210 sumptione
1390 2154 1724 2211 intelligendum
1741 2171 1832 2198 esse

373 2229 523 2284 plures
553 2228 706 2269 Patres
741 2227 928 2282 probare
961 2225 1226 2275 viderentur,
1259 2242 1345 2267 non
1376 2233 1521 2268 tamen
1554 2228 1650 2269 ideo
1670 2235 1736 2270 tot
1757 2244 1831 2270 au·
1885 2225 1889 2252 ἶ

373 2301 562 2350 thorum,
595 2301 671 2356 qui
703 2299 966 2340 contrarium
1002 2299 1213 2354 scriptum
1248 2300 1537 2355 reliquerunt,
1570 2302 1831 2343 sententiam
1882 2302 1888 2326 ³

371 2374 660 2416 damnandam
675 2373 992 2415 existimarunt.
1029 2372 1214 2429 Rogatis
1231 2374 1383 2430 igitur,
1408 2390 1461 2415 an
1476 2374 1579 2416 huic
1595 2376 1828 2417 verborum
1881 2417 1886 2428 ,

372 2446 604 2503 adJectioni
641 2446 969 2493 assentirentur,
1010 2446 1061 2486 12
1100 2446 1509 2496 contradicentibus,
1554 2449 1712 2504 reliqui
1752 2449 1829 2505 qui

370 2521 548 2562 fuerunt
569 2519 624 2561 87
645 2534 739 2560 eam
762 2518 1044 2559 admiserunt.
1108 2519 1196 2569 Qui
1229 2527 1547 2575 repugnarunt,
1582 2522 1631 2562 ea
1660 2521 1827 2562 ratione
1878 2552 1882 2558 ,

371 2598 472 2633 sunt
507 2591 696 2639 adducti,
734 2590 852 2646 quod
886 2591 1027 2647 magis
1057 2606 1111 2633 ex
1147 2592 1361 2649 dignitate
1395 2593 1556 2649 Synodi
1587 2602 1826 2643 censerunt,
1878 2603 1883 2626 ἓ

371 2680 462 2707 rem
493 2665 669 2706 minime
697 2664 916 2721 attingere
939 2680 1072 2720 quam
1105 2667 1443 2708 controversiam
1465 2667 1509 2707 in
1531 2681 1742 2722 suspenso
1762 2668 1827 2709 his
1876 2679 1881 2712 ς’

544 2753 553 2771 ¹
578 2754 630 2791 Et,
649 2754 733 2793 MS„
749 2753 897 2793 uselessly
912 2754 1053 2785 inserted.
1325 2757 1337 2775 ²
1356 2757 1449 2787 Nunc
1466 2756 1497 2786 in
1514 2757 1565 2787 the
1582 2757 1656 2787 MS.

477 2808 489 2824 3
505 2807 570 2837 The
585 2812 612 2836 e!
628 2807 728 2838 which
745 2808 849 2838 stands
862 2807 931 2838 here
946 2808 977 2838 in
993 2807 1044 2838 the
1058 2808 1127 2839 MS.
1144 2809 1158 2838 1
1175 2809 1252 2840 have
1268 2809 1378 2849 placed
1396 2810 1497 2841 before
1517 2812 1726 2841 Granatensis.
