1905 3254
656 312 770 342 sess
795 312 870 340 vu.
1415 295 1496 337 387

90 415 182 458 Ubi
219 416 368 473 agitur
405 416 459 458 de
499 416 696 458 Romano
734 417 943 458 Pontifiee
978 416 1145 458 Christi
1180 416 1366 463 Vicario,
1407 430 1491 456 non

33 488 316 544 patiebantur
332 489 525 546 Hispani
542 489 637 537 dici,
657 505 757 531 eum
779 490 1047 544 simpliciter,
1068 489 1232 530 Christi
1247 488 1488 534 Vicarium,

34 575 129 602 cum
160 568 204 603 et
232 562 457 618 Episcopi,
486 562 633 618 quoad
664 562 857 603 ordinem
886 562 1097 609 dicantur,
1120 566 1216 616 ejus
1238 560 1415 609 Vicarii,
1454 575 1487 600 c.

33 633 199 676 mulier.
223 635 290 676 33.
314 643 359 691 qe
383 637 419 676 1.
442 651 474 676 c.
498 636 542 676 in
576 635 874 677 sacerdotibus
906 635 1003 676 dist.
1025 635 1093 675 61.
1117 650 1150 675 c.
1174 634 1288 674 inter
1323 633 1416 673 hece
1449 634 1488 673 ’2.

32 705 84 748 de
104 709 241 762 penit.
264 708 363 749 dist.
390 709 452 749 13.
477 716 521 750 et
543 709 586 749 in
609 708 688 750 hoe
712 708 906 750 Concilio
943 708 1025 748 sub
1057 708 1181 749 Julio
1204 707 1295 748 III.
1327 722 1421 762 cap.
1447 708 1486 746 5.

32 779 84 821 de
105 781 239 836 penit.
291 781 445 822 Nostri
468 781 708 822 voluissent
730 780 826 828 dici,
851 788 928 822 aut
954 780 1221 836 simpliciter,
1244 779 1486 823 vicarium,

32 860 107 895 aut
128 868 293 903 verum,
317 870 394 895 seu
415 853 730 902 immediatum,
750 854 820 895 vel
838 854 1169 895 oecumenicum.
1221 852 1295 893 Illi
1316 851 1486 892 nullum

31 939 84 966 ex
119 925 171 966 iis
204 925 509 975 admittebant,
534 941 630 968 cum
664 925 763 968 hinc
795 926 1006 982 Episcopi
1031 924 1268 965 videantur
1302 922 1487 969 excludi,

29 997 104 1039 sed
125 1000 384 1054 probassent
404 1000 501 1048 dici,
537 1000 646 1041 Smum
666 1015 742 1041 seu
766 1000 1046 1054 Supremum,
1080 996 1199 1052 quod
1222 997 1415 1052 pertinet
1435 995 1490 1036 ad

29 1078 289 1128 potestatem
332 1075 501 1117 Summi
551 1074 787 1116 pontificis.
870 1072 1032 1117 Nostri,
1080 1077 1326 1111 constanter
1372 1069 1488 1124 poni,

29 1144 211 1186 Petrum
255 1146 462 1188 habuisse
504 1147 817 1203 plenitudinem
860 1144 1103 1200 potestatis,
1146 1151 1188 1185 ct
1230 1144 1397 1198 Papam
1445 1144 1487 1183 in

30 1218 179 1260 eadem
215 1220 487 1275 plenitudine
527 1220 792 1262 successisse.
866 1217 1003 1257 Multi
1040 1224 1185 1258 tamen
1225 1217 1485 1264 renuebant,

31 1293 233 1347 quoniam
256 1293 578 1348 plenitudinem
603 1293 833 1348 potestatis
855 1291 896 1330 in
920 1290 1119 1330 Ecclesia
1141 1305 1233 1331 esse
1256 1290 1486 1331 contende-

29 1366 161 1416 bant;
195 1374 326 1423 atque
350 1367 645 1408 admittebant
666 1366 842 1422 quidem
868 1365 1035 1419 Papam
1058 1363 1221 1404 habere
1251 1364 1486 1419 plenitudi-

28 1454 126 1481 nem
161 1454 292 1495 quam
328 1440 489 1481 Petrus
524 1439 695 1486 habuit,
727 1437 802 1479 sed
823 1437 1027 1478 nolebant
1050 1437 1278 1484 affirmare,
1304 1437 1485 1477 Petrum

29 1525 240 1552 summam
262 1511 582 1567 plenitudinem
605 1511 824 1552 habuisse.
879 1510 1086 1565 Hincque
1104 1510 1266 1564 saepius
1283 1524 1333 1550 ea
1352 1510 1488 1550 verba

29 1584 161 1624 variis
182 1584 319 1624 modis
340 1591 513 1625 mutata
533 1584 668 1625 fuere.

84 1654 299 1696 Extrema
328 1656 401 1697 illa
425 1657 569 1704 verba,
611 1657 652 1697 in
690 1656 897 1696 Ecclesiae
932 1654 1263 1696 aedificationem
1296 1670 1379 1695 non
1411 1655 1483 1696 de-

29 1728 322 1776 structionem,
342 1729 398 1769 ab
412 1729 614 1769 omnibus
636 1729 818 1769 fuerunt
839 1727 1112 1783 improbata3
1146 1741 1259 1775 nam,
1284 1728 1485 1782 quamvis

29 1799 149 1856 apud
169 1801 432 1855 Apostolum
451 1802 712 1856 reperiatur,
743 1808 888 1841 tamen
920 1799 988 1840 his
1020 1801 1289 1855 temporibus
1312 1807 1485 1856 possent

29 1873 285 1914 temeritatis
339 1875 617 1923 occasionem,
672 1882 804 1930 atque
855 1873 1144 1915 detrectandae
1202 1873 1485 1914 authoritatis

29 1944 164 2002 Papae
187 1946 364 1996 afferre;
388 1948 625 2004 magnique
643 1947 828 2003 periculi
850 1947 981 2003 plena
998 1946 1277 1994 videbantur,
1300 1961 1349 1987 eo
1365 1946 1484 2002 quod

31 2018 211 2061 auderet
253 2022 558 2077 unusquisque
594 2021 639 2061 in
679 2021 864 2061 dubium
909 2035 1061 2061 vocare
1103 2019 1292 2060 actiones
1332 2020 1480 2074 Papae,

31 2092 257 2134 arbitrum¹
282 2108 374 2135 esse
408 2110 462 2136 an
494 2095 720 2136 crederent
748 2095 791 2135 in
815 2094 1167 2140 aedificationem3
1203 2092 1315 2133 unde
1337 2095 1482 2134 omnia

31 2165 424 2220 perturbarentur:
449 2175 492 2208 et
508 2169 612 2209 satis
634 2174 712 2216 est,
736 2167 853 2223 quod
875 2167 1001 2207 Deus
1021 2167 1114 2222 ipse
1132 2167 1162 2207 J
1169 2166 1283 2207 udex
1306 2166 1482 2208 futurus

31 2237 124 2285 erit,
143 2238 178 2278 si
199 2239 243 2280 in
266 2238 579 2281 edificationem
598 2241 669 2281 vel
691 2240 1027 2281 destructionem
1049 2239 1162 2279 fiant.

86 2310 265 2352 Auditis
297 2313 490 2353 omnium
523 2314 760 2359 sententiis,
795 2328 892 2354 cum
917 2327 1034 2368 saepe
1066 2312 1205 2352 multa
1236 2313 1479 2360 immutata,

31 2389 74 2423 et
92 2397 202 2425 nunc
224 2398 366 2425 coram
390 2385 588 2442 Legatis,
612 2392 654 2427 et
675 2401 789 2426 nunc
807 2384 926 2441 apud
945 2385 1345 2440 Caputaquenscm,
1367 2399 1480 2425 nunc

31 2455 149 2510 apud
185 2457 466 2499 Simoncttam
492 2458 671 2500 diversae
705 2459 901 2500 formulae
928 2458 1134 2498 confeetae
1162 2462 1314 2504 essent,
1347 2463 1481 2511 atquc

30 2541 107 2582 per
127 2529 424 2572 Mutinensem
447 2532 502 2572 ad
533 2532 688 2573 Gallos
722 2532 999 2578 transmissae,
1041 2536 1255 2585 coeptaret
1286 2536 1481 2571 extremo

30 2597 120 2641 loco
141 2601 226 2642 alia
250 2603 540 2645 controversia
562 2605 741 2646 excitari
764 2604 807 2644 in
831 2603 917 2643 illis
939 2601 1096 2649 verbis,
1117 2616 1141 2641 a
1164 2599 1340 2641 Christo
1361 2601 1480 2642 insti-

30 2676 156 2720 tutos,
190 2675 309 2730 quod
330 2690 384 2716 ex
409 2676 533 2717 Italis
554 2676 757 2718 dicebant
781 2676 917 2731 aliqui
940 2674 984 2715 id
1008 2674 1203 2720 verbum,
1238 2673 1481 2730 Episcopos

32 2757 136 2794 esse,
164 2756 428 2799 concretum,
459 2750 777 2807 complectique
809 2748 1000 2790 ordinem
1036 2753 1078 2789 ct
1107 2746 1478 2789 Jurisdictionem.

630 2849 635 2866 ι
662 2839 795 2876 Arbiter,
813 2839 882 2869 MS.

1132 2897 1157 2935 '2
1179 2911 1201 2933 (¹
1225 2897 1250 2925 0

1226 2925 1249 2935 ..a
