1905 3254
349 276 431 317 552
988 289 1097 320 sEss.
1124 289 1202 319 vn.

352 396 608 437 sacramenti
628 396 927 451 poenitentiae3
949 410 1048 436 nam
1071 411 1167 437 cum
1185 400 1275 452 Jam
1302 396 1356 438 de
1377 396 1455 439 hoc
1476 404 1742 440 sacramento
1762 398 1805 440 in

351 470 493 524 prima
512 476 640 525 parte
673 469 808 525 hujus
831 469 1016 510 Concilii
1046 470 1101 511 sit
1134 476 1385 518 tractatum,
1419 470 1552 527 hujus
1583 473 1647 513 rei
1678 471 1807 513 modo

350 542 470 583 locus
489 542 769 598 relinquitur,
793 557 889 583 cum
924 542 978 583 de
1011 543 1222 584 abusibus
1244 543 1405 584 ordinis
1434 550 1671 586 tractamus
1687 562 1698 595 3
1731 560 1806 601 po-

349 621 482 657 testas
504 616 617 657 enim
640 630 729 671 qua
755 614 835 656 hoc
870 621 1183 656 sacramentum
1216 615 1507 672 dispensatur,
1530 617 1742 659 fundatur
1762 618 1806 658 in

350 689 510 730 ordine.

408 763 578 805 Vellem
600 764 738 819 igitur
759 764 940 820 corrigi¹
974 765 1155 805 formam
1189 765 1547 820 poenitentiarum
1581 766 1803 820 imponen-

350 836 521 885 darum,
544 837 913 878 reconciliationes
934 837 1261 891 poenitentium,
1286 838 1375 878 sive
1405 838 1710 887 absolutiones,
1732 838 1803 879 de-

348 909 480 964 nique
502 923 671 949 omnem
688 908 1104 949 administrationem
1126 908 1259 965 hujus
1287 910 1556 958 sacramenti,
1574 925 1668 965 quae
1690 919 1803 952 certe

350 979 581 1035 aliquando
607 980 652 1020 fit
674 987 955 1035 praepostere.

406 1053 627 1093 Praeterea
644 1051 889 1108 corrigendi
907 1058 1008 1093 sunt
1031 1052 1195 1093 abusus
1215 1052 1259 1092 in
1280 1052 1573 1108 dispensando
1596 1052 1803 1094 thesauro

346 1125 570 1173 Ecclesiae,
595 1124 672 1180 qui
703 1124 831 1165 multi
854 1139 878 1165 a
898 1124 1025 1165 malis
1052 1124 1262 1165 ministris
1295 1126 1638 1167 committuntur.
1699 1124 1801 1166 Vel-

346 1198 431 1239 lem
455 1197 714 1239 considerari
746 1212 907 1238 morem
930 1197 1045 1238 hunc
1086 1198 1251 1253 [quem]
1291 1212 1516 1239 servamus
1547 1198 1800 1240 relaxanda-

347 1286 443 1311 rum
481 1270 775 1326 injunctarum
818 1270 1194 1325 poenitentiarum,
1234 1285 1331 1311 cum
1373 1270 1462 1311 fere
1509 1271 1646 1312 nullae
1686 1287 1802 1314 nunc

345 1343 618 1399 poenitentiae
663 1357 886 1389 annorum,
921 1350 963 1384 et
998 1342 1377 1398 quadragenorum
1417 1344 1720 1400 injungantur,
1758 1352 1803 1387 et

345 1422 492 1456 tamen
514 1416 779 1457 relaxantur.

408 1489 512 1544 [De]
538 1488 703 1529 decimo
728 1488 881 1543 quinto
906 1487 1116 1537 Canone,⁸
1138 1487 1266 1528 valde
1287 1487 1483 1529 odiosum
1504 1489 1588 1531 fuit
1610 1491 1800 1547 antiqui-

345 1568 432 1610 tus,
456 1562 619 1602 alienos
643 1561 834 1602 Clericos
856 1561 1064 1617 recipere,
1088 1567 1131 1601 et
1162 1560 1204 1600 in
1235 1561 1522 1602 ministerium
1555 1562 1798 1605 admittere.

346 1634 452 1675 Ideo
473 1634 503 1673 ii
524 1648 750 1689 nunquam
773 1634 817 1674 in
840 1634 1186 1674 communionem
1204 1634 1531 1690 recipiebantur
1547 1635 1636 1676 sine
1653 1636 1798 1679 dimis-

344 1708 464 1749 soriis
486 1708 637 1756 literis,
661 1710 751 1749 sive
784 1707 973 1763 pacificis
994 1708 1062 1748 sui
1088 1707 1316 1763 Episcopi,
1341 1708 1461 1763 quod
1480 1723 1596 1750 nunc
1617 1710 1660 1751 in
1687 1726 1798 1767 prae-

343 1781 453 1822 senti
478 1781 653 1822 Canone
675 1779 885 1821 desidero.

402 1854 455 1894 In
476 1853 526 1894 16
543 1852 735 1901 Canone,
756 1852 1083 1895 Institutionem
1102 1853 1396 1910 Collegiorum
1418 1855 1580 1896 nollem
1601 1856 1721 1911 reJici
1743 1856 1798 1898 ad

345 1926 556 1974 Coneilia,
592 1940 691 1982 quae
727 1926 909 1967 fortasse
944 1927 1070 1967 nulla
1103 1933 1243 1975 erunt,
1277 1928 1524 1982 praesertim
1564 1928 1608 1970 in
1651 1929 1795 1977 Italia,

340 2015 486 2056 neque
509 1999 827 2041 Canonicorum
862 2014 1038 2055 operam
1075 1999 1130 2040 ad
1166 2015 1218 2040 ea
1251 1999 1450 2041 adhiberi
1471 2001 1595 2051 volo;
1628 2017 1740 2052 nam,
1762 2004 1798 2044 si

341 2088 445 2115 cura
481 2074 722 2114 animarum
756 2073 836 2113 soli
867 2073 1090 2128 Episcopo
1126 2074 1424 2124 committitur,
1458 2083 1622 2131 quanto
1658 2077 1798 2133 magis

342 2147 648 2188 committenda
670 2153 736 2187 est
757 2161 861 2187 cura
882 2146 1173 2187 constituendi
1193 2147 1405 2202 collegia?

398 2220 615 2261 Desidero
651 2220 1002 2261 reformationem
1041 2221 1260 2260 abusuum
1294 2221 1339 2260 in
1362 2220 1588 2262 Canonicis
1624 2228 1667 2262 et
1699 2237 1795 2277 per-

341 2294 565 2334 sonatibus
586 2292 912 2338 Ecclesiasticis,
931 2298 975 2332 et
996 2298 1045 2332 ut
1069 2292 1342 2346 assignentur
1358 2293 1418 2333 eis
1440 2308 1529 2334 suae
1551 2294 1795 2335 functiones

342 2382 450 2423 quas
473 2373 570 2407 actu
595 2371 850 2415 exerceant3
882 2380 984 2405 nam
1015 2365 1097 2405 nisi
1131 2364 1312 2420 aliquod
1339 2380 1499 2406 munus
1519 2365 1713 2407 habeant
1733 2367 1794 2407 in-

341 2439 510 2480 utiliter
532 2438 587 2479 ab
608 2437 817 2478 Ecclesiis
839 2437 1031 2478 aluntur.

397 2511 527 2562 Quod
549 2511 601 2552 de
623 2511 795 2552 delectu
819 2511 990 2551 Ill¹¹¹0¹¹¹m
1021 2510 1323 2551 Cardinalium
1359 2526 1384 2552 a
1414 2512 1565 2553 multis
1587 2512 1794 2553 Patribus

339 2586 503 2627 dictum
538 2593 615 2634 est,
638 2586 787 2641 probo,
815 2586 892 2640 [et]
917 2591 967 2626 ut
991 2585 1291 2641 eligendorum
1315 2577 1567 2634 vita,'aetas,
1590 2586 1790 2634 conditio,

338 2674 492 2707 mores,
515 2658 830 2700 describantur.

424 2746 431 2763 ¹
459 2747 574 2786 Dirigi,
592 2747 662 2777 MS.
974 2746 985 2763 ²
1008 2748 1037 2776 lt
1054 2747 1078 2777 is
1094 2747 1165 2777 thus
1182 2747 1211 2776 in
1230 2751 1278 2776 the
1294 2747 1365 2776 MS.
1380 2758 1384 2775 :
1411 2747 1487 2777 Dee.
1505 2747 1605 2787 quint.
1626 2746 1705 2777 Can.

1887 555 1890 567 ·
1887 513 1898 547 --·
1886 463 1900 496 ’τ-
1884 163 1905 457 ssss-:ssr-*zr-mffl
