<?xml version="1.0" encoding="UTF-8"?>
<!DOCTYPE html PUBLIC "-//W3C//DTD XHTML 1.0 Transitional//EN"
    "http://www.w3.org/TR/xhtml1/DTD/xhtml1-transitional.dtd">
<html xmlns="http://www.w3.org/1999/xhtml" xml:lang="en" lang="en">
 <head>
  <title>
</title>
<meta http-equiv="Content-Type" content="text/html;charset=utf-8" />
  <meta name='ocr-system' content='tesseract 3.04.00' />
  <meta name='ocr-capabilities' content='ocr_page ocr_carea ocr_par ocr_line ocrx_word'/>
</head>
<body>
  <div class='ocr_page' id='page_1' title='image "actaconciliitrid00paleuoft_0637.png"; bbox 0 0 1905 3254; ppageno 0'>
   <div class='ocr_carea' id='block_1_1' title="bbox 678 274 1511 314">
    <p class='ocr_par' dir='ltr' id='par_1_1' title="bbox 678 274 1511 314">
     <span class='ocr_line' id='line_1_1' title="bbox 678 274 1511 314; baseline -0.001 -1"><span class='ocrx_word' id='word_1_1' title='bbox 678 284 787 314; x_wconf 68' lang='lat' dir='ltr'>snss.</span> <span class='ocrx_word' id='word_1_2' title='bbox 814 284 889 314; x_wconf 66' lang='lat' dir='ltr'>vn.</span> <span class='ocrx_word' id='word_1_3' title='bbox 1434 274 1511 312; x_wconf 70' lang='lat'>461</span> 
     </span>
    </p>
   </div>
   <div class='ocr_carea' id='block_1_2' title="bbox 57 386 1522 2771">
    <p class='ocr_par' dir='ltr' id='par_1_2' title="bbox 57 386 1520 2047">
     <span class='ocr_line' id='line_1_2' title="bbox 65 386 1520 448; baseline 0.004 -20"><span class='ocrx_word' id='word_1_4' title='bbox 65 401 148 429; x_wconf 91' lang='lat' dir='ltr'>non</span> <span class='ocrx_word' id='word_1_5' title='bbox 180 401 305 442; x_wconf 89' lang='lat' dir='ltr'>posse</span> <span class='ocrx_word' id='word_1_6' title='bbox 340 386 639 428; x_wconf 85' lang='lat' dir='ltr'>Residentiam</span> <span class='ocrx_word' id='word_1_7' title='bbox 670 403 762 429; x_wconf 87' lang='lat' dir='ltr'>esse</span> <span class='ocrx_word' id='word_1_8' title='bbox 788 389 817 429; x_wconf 90' lang='lat' dir='ltr'>J</span> <span class='ocrx_word' id='word_1_9' title='bbox 823 389 912 430; x_wconf 91' lang='lat' dir='ltr'>uris</span> <span class='ocrx_word' id='word_1_10' title='bbox 945 389 1095 439; x_wconf 83' lang='lat' dir='ltr'>divini,</span> <span class='ocrx_word' id='word_1_11' title='bbox 1118 392 1201 432; x_wconf 85' lang='lat' dir='ltr'>nisi</span> <span class='ocrx_word' id='word_1_12' title='bbox 1223 399 1444 448; x_wconf 90' lang='lat' dir='ltr'>quatenus</span> <span class='ocrx_word' id='word_1_13' title='bbox 1465 394 1520 434; x_wconf 92' lang='lat' dir='ltr'>sit</span> 
     </span>
     <span class='ocr_line' id='line_1_3' title="bbox 64 460 1520 519; baseline 0.005 -18"><span class='ocrx_word' id='word_1_14' title='bbox 64 460 351 501; x_wconf 91' lang='lat' dir='ltr'>necessarium</span> <span class='ocrx_word' id='word_1_15' title='bbox 376 460 516 515; x_wconf 85' lang='lat' dir='ltr'><strong>gregi.</strong></span> <span class='ocrx_word' id='word_1_16' title='bbox 580 461 711 509; x_wconf 85' lang='lat' dir='ltr'>Nam,</span> <span class='ocrx_word' id='word_1_17' title='bbox 734 477 820 502; x_wconf 92' lang='lat' dir='ltr'>non</span> <span class='ocrx_word' id='word_1_18' title='bbox 850 470 914 503; x_wconf 91' lang='lat' dir='ltr'>est</span> <span class='ocrx_word' id='word_1_19' title='bbox 936 465 1215 519; x_wconf 72' lang='lat' dir='ltr'>praestitutus</span> <span class='ocrx_word' id='word_1_20' title='bbox 1237 474 1380 508; x_wconf 86' lang='lat' dir='ltr'>certus</span> <span class='ocrx_word' id='word_1_21' title='bbox 1400 467 1520 508; x_wconf 90' lang='lat' dir='ltr'>locus</span> 
     </span>
     <span class='ocr_line' id='line_1_4' title="bbox 65 532 1520 591; baseline 0.005 -19"><span class='ocrx_word' id='word_1_22' title='bbox 65 533 141 573; x_wconf 91' lang='lat' dir='ltr'>ubi</span> <span class='ocrx_word' id='word_1_23' title='bbox 176 532 231 573; x_wconf 92' lang='lat' dir='ltr'>sit</span> <span class='ocrx_word' id='word_1_24' title='bbox 261 532 538 579; x_wconf 88' lang='lat' dir='ltr'>manendum,</span> <span class='ocrx_word' id='word_1_25' title='bbox 568 533 645 574; x_wconf 89' lang='lat' dir='ltr'>sed</span> <span class='ocrx_word' id='word_1_26' title='bbox 677 541 862 582; x_wconf 88' lang='lat' dir='ltr'>tantum,</span> <span class='ocrx_word' id='word_1_27' title='bbox 893 542 943 575; x_wconf 90' lang='lat' dir='ltr'>ut</span> <span class='ocrx_word' id='word_1_28' title='bbox 980 537 1079 591; x_wconf 89' lang='lat' dir='ltr'>quis</span> <span class='ocrx_word' id='word_1_29' title='bbox 1114 538 1176 577; x_wconf 86' lang='lat' dir='ltr'>ibi</span> <span class='ocrx_word' id='word_1_30' title='bbox 1210 546 1416 585; x_wconf 84' lang='lat' dir='ltr'>moretur,</span> <span class='ocrx_word' id='word_1_31' title='bbox 1441 540 1520 580; x_wconf 91' lang='lat' dir='ltr'>ubi</span> 
     </span>
     <span class='ocr_line' id='line_1_5' title="bbox 63 605 1518 663; baseline 0.005 -19"><span class='ocrx_word' id='word_1_32' title='bbox 63 605 197 659; x_wconf 82' lang='lat' dir='ltr'>possit</span> <span class='ocrx_word' id='word_1_33' title='bbox 228 605 474 660; x_wconf 82' lang='lat' dir='ltr'>prospicere</span> <span class='ocrx_word' id='word_1_34' title='bbox 509 607 633 661; x_wconf 82' lang='lat' dir='ltr'>gregi</span> <span class='ocrx_word' id='word_1_35' title='bbox 663 622 766 646; x_wconf 87' lang='lat' dir='ltr'>suo:</span> <span class='ocrx_word' id='word_1_36' title='bbox 800 607 858 647; x_wconf 89' lang='lat' dir='ltr'>sic</span> <span class='ocrx_word' id='word_1_37' title='bbox 890 607 943 647; x_wconf 91' lang='lat' dir='ltr'>de</span> <span class='ocrx_word' id='word_1_38' title='bbox 977 614 1186 663; x_wconf 90' lang='lat' dir='ltr'>tempore,</span> <span class='ocrx_word' id='word_1_39' title='bbox 1209 610 1420 663; x_wconf 83' lang='lat' dir='ltr'>quamdiu</span> <span class='ocrx_word' id='word_1_40' title='bbox 1448 625 1518 650; x_wconf 91' lang='lat' dir='ltr'>ne-</span> 
     </span>
     <span class='ocr_line' id='line_1_6' title="bbox 64 677 1519 735; baseline 0.003 -17"><span class='ocrx_word' id='word_1_41' title='bbox 64 678 234 718; x_wconf 83' lang='lat' dir='ltr'><strong>cessitas</strong></span> <span class='ocrx_word' id='word_1_42' title='bbox 269 677 412 719; x_wconf 89' lang='lat' dir='ltr'>durat.</span> <span class='ocrx_word' id='word_1_43' title='bbox 477 679 605 729; x_wconf 83' lang='lat' dir='ltr'>Quod</span> <span class='ocrx_word' id='word_1_44' title='bbox 640 694 742 720; x_wconf 79' lang='lat' dir='ltr'>vero</span> <span class='ocrx_word' id='word_1_45' title='bbox 776 680 874 734; x_wconf 90' lang='lat' dir='ltr'>quis</span> <span class='ocrx_word' id='word_1_46' title='bbox 904 681 1040 735; x_wconf 85' lang='lat' dir='ltr'><strong>possit</strong></span> <span class='ocrx_word' id='word_1_47' title='bbox 1075 682 1225 722; x_wconf 88' lang='lat' dir='ltr'>abesse</span> <span class='ocrx_word' id='word_1_48' title='bbox 1260 683 1392 723; x_wconf 88' lang='lat' dir='ltr'>etiam</span> <span class='ocrx_word' id='word_1_49' title='bbox 1427 684 1519 723; x_wconf 91' lang='lat' dir='ltr'>sine</span> 
     </span>
     <span class='ocr_line' id='line_1_7' title="bbox 63 750 1517 809; baseline 0.004 -19"><span class='ocrx_word' id='word_1_50' title='bbox 63 765 193 791; x_wconf 88' lang='lat' dir='ltr'>causa</span> <span class='ocrx_word' id='word_1_51' title='bbox 213 751 372 806; x_wconf 88' lang='lat' dir='ltr'>probat</span> <span class='ocrx_word' id='word_1_52' title='bbox 396 750 638 792; x_wconf 84' lang='lat' dir='ltr'>Concilium</span> <span class='ocrx_word' id='word_1_53' title='bbox 664 752 931 800; x_wconf 82' lang='lat' dir='ltr'>Sardicense,</span> <span class='ocrx_word' id='word_1_54' title='bbox 956 753 1074 809; x_wconf 89' lang='lat' dir='ltr'>quod</span> <span class='ocrx_word' id='word_1_55' title='bbox 1095 755 1281 796; x_wconf 81' lang='lat' dir='ltr'>remittit</span> <span class='ocrx_word' id='word_1_56' title='bbox 1303 762 1391 796; x_wconf 89' lang='lat' dir='ltr'>tres</span> <span class='ocrx_word' id='word_1_57' title='bbox 1413 755 1517 795; x_wconf 90' lang='lat' dir='ltr'>heb-</span> 
     </span>
     <span class='ocr_line' id='line_1_8' title="bbox 60 823 1520 871; baseline 0.003 -7"><span class='ocrx_word' id='word_1_58' title='bbox 60 823 276 865; x_wconf 88' lang='lat' dir='ltr'>domadas.</span> <span class='ocrx_word' id='word_1_59' title='bbox 339 824 524 871; x_wconf 86' lang='lat' dir='ltr'>Deinde,</span> <span class='ocrx_word' id='word_1_60' title='bbox 549 826 661 866; x_wconf 87' lang='lat' dir='ltr'>sieut</span> <span class='ocrx_word' id='word_1_61' title='bbox 692 826 735 865; x_wconf 89' lang='lat' dir='ltr'>in</span> <span class='ocrx_word' id='word_1_62' title='bbox 768 827 1069 868; x_wconf 84' lang='lat' dir='ltr'>communione</span> <span class='ocrx_word' id='word_1_63' title='bbox 1096 828 1308 869; x_wconf 83' lang='lat' dir='ltr'>sumenda</span> <span class='ocrx_word' id='word_1_64' title='bbox 1329 829 1433 869; x_wconf 90' lang='lat' dir='ltr'>satis</span> <span class='ocrx_word' id='word_1_65' title='bbox 1455 836 1520 869; x_wconf 92' lang='lat' dir='ltr'>est</span> 
     </span>
     <span class='ocr_line' id='line_1_9' title="bbox 61 898 1518 954; baseline 0.003 -16"><span class='ocrx_word' id='word_1_66' title='bbox 61 898 247 954; x_wconf 88' lang='lat' dir='ltr'>probare</span> <span class='ocrx_word' id='word_1_67' title='bbox 279 898 485 954; x_wconf 90' lang='lat' dir='ltr'>seipsum,</span> <span class='ocrx_word' id='word_1_68' title='bbox 509 906 552 939; x_wconf 88' lang='lat' dir='ltr'>et</span> <span class='ocrx_word' id='word_1_69' title='bbox 583 899 829 940; x_wconf 83' lang='lat' dir='ltr'>examinare</span> <span class='ocrx_word' id='word_1_70' title='bbox 862 900 1177 945; x_wconf 80' lang='lat' dir='ltr'>conscientiam,</span> <span class='ocrx_word' id='word_1_71' title='bbox 1200 915 1285 941; x_wconf 92' lang='lat' dir='ltr'>non</span> <span class='ocrx_word' id='word_1_72' title='bbox 1320 916 1422 942; x_wconf 87' lang='lat' dir='ltr'>vero</span> <span class='ocrx_word' id='word_1_73' title='bbox 1457 908 1518 941; x_wconf 89' lang='lat' dir='ltr'>te-</span> 
     </span>
     <span class='ocr_line' id='line_1_10' title="bbox 60 970 1520 1027; baseline 0.001 -16"><span class='ocrx_word' id='word_1_74' title='bbox 60 977 186 1011; x_wconf 89' lang='lat' dir='ltr'>netur</span> <span class='ocrx_word' id='word_1_75' title='bbox 221 971 320 1026; x_wconf 90' lang='lat' dir='ltr'>quis</span> <span class='ocrx_word' id='word_1_76' title='bbox 358 970 554 1027; x_wconf 83' lang='lat' dir='ltr'>quotidie</span> <span class='ocrx_word' id='word_1_77' title='bbox 591 975 808 1026; x_wconf 85' lang='lat' dir='ltr'>jejunare,</span> <span class='ocrx_word' id='word_1_78' title='bbox 846 977 923 1011; x_wconf 90' lang='lat' dir='ltr'>aut</span> <span class='ocrx_word' id='word_1_79' title='bbox 957 970 1060 1010; x_wconf 87' lang='lat' dir='ltr'>dare</span> <span class='ocrx_word' id='word_1_80' title='bbox 1096 971 1402 1026; x_wconf 79' lang='lat' dir='ltr'>eleemosynas,</span> <span class='ocrx_word' id='word_1_81' title='bbox 1444 978 1520 1012; x_wconf 90' lang='lat' dir='ltr'>aut</span> 
     </span>
     <span class='ocr_line' id='line_1_11' title="bbox 59 1042 1517 1099; baseline 0.001 -16"><span class='ocrx_word' id='word_1_82' title='bbox 59 1043 226 1091; x_wconf 85' lang='lat' dir='ltr'>similia,</span> <span class='ocrx_word' id='word_1_83' title='bbox 250 1044 454 1099; x_wconf 88' lang='lat' dir='ltr'>quamvis</span> <span class='ocrx_word' id='word_1_84' title='bbox 476 1042 569 1083; x_wconf 82' lang='lat' dir='ltr'>haec</span> <span class='ocrx_word' id='word_1_85' title='bbox 591 1043 829 1098; x_wconf 84' lang='lat' dir='ltr'>expediant</span> <span class='ocrx_word' id='word_1_86' title='bbox 851 1042 905 1083; x_wconf 86' lang='lat' dir='ltr'>ad</span> <span class='ocrx_word' id='word_1_87' title='bbox 927 1042 1113 1083; x_wconf 89' lang='lat' dir='ltr'>eundem</span> <span class='ocrx_word' id='word_1_88' title='bbox 1141 1044 1281 1091; x_wconf 87' lang='lat' dir='ltr'>finem,</span> <span class='ocrx_word' id='word_1_89' title='bbox 1306 1045 1365 1085; x_wconf 88' lang='lat' dir='ltr'>sic</span> <span class='ocrx_word' id='word_1_90' title='bbox 1387 1045 1517 1085; x_wconf 88' lang='lat' dir='ltr'>etiam</span> 
     </span>
     <span class='ocr_line' id='line_1_12' title="bbox 59 1115 1519 1171; baseline 0.001 -15"><span class='ocrx_word' id='word_1_91' title='bbox 59 1123 232 1157; x_wconf 87' lang='lat' dir='ltr'>tenetur</span> <span class='ocrx_word' id='word_1_92' title='bbox 268 1116 365 1171; x_wconf 93' lang='lat' dir='ltr'>quis</span> <span class='ocrx_word' id='word_1_93' title='bbox 397 1115 599 1162; x_wconf 86' lang='lat' dir='ltr'>residere,</span> <span class='ocrx_word' id='word_1_94' title='bbox 625 1122 842 1170; x_wconf 86' lang='lat' dir='ltr'>quatenus</span> <span class='ocrx_word' id='word_1_95' title='bbox 875 1130 983 1171; x_wconf 84' lang='lat' dir='ltr'>grex</span> <span class='ocrx_word' id='word_1_96' title='bbox 1011 1130 1119 1155; x_wconf 87' lang='lat' dir='ltr'>suus</span> <span class='ocrx_word' id='word_1_97' title='bbox 1141 1115 1322 1171; x_wconf 84' lang='lat' dir='ltr'>indiget.</span> <span class='ocrx_word' id='word_1_98' title='bbox 1385 1117 1519 1158; x_wconf 85' lang='lat' dir='ltr'>Ultra</span> 
     </span>
     <span class='ocr_line' id='line_1_13' title="bbox 58 1187 1517 1245; baseline 0.001 -15"><span class='ocrx_word' id='word_1_99' title='bbox 58 1204 159 1230; x_wconf 91' lang='lat' dir='ltr'>vero</span> <span class='ocrx_word' id='word_1_100' title='bbox 180 1204 263 1229; x_wconf 91' lang='lat' dir='ltr'>non</span> <span class='ocrx_word' id='word_1_101' title='bbox 287 1196 475 1235; x_wconf 88' lang='lat' dir='ltr'>tenetur,</span> <span class='ocrx_word' id='word_1_102' title='bbox 493 1188 568 1229; x_wconf 90' lang='lat' dir='ltr'>sed</span> <span class='ocrx_word' id='word_1_103' title='bbox 590 1188 807 1229; x_wconf 87' lang='lat' dir='ltr'>benefacit</span> <span class='ocrx_word' id='word_1_104' title='bbox 827 1204 834 1228; x_wconf 92' lang='lat'>:</span> <span class='ocrx_word' id='word_1_105' title='bbox 869 1187 988 1235; x_wconf 82' lang='lat' dir='ltr'>alias,</span> <span class='ocrx_word' id='word_1_106' title='bbox 1009 1189 1114 1228; x_wconf 87' lang='lat' dir='ltr'>satis</span> <span class='ocrx_word' id='word_1_107' title='bbox 1136 1195 1200 1229; x_wconf 89' lang='lat' dir='ltr'>est</span> <span class='ocrx_word' id='word_1_108' title='bbox 1222 1189 1360 1230; x_wconf 88' lang='lat' dir='ltr'>facere</span> <span class='ocrx_word' id='word_1_109' title='bbox 1383 1205 1517 1245; x_wconf 89' lang='lat' dir='ltr'>quan-</span> 
     </span>
     <span class='ocr_line' id='line_1_14' title="bbox 57 1260 1519 1318; baseline 0.001 -16"><span class='ocrx_word' id='word_1_110' title='bbox 57 1268 151 1303; x_wconf 93' lang='lat' dir='ltr'>tum</span> <span class='ocrx_word' id='word_1_111' title='bbox 173 1262 216 1301; x_wconf 88' lang='lat' dir='ltr'>in</span> <span class='ocrx_word' id='word_1_112' title='bbox 238 1277 282 1302; x_wconf 91' lang='lat' dir='ltr'>se</span> <span class='ocrx_word' id='word_1_113' title='bbox 305 1268 370 1301; x_wconf 93' lang='lat' dir='ltr'>est</span> <span class='ocrx_word' id='word_1_114' title='bbox 392 1276 468 1316; x_wconf 87' lang='lat' dir='ltr'>pro</span> <span class='ocrx_word' id='word_1_115' title='bbox 490 1260 681 1301; x_wconf 87' lang='lat' dir='ltr'>curando</span> <span class='ocrx_word' id='word_1_116' title='bbox 709 1276 859 1315; x_wconf 86' lang='lat' dir='ltr'>grege.</span> <span class='ocrx_word' id='word_1_117' title='bbox 923 1261 1016 1300; x_wconf 82' lang='lat' dir='ltr'>Nec</span> <span class='ocrx_word' id='word_1_118' title='bbox 1050 1261 1198 1315; x_wconf 87' lang='lat' dir='ltr'>probO,</span> <span class='ocrx_word' id='word_1_119' title='bbox 1221 1262 1378 1316; x_wconf 89' lang='lat' dir='ltr'>inquit,</span> <span class='ocrx_word' id='word_1_120' title='bbox 1401 1263 1519 1318; x_wconf 88' lang='lat' dir='ltr'>quod</span> 
     </span>
     <span class='ocr_line' id='line_1_15' title="bbox 58 1332 1518 1390; baseline 0.001 -14"><span class='ocrx_word' id='word_1_121' title='bbox 58 1334 304 1376; x_wconf 83' lang='lat' dir='ltr'>declaratur</span> <span class='ocrx_word' id='word_1_122' title='bbox 324 1349 416 1374; x_wconf 89' lang='lat' dir='ltr'>csse</span> <span class='ocrx_word' id='word_1_123' title='bbox 439 1334 564 1375; x_wconf 69' lang='lat' dir='ltr'>,Iuris</span> <span class='ocrx_word' id='word_1_124' title='bbox 585 1333 734 1379; x_wconf 83' lang='lat' dir='ltr'>divini,</span> <span class='ocrx_word' id='word_1_125' title='bbox 754 1333 959 1388; x_wconf 88' lang='lat' dir='ltr'>quoniam</span> <span class='ocrx_word' id='word_1_126' title='bbox 980 1333 1079 1373; x_wconf 89' lang='lat' dir='ltr'>hinc</span> <span class='ocrx_word' id='word_1_127' title='bbox 1103 1332 1317 1374; x_wconf 57' lang='lat' dir='ltr'>Haeretici</span> <span class='ocrx_word' id='word_1_128' title='bbox 1334 1336 1518 1390; x_wconf 86' lang='lat' dir='ltr'>cupiunt</span> 
     </span>
     <span class='ocr_line' id='line_1_16' title="bbox 61 1407 1518 1464; baseline 0 -15"><span class='ocrx_word' id='word_1_129' title='bbox 61 1407 307 1449; x_wconf 85' lang='lat' dir='ltr'>Catholicos</span> <span class='ocrx_word' id='word_1_130' title='bbox 329 1408 548 1464; x_wconf 86' lang='lat' dir='ltr'>expellere</span> <span class='ocrx_word' id='word_1_131' title='bbox 573 1423 597 1447; x_wconf 93' lang='lat' dir='ltr'>a</span> <span class='ocrx_word' id='word_1_132' title='bbox 620 1407 828 1447; x_wconf 90' lang='lat' dir='ltr'>Conciliis</span> <span class='ocrx_word' id='word_1_133' title='bbox 848 1408 1047 1463; x_wconf 86' lang='lat' dir='ltr'>publicis.</span> <span class='ocrx_word' id='word_1_134' title='bbox 1100 1407 1210 1448; x_wconf 90' lang='lat' dir='ltr'>Dico</span> <span class='ocrx_word' id='word_1_135' title='bbox 1234 1408 1377 1455; x_wconf 85' lang='lat' dir='ltr'>etiam,</span> <span class='ocrx_word' id='word_1_136' title='bbox 1401 1409 1518 1464; x_wconf 91' lang='lat' dir='ltr'>quod</span> 
     </span>
     <span class='ocr_line' id='line_1_17' title="bbox 58 1480 1518 1538; baseline 0 -15"><span class='ocrx_word' id='word_1_137' title='bbox 58 1489 201 1537; x_wconf 87' lang='lat' dir='ltr'>potest</span> <span class='ocrx_word' id='word_1_138' title='bbox 233 1481 467 1538; x_wconf 83' lang='lat' dir='ltr'>aliquando</span> <span class='ocrx_word' id='word_1_139' title='bbox 500 1482 600 1536; x_wconf 91' lang='lat' dir='ltr'>quis</span> <span class='ocrx_word' id='word_1_140' title='bbox 632 1481 782 1521; x_wconf 91' lang='lat' dir='ltr'>abesse</span> <span class='ocrx_word' id='word_1_141' title='bbox 819 1496 917 1520; x_wconf 76' lang='lat' dir='ltr'>cuin</span> <span class='ocrx_word' id='word_1_142' title='bbox 952 1480 1099 1535; x_wconf 83' lang='lat' dir='ltr'>culpa,</span> <span class='ocrx_word' id='word_1_143' title='bbox 1124 1488 1167 1522; x_wconf 92' lang='lat' dir='ltr'>et</span> <span class='ocrx_word' id='word_1_144' title='bbox 1199 1489 1344 1523; x_wconf 89' lang='lat' dir='ltr'>tamen</span> <span class='ocrx_word' id='word_1_145' title='bbox 1379 1482 1518 1523; x_wconf 87' lang='lat' dir='ltr'>facere</span> 
     </span>
     <span class='ocr_line' id='line_1_18' title="bbox 57 1553 1518 1611; baseline 0 -16"><span class='ocrx_word' id='word_1_146' title='bbox 57 1553 224 1596; x_wconf 87' lang='lat' dir='ltr'>fructus</span> <span class='ocrx_word' id='word_1_147' title='bbox 253 1570 365 1602; x_wconf 88' lang='lat' dir='ltr'>suos,</span> <span class='ocrx_word' id='word_1_148' title='bbox 388 1554 541 1602; x_wconf 84' lang='lat' dir='ltr'>veluti,</span> <span class='ocrx_word' id='word_1_149' title='bbox 565 1569 662 1594; x_wconf 88' lang='lat' dir='ltr'>cum</span> <span class='ocrx_word' id='word_1_150' title='bbox 699 1554 867 1601; x_wconf 85' lang='lat' dir='ltr'>absens,</span> <span class='ocrx_word' id='word_1_151' title='bbox 899 1554 961 1593; x_wconf 89' lang='lat' dir='ltr'>ita</span> <span class='ocrx_word' id='word_1_152' title='bbox 994 1560 1138 1595; x_wconf 90' lang='lat' dir='ltr'>tamen</span> <span class='ocrx_word' id='word_1_153' title='bbox 1170 1555 1280 1595; x_wconf 88' lang='lat' dir='ltr'>bene</span> <span class='ocrx_word' id='word_1_154' title='bbox 1316 1555 1518 1611; x_wconf 78' lang='lat' dir='ltr'>providet</span> 
     </span>
     <span class='ocr_line' id='line_1_19' title="bbox 60 1626 1517 1684; baseline 0 -17"><span class='ocrx_word' id='word_1_155' title='bbox 60 1641 138 1684; x_wconf 90' lang='lat' dir='ltr'>per</span> <span class='ocrx_word' id='word_1_156' title='bbox 159 1626 381 1667; x_wconf 86' lang='lat' dir='ltr'>Vicarium</span> <span class='ocrx_word' id='word_1_157' title='bbox 414 1641 559 1672; x_wconf 89' lang='lat' dir='ltr'>suum,</span> <span class='ocrx_word' id='word_1_158' title='bbox 586 1641 632 1665; x_wconf 86' lang='lat' dir='ltr'>ac</span> <span class='ocrx_word' id='word_1_159' title='bbox 664 1626 699 1665; x_wconf 88' lang='lat' dir='ltr'>si</span> <span class='ocrx_word' id='word_1_160' title='bbox 734 1640 920 1680; x_wconf 76' lang='lat' dir='ltr'>praesens</span> <span class='ocrx_word' id='word_1_161' title='bbox 953 1632 1090 1675; x_wconf 81' lang='lat' dir='ltr'>esset3</span> <span class='ocrx_word' id='word_1_162' title='bbox 1123 1633 1166 1666; x_wconf 90' lang='lat' dir='ltr'>et</span> <span class='ocrx_word' id='word_1_163' title='bbox 1202 1626 1320 1681; x_wconf 91' lang='lat' dir='ltr'>quod</span> <span class='ocrx_word' id='word_1_164' title='bbox 1353 1626 1407 1667; x_wconf 86' lang='lat' dir='ltr'>ad</span> <span class='ocrx_word' id='word_1_165' title='bbox 1439 1626 1517 1667; x_wconf 91' lang='lat' dir='ltr'>hoc</span> 
     </span>
     <span class='ocr_line' id='line_1_20' title="bbox 57 1697 1519 1753; baseline -0.001 -12"><span class='ocrx_word' id='word_1_166' title='bbox 57 1706 240 1746; x_wconf 88' lang='lat' dir='ltr'>tenetur,</span> <span class='ocrx_word' id='word_1_167' title='bbox 264 1714 317 1740; x_wconf 87' lang='lat' dir='ltr'>ex</span> <span class='ocrx_word' id='word_1_168' title='bbox 340 1698 549 1739; x_wconf 88' lang='lat' dir='ltr'>charitate</span> <span class='ocrx_word' id='word_1_169' title='bbox 572 1713 656 1737; x_wconf 93' lang='lat' dir='ltr'>non</span> <span class='ocrx_word' id='word_1_170' title='bbox 680 1712 731 1737; x_wconf 88' lang='lat' dir='ltr'>ex</span> <span class='ocrx_word' id='word_1_171' title='bbox 751 1698 951 1752; x_wconf 80' lang='lat' dir='ltr'>justitia3</span> <span class='ocrx_word' id='word_1_172' title='bbox 985 1697 1091 1737; x_wconf 87' lang='lat' dir='ltr'>alias</span> <span class='ocrx_word' id='word_1_173' title='bbox 1112 1705 1379 1753; x_wconf 87' lang='lat' dir='ltr'>sequeretur,</span> <span class='ocrx_word' id='word_1_174' title='bbox 1399 1698 1519 1753; x_wconf 91' lang='lat' dir='ltr'>quod</span> 
     </span>
     <span class='ocr_line' id='line_1_21' title="bbox 57 1769 1518 1824; baseline -0.001 -12"><span class='ocrx_word' id='word_1_175' title='bbox 57 1786 133 1813; x_wconf 91' lang='lat' dir='ltr'>nec</span> <span class='ocrx_word' id='word_1_176' title='bbox 165 1771 294 1812; x_wconf 87' lang='lat' dir='ltr'>etiam</span> <span class='ocrx_word' id='word_1_177' title='bbox 329 1771 483 1811; x_wconf 85' lang='lat' dir='ltr'>absens</span> <span class='ocrx_word' id='word_1_178' title='bbox 511 1785 564 1810; x_wconf 86' lang='lat' dir='ltr'>ex</span> <span class='ocrx_word' id='word_1_179' title='bbox 596 1785 726 1810; x_wconf 85' lang='lat' dir='ltr'>causa</span> <span class='ocrx_word' id='word_1_180' title='bbox 748 1776 893 1824; x_wconf 89' lang='lat' dir='ltr'>posset</span> <span class='ocrx_word' id='word_1_181' title='bbox 915 1769 1082 1809; x_wconf 85' lang='lat' dir='ltr'>fructus</span> <span class='ocrx_word' id='word_1_182' title='bbox 1104 1770 1342 1824; x_wconf 86' lang='lat' dir='ltr'>acquirere,</span> <span class='ocrx_word' id='word_1_183' title='bbox 1367 1776 1410 1810; x_wconf 93' lang='lat' dir='ltr'>et</span> <span class='ocrx_word' id='word_1_184' title='bbox 1433 1770 1518 1811; x_wconf 87' lang='lat' dir='ltr'>alia</span> 
     </span>
     <span class='ocr_line' id='line_1_22' title="bbox 59 1840 1517 1899; baseline -0.002 -14"><span class='ocrx_word' id='word_1_185' title='bbox 59 1844 206 1885; x_wconf 88' lang='lat' dir='ltr'>multa.</span> <span class='ocrx_word' id='word_1_186' title='bbox 271 1845 426 1884; x_wconf 86' lang='lat' dir='ltr'>Statuo</span> <span class='ocrx_word' id='word_1_187' title='bbox 460 1843 599 1899; x_wconf 85' lang='lat' dir='ltr'>igitur</span> <span class='ocrx_word' id='word_1_188' title='bbox 631 1857 715 1882; x_wconf 92' lang='lat' dir='ltr'>non</span> <span class='ocrx_word' id='word_1_189' title='bbox 749 1856 839 1882; x_wconf 88' lang='lat' dir='ltr'>esse</span> <span class='ocrx_word' id='word_1_190' title='bbox 873 1840 1181 1881; x_wconf 87' lang='lat' dir='ltr'>declarandum</span> <span class='ocrx_word' id='word_1_191' title='bbox 1213 1841 1266 1882; x_wconf 90' lang='lat' dir='ltr'>de</span> <span class='ocrx_word' id='word_1_192' title='bbox 1304 1842 1415 1882; x_wconf 87' lang='lat' dir='ltr'>Jure</span> <span class='ocrx_word' id='word_1_193' title='bbox 1455 1842 1517 1882; x_wconf 90' lang='lat' dir='ltr'>di-</span> 
     </span>
     <span class='ocr_line' id='line_1_23' title="bbox 60 1912 1518 1972; baseline -0.001 -14"><span class='ocrx_word' id='word_1_194' title='bbox 60 1918 171 1965; x_wconf 90' lang='lat' dir='ltr'>vino,</span> <span class='ocrx_word' id='word_1_195' title='bbox 212 1917 300 1965; x_wconf 89' lang='lat' dir='ltr'>sed,</span> <span class='ocrx_word' id='word_1_196' title='bbox 338 1916 513 1972; x_wconf 89' lang='lat' dir='ltr'>quando</span> <span class='ocrx_word' id='word_1_197' title='bbox 545 1915 589 1955; x_wconf 90' lang='lat' dir='ltr'>id</span> <span class='ocrx_word' id='word_1_198' title='bbox 632 1916 768 1961; x_wconf 86' lang='lat' dir='ltr'>fieret,</span> <span class='ocrx_word' id='word_1_199' title='bbox 802 1914 961 1954; x_wconf 79' lang='lat' dir='ltr'>vellem</span> <span class='ocrx_word' id='word_1_200' title='bbox 998 1920 1045 1953; x_wconf 92' lang='lat' dir='ltr'>ut</span> <span class='ocrx_word' id='word_1_201' title='bbox 1079 1912 1343 1954; x_wconf 84' lang='lat' dir='ltr'>adderentur</span> <span class='ocrx_word' id='word_1_202' title='bbox 1377 1930 1518 1956; x_wconf 84' lang='lat' dir='ltr'>causae</span> 
     </span>
     <span class='ocr_line' id='line_1_24' title="bbox 59 1988 856 2047; baseline -0.006 -15"><span class='ocrx_word' id='word_1_203' title='bbox 59 2005 286 2047; x_wconf 70' lang='lat' dir='ltr'>expressae,</span> <span class='ocrx_word' id='word_1_204' title='bbox 311 2005 364 2031; x_wconf 86' lang='lat' dir='ltr'>ex</span> <span class='ocrx_word' id='word_1_205' title='bbox 385 1990 547 2045; x_wconf 89' lang='lat' dir='ltr'>quibus</span> <span class='ocrx_word' id='word_1_206' title='bbox 569 1989 670 2029; x_wconf 91' lang='lat' dir='ltr'>licet</span> <span class='ocrx_word' id='word_1_207' title='bbox 693 1988 856 2028; x_wconf 88' lang='lat' dir='ltr'>abesse.</span> 
     </span>
    </p>

    <p class='ocr_par' dir='ltr' id='par_1_3' title="bbox 59 2060 1516 2339">
     <span class='ocr_line' id='line_1_25' title="bbox 116 2060 1516 2116; baseline -0.001 -11"><span class='ocrx_word' id='word_1_208' title='bbox 116 2064 271 2105; x_wconf 88' lang='lat' dir='ltr'>Abbas</span> <span class='ocrx_word' id='word_1_209' title='bbox 293 2061 743 2111; x_wconf 84' lang='lat' dir='ltr'>Benedictus—Quod</span> <span class='ocrx_word' id='word_1_210' title='bbox 766 2061 956 2115; x_wconf 89' lang='lat' dir='ltr'>quisque</span> <span class='ocrx_word' id='word_1_211' title='bbox 978 2067 1151 2100; x_wconf 87' lang='lat' dir='ltr'>tenetur</span> <span class='ocrx_word' id='word_1_212' title='bbox 1174 2060 1228 2100; x_wconf 87' lang='lat' dir='ltr'>ad</span> <span class='ocrx_word' id='word_1_213' title='bbox 1251 2061 1516 2116; x_wconf 88' lang='lat' dir='ltr'>implendam</span> 
     </span>
     <span class='ocr_line' id='line_1_26' title="bbox 61 2133 1514 2180; baseline -0.001 -2"><span class='ocrx_word' id='word_1_214' title='bbox 61 2137 322 2178; x_wconf 88' lang='lat' dir='ltr'>vocationem</span> <span class='ocrx_word' id='word_1_215' title='bbox 358 2135 549 2176; x_wconf 90' lang='lat' dir='ltr'>muneris</span> <span class='ocrx_word' id='word_1_216' title='bbox 571 2135 638 2175; x_wconf 89' lang='lat' dir='ltr'>sui</span> <span class='ocrx_word' id='word_1_217' title='bbox 660 2149 713 2175; x_wconf 88' lang='lat' dir='ltr'>ex</span> <span class='ocrx_word' id='word_1_218' title='bbox 734 2134 993 2174; x_wconf 77' lang='lat' dir='ltr'>necessitate</span> <span class='ocrx_word' id='word_1_219' title='bbox 1022 2133 1185 2180; x_wconf 82' lang='lat' dir='ltr'>salutis,</span> <span class='ocrx_word' id='word_1_220' title='bbox 1209 2139 1258 2174; x_wconf 91' lang='lat' dir='ltr'>ut</span> <span class='ocrx_word' id='word_1_221' title='bbox 1295 2134 1355 2174; x_wconf 88' lang='lat' dir='ltr'>ait</span> <span class='ocrx_word' id='word_1_222' title='bbox 1388 2135 1514 2177; x_wconf 88' lang='lat' dir='ltr'>Paul.</span> 
     </span>
     <span class='ocr_line' id='line_1_27' title="bbox 59 2205 1515 2263; baseline -0.002 -13"><span class='ocrx_word' id='word_1_223' title='bbox 59 2208 111 2250; x_wconf 89' lang='lat' dir='ltr'>de</span> <span class='ocrx_word' id='word_1_224' title='bbox 139 2208 324 2258; x_wconf 84' lang='lat' dir='ltr'>Viduis3</span> <span class='ocrx_word' id='word_1_225' title='bbox 358 2216 401 2249; x_wconf 93' lang='lat' dir='ltr'>et</span> <span class='ocrx_word' id='word_1_226' title='bbox 431 2209 493 2249; x_wconf 85' lang='lat' dir='ltr'>ita</span> <span class='ocrx_word' id='word_1_227' title='bbox 527 2208 771 2263; x_wconf 88' lang='lat' dir='ltr'>Episcopos</span> <span class='ocrx_word' id='word_1_228' title='bbox 804 2205 1195 2246; x_wconf 89' lang='lat' dir='ltr'>administrandum</span> <span class='ocrx_word' id='word_1_229' title='bbox 1228 2220 1305 2261; x_wconf 90' lang='lat' dir='ltr'>per</span> <span class='ocrx_word' id='word_1_230' title='bbox 1339 2207 1515 2262; x_wconf 89' lang='lat' dir='ltr'>seipsos,</span> 
     </span>
     <span class='ocr_line' id='line_1_28' title="bbox 60 2280 992 2339; baseline -0.008 -15"><span class='ocrx_word' id='word_1_231' title='bbox 60 2297 142 2323; x_wconf 91' lang='lat' dir='ltr'>non</span> <span class='ocrx_word' id='word_1_232' title='bbox 163 2298 243 2339; x_wconf 89' lang='lat' dir='ltr'>per</span> <span class='ocrx_word' id='word_1_233' title='bbox 266 2283 384 2330; x_wconf 89' lang='lat' dir='ltr'>alios,</span> <span class='ocrx_word' id='word_1_234' title='bbox 409 2282 536 2322; x_wconf 91' lang='lat' dir='ltr'>sicuti</span> <span class='ocrx_word' id='word_1_235' title='bbox 560 2280 761 2337; x_wconf 85' lang='lat' dir='ltr'>Apostoli</span> <span class='ocrx_word' id='word_1_236' title='bbox 785 2280 992 2320; x_wconf 87' lang='lat' dir='ltr'>fecerunt.</span> 
     </span>
    </p>

    <p class='ocr_par' dir='ltr' id='par_1_4' title="bbox 59 2351 1522 2771">
     <span class='ocr_line' id='line_1_29' title="bbox 118 2351 1522 2408; baseline -0.004 -12"><span class='ocrx_word' id='word_1_237' title='bbox 118 2355 347 2396; x_wconf 86' lang='lat' dir='ltr'>Generalis</span> <span class='ocrx_word' id='word_1_238' title='bbox 368 2353 754 2395; x_wconf 83' lang='lat' dir='ltr'>Minorum--Non</span> <span class='ocrx_word' id='word_1_239' title='bbox 788 2352 932 2408; x_wconf 89' lang='lat' dir='ltr'>placet</span> <span class='ocrx_word' id='word_1_240' title='bbox 962 2351 1196 2398; x_wconf 87' lang='lat' dir='ltr'>decretum,</span> <span class='ocrx_word' id='word_1_241' title='bbox 1221 2351 1326 2405; x_wconf 88' lang='lat' dir='ltr'>quia</span> <span class='ocrx_word' id='word_1_242' title='bbox 1356 2351 1522 2393; x_wconf 92' lang='lat' dir='ltr'>multos</span> 
     </span>
     <span class='ocr_line' id='line_1_30' title="bbox 60 2423 1516 2478; baseline -0.003 -9"><span class='ocrx_word' id='word_1_243' title='bbox 60 2426 260 2469; x_wconf 84' lang='lat' dir='ltr'>offendet.</span> <span class='ocrx_word' id='word_1_244' title='bbox 322 2427 483 2468; x_wconf 85' lang='lat' dir='ltr'>Dicant</span> <span class='ocrx_word' id='word_1_245' title='bbox 510 2427 637 2473; x_wconf 89' lang='lat' dir='ltr'>enim,</span> <span class='ocrx_word' id='word_1_246' title='bbox 659 2425 768 2466; x_wconf 91' lang='lat' dir='ltr'>nihil</span> <span class='ocrx_word' id='word_1_247' title='bbox 800 2424 944 2464; x_wconf 85' lang='lat' dir='ltr'>minus</span> <span class='ocrx_word' id='word_1_248' title='bbox 974 2423 1068 2478; x_wconf 86' lang='lat' dir='ltr'>agis</span> <span class='ocrx_word' id='word_1_249' title='bbox 1091 2437 1223 2478; x_wconf 89' lang='lat' dir='ltr'>quam</span> <span class='ocrx_word' id='word_1_250' title='bbox 1248 2429 1297 2462; x_wconf 91' lang='lat' dir='ltr'>ut</span> <span class='ocrx_word' id='word_1_251' title='bbox 1319 2424 1429 2464; x_wconf 89' lang='lat' dir='ltr'>serio</span> <span class='ocrx_word' id='word_1_252' title='bbox 1451 2439 1516 2464; x_wconf 90' lang='lat' dir='ltr'>re-</span> 
     </span>
     <span class='ocr_line' id='line_1_31' title="bbox 59 2495 1517 2550; baseline -0.001 -10"><span class='ocrx_word' id='word_1_253' title='bbox 59 2500 239 2542; x_wconf 83' lang='lat' dir='ltr'>sideant.</span> <span class='ocrx_word' id='word_1_254' title='bbox 302 2500 391 2541; x_wconf 93' lang='lat' dir='ltr'>Tot</span> <span class='ocrx_word' id='word_1_255' title='bbox 421 2501 533 2541; x_wconf 90' lang='lat' dir='ltr'>enim</span> <span class='ocrx_word' id='word_1_256' title='bbox 568 2506 669 2539; x_wconf 91' lang='lat' dir='ltr'>sunt</span> <span class='ocrx_word' id='word_1_257' title='bbox 704 2512 845 2538; x_wconf 74' lang='lat' dir='ltr'>causa:</span> <span class='ocrx_word' id='word_1_258' title='bbox 878 2510 1094 2550; x_wconf 76' lang='lat' dir='ltr'>expressae</span> <span class='ocrx_word' id='word_1_259' title='bbox 1130 2495 1355 2545; x_wconf 73' lang='lat' dir='ltr'>absentiae,</span> <span class='ocrx_word' id='word_1_260' title='bbox 1378 2503 1421 2538; x_wconf 92' lang='lat' dir='ltr'>et</span> <span class='ocrx_word' id='word_1_261' title='bbox 1453 2504 1517 2539; x_wconf 91' lang='lat' dir='ltr'>tot</span> 
     </span>
     <span class='ocr_line' id='line_1_32' title="bbox 61 2568 1516 2629; baseline -0.001 -16"><span class='ocrx_word' id='word_1_262' title='bbox 61 2573 310 2629; x_wconf 84' lang='lat' dir='ltr'>privilegia,</span> <span class='ocrx_word' id='word_1_263' title='bbox 333 2574 424 2621; x_wconf 84' lang='lat' dir='ltr'>&amp;c.,</span> <span class='ocrx_word' id='word_1_264' title='bbox 448 2579 498 2612; x_wconf 94' lang='lat' dir='ltr'>ut</span> <span class='ocrx_word' id='word_1_265' title='bbox 529 2572 563 2611; x_wconf 92' lang='lat' dir='ltr'>si</span> <span class='ocrx_word' id='word_1_266' title='bbox 595 2570 702 2626; x_wconf 90' lang='lat' dir='ltr'>quid</span> <span class='ocrx_word' id='word_1_267' title='bbox 733 2585 785 2611; x_wconf 88' lang='lat' dir='ltr'>ex</span> <span class='ocrx_word' id='word_1_268' title='bbox 812 2570 864 2609; x_wconf 90' lang='lat' dir='ltr'>iis</span> <span class='ocrx_word' id='word_1_269' title='bbox 886 2583 967 2608; x_wconf 92' lang='lat' dir='ltr'>non</span> <span class='ocrx_word' id='word_1_270' title='bbox 989 2568 1124 2623; x_wconf 90' lang='lat' dir='ltr'>possit</span> <span class='ocrx_word' id='word_1_271' title='bbox 1147 2568 1348 2617; x_wconf 82' lang='lat' dir='ltr'>obtineri,</span> <span class='ocrx_word' id='word_1_272' title='bbox 1372 2571 1516 2611; x_wconf 87' lang='lat' dir='ltr'>statim</span> 
     </span>
     <span class='ocr_line' id='line_1_33' title="bbox 60 2639 1514 2695; baseline -0.002 -10"><span class='ocrx_word' id='word_1_273' title='bbox 60 2644 201 2687; x_wconf 88' lang='lat' dir='ltr'>dicent</span> <span class='ocrx_word' id='word_1_274' title='bbox 220 2661 264 2686; x_wconf 89' lang='lat' dir='ltr'>se</span> <span class='ocrx_word' id='word_1_275' title='bbox 283 2660 369 2686; x_wconf 91' lang='lat' dir='ltr'>non</span> <span class='ocrx_word' id='word_1_276' title='bbox 391 2645 529 2685; x_wconf 89' lang='lat' dir='ltr'>teneri</span> <span class='ocrx_word' id='word_1_277' title='bbox 550 2643 604 2684; x_wconf 91' lang='lat' dir='ltr'>ad</span> <span class='ocrx_word' id='word_1_278' title='bbox 627 2642 938 2683; x_wconf 86' lang='lat' dir='ltr'>Residentiam.</span> <span class='ocrx_word' id='word_1_279' title='bbox 990 2639 1119 2689; x_wconf 86' lang='lat' dir='ltr'>Quod</span> <span class='ocrx_word' id='word_1_280' title='bbox 1142 2639 1195 2680; x_wconf 86' lang='lat' dir='ltr'>ad</span> <span class='ocrx_word' id='word_1_281' title='bbox 1217 2642 1514 2695; x_wconf 88' lang='lat' dir='ltr'>quaestionem,</span> 
     </span>
     <span class='ocr_line' id='line_1_34' title="bbox 60 2713 1516 2771; baseline -0.003 -10"><span class='ocrx_word' id='word_1_282' title='bbox 60 2718 182 2760; x_wconf 82' lang='lat' dir='ltr'>credo</span> <span class='ocrx_word' id='word_1_283' title='bbox 217 2734 365 2761; x_wconf 87' lang='lat' dir='ltr'>veram</span> <span class='ocrx_word' id='word_1_284' title='bbox 402 2733 493 2759; x_wconf 89' lang='lat' dir='ltr'>esse</span> <span class='ocrx_word' id='word_1_285' title='bbox 526 2717 635 2757; x_wconf 90' lang='lat' dir='ltr'>hanc</span> <span class='ocrx_word' id='word_1_286' title='bbox 671 2715 1024 2771; x_wconf 88' lang='lat' dir='ltr'>propositionem,</span> <span class='ocrx_word' id='word_1_287' title='bbox 1062 2713 1177 2768; x_wconf 88' lang='lat' dir='ltr'>quod</span> <span class='ocrx_word' id='word_1_288' title='bbox 1214 2714 1268 2754; x_wconf 90' lang='lat' dir='ltr'>sit</span> <span class='ocrx_word' id='word_1_289' title='bbox 1309 2714 1363 2755; x_wconf 88' lang='lat' dir='ltr'>de</span> <span class='ocrx_word' id='word_1_290' title='bbox 1405 2716 1516 2757; x_wconf 87' lang='lat' dir='ltr'>Jure</span> 
     </span>
    </p>
   </div>
  </div>
 </body>
</html>
