1905 3254
346 262 401 303 38
979 276 1090 306 sess.
1116 277 1158 307 11.

347 386 586 426 necessaria
607 385 876 426 videbuntur
905 384 960 425 ad
983 383 1220 425 Catholicae
1243 383 1344 424 fidei
1372 381 1607 422 doctrinam
1635 381 1800 423 stabili-

347 459 518 507 endam,
543 465 675 514 atque
697 458 752 499 ad
771 473 939 500 morum
960 458 1259 514 integritatem
1280 457 1608 498 restituendam.

406 532 470 574 Ut
496 540 644 573 autem
666 531 760 582 hoc,
777 532 873 572 Deo
891 531 1011 578 duce,
1030 531 1356 588 aggrediamur,
1377 531 1515 570 visum
1539 537 1604 570 est
1624 544 1800 585 magno—

347 620 452 660 pere
481 605 642 646 referre
671 604 726 645 ad
746 604 983 645 doctrinam
1015 604 1069 644 de
1091 604 1173 644 fide
1207 605 1251 644 in
1273 618 1396 644 suam
1419 603 1658 658 puritatem
1679 601 1801 643 resti-

348 679 574 728 tuendam,
607 686 654 720 ut
674 679 789 727 libri,
814 694 838 719 a
860 678 991 720 variis
1012 677 1275 719 authoribus
1301 683 1401 732 post
1423 683 1598 717 exortas
1618 675 1803 716 haereses

347 753 512 809 scripti,
542 761 673 810 atque
710 754 843 794 etiam
872 752 1084 793 librorum
1127 766 1317 792 censurae
1354 751 1395 790 in
1432 749 1615 791 diversis
1647 749 1749 790 locis
1779 764 1804 789 a

349 824 588 866 Catholicis
618 825 749 866 editze
780 825 1096 871 examinentur,
1130 824 1183 864 de
1211 823 1372 879 quibus
1407 821 1622 877 quidquid
1654 828 1805 861 sancta

349 897 551 953 Synodus
580 898 803 945 statuerit,
838 904 1049 952 tanquam
1087 898 1414 937 Sacrosanctum
1450 895 1690 935 Decretum
1726 908 1805 934 suo

348 976 546 1025 tempore
569 970 886 1025 publicabitur,
904 976 955 1010 ut
984 970 1039 1010 ab
1061 970 1263 1010 omnibus
1286 969 1454 1023 absque
1478 967 1570 1008 ulla
1590 968 1804 1023 tergiver-

347 1043 512 1083 satione
554 1042 839 1091 custodiatur,
880 1056 1013 1097 super
1053 1056 1142 1097 qua
1189 1056 1234 1082 re
1282 1042 1548 1097 quicumque
1591 1054 1670 1095 pro
1711 1041 1806 1095 ejus

347 1116 528 1158 faciliori
559 1115 836 1172 expeditione
868 1115 1038 1171 aliquid
1082 1115 1235 1156 afferre
1268 1114 1470 1158 voluerit,
1503 1114 1689 1155 libenter
1730 1129 1805 1155 au-

346 1189 533 1232 dientur.

407 1264 481 1305 Ad
510 1264 604 1305 haec
637 1264 719 1305 rite
750 1263 1043 1320 dijudicanda,
1067 1270 1117 1305 ut
1144 1270 1351 1304 vocentur
1384 1276 1529 1303 omnes
1556 1276 1609 1302 ex
1636 1261 1808 1302 decreto

349 1345 509 1380 sanctae
539 1338 715 1396 Synodi,
749 1345 1082 1379 consentaneum
1105 1337 1194 1379 fore
1217 1336 1577 1384 existimavimus,
1611 1335 1664 1376 ad
1698 1351 1809 1391 quos

348 1414 531 1454 istarum
570 1427 718 1453 rerum
754 1412 906 1467 aliqua
936 1411 1154 1466 pertinere
1189 1425 1366 1465 quoquo
1402 1409 1529 1449 modo
1563 1416 1722 1465 potest,
1752 1424 1807 1450 ne

351 1485 555 1540 deinceps
575 1483 794 1525 inauditos
815 1499 860 1525 se
881 1499 972 1525 esse
994 1484 1298 1524 condemnatos
1320 1483 1520 1523 excusari
1542 1483 1720 1538 possint.
1818 1476 1821 1477 ⁷

408 1559 508 1600 Non
531 1559 586 1600 ab
615 1573 661 1599 re
683 1573 857 1613 quoque
880 1559 1137 1613 putavimus
1159 1572 1264 1604 esse,
1287 1572 1446 1604 omneS,
1471 1557 1549 1611 qui
1565 1556 1607 1597 in
1624 1556 1809 1598 haereses

350 1632 752 1688 quascunquelapsi
773 1638 887 1679 sunt,
905 1637 950 1672 et
971 1631 1113 1673 adhuc
1128 1631 1286 1671 irretiti
1299 1637 1414 1680 sunt,
1428 1629 1482 1670 ad
1499 1630 1809 1685 poenitentiam

350 1706 549 1752 invitare,
580 1721 676 1747 cum
717 1704 828 1746 salvi
869 1704 1108 1745 conductus
1145 1704 1292 1758 ampla
1321 1703 1600 1750 concessione,
1638 1709 1681 1743 et
1713 1717 1811 1758 pro-

351 1780 553 1820 missione
598 1793 773 1834 magnae
805 1783 848 1818 et
880 1777 1116 1833 singularis
1159 1775 1399 1817 clementiae
1433 1781 1477 1815 et
1511 1773 1809 1830 benignitatis,

350 1854 476 1895 modo
491 1852 674 1894 redeant
690 1851 745 1893 ad
766 1866 848 1899 cor,
865 1857 910 1892 et
930 1856 1089 1891 sanetae
1111 1849 1322 1891 Ecclesiae
1340 1848 1535 1889 divinam
1551 1854 1810 1904 potestatem

352 1934 598 1984 agnoscant.

409 2003 522 2044 Tam
544 2016 676 2058 super
696 2001 823 2042 modo
836 2001 1041 2042 facilioris
1063 1999 1351 2055 expeditionis
1368 1997 1580 2039 examinis
1596 1997 1810 2038 librorum

352 2083 395 2117 et
421 2089 713 2122 censurarum,
750 2089 883 2129 quam
916 2087 1050 2129 super
1094 2072 1203 2118 aliis,
1236 2086 1334 2127 quae
1370 2076 1626 2125 sequuntur,
1659 2071 1812 2111 Patres

352 2156 583 2205 postquam
606 2147 739 2203 hujus
760 2147 909 2203 scripti
937 2145 1186 2201 exemplum
1216 2144 1472 2198 acceperint,
1506 2150 1549 2184 et
1571 2142 1810 2184 considera-

354 2223 509 2269 verint,
533 2221 677 2262 dicent
698 2220 936 2261 sententias
957 2233 1057 2259 suas
1072 2218 1115 2258 in
1138 2217 1338 2272 sequenti
1362 2216 1723 2272 Congregatione.

411 2296 515 2337 Post
544 2294 637 2335 haec
659 2295 933 2335 Mantuanus
953 2292 1041 2332 duo
1068 2291 1153 2331 sibi
1182 2305 1279 2331 cum
1302 2290 1504 2346 patribus
1526 2290 1696 2346 agenda
1717 2305 1811 2331 nar-

352 2376 446 2420 rat3
480 2369 671 2425 primum
694 2374 745 2409 ut
765 2367 1027 2408 laboriosum
1052 2379 1231 2405 annonae
1264 2364 1473 2419 parandae
1498 2380 1671 2413 munus,
1695 2363 1813 2419 quod

352 2443 443 2485 solo
471 2442 692 2497 Episcopo
734 2440 924 2482 Cavensi
968 2438 1274 2479 Commissario
1310 2439 1533 2486 incumbit,
1576 2454 1672 2479 cum
1717 2439 1814 2479 aliis

353 2517 485 2558 etiam
507 2516 672 2572 partito
693 2529 820 2555 onere
842 2512 1182 2554 communicetur
1202 2528 1209 2551 :
1242 2511 1415 2552 Deinde
1438 2519 1488 2553 ut
1509 2519 1655 2568 patres
1677 2511 1814 2567 aliqui

355 2590 621 2646 deligantur,
643 2589 719 2644 qui
740 2586 942 2629 mandata
964 2585 1208 2627 absentium
1232 2585 1481 2639 suscipiant,
1514 2585 1814 2626 excusationes

354 2664 517 2718 legant,
549 2668 681 2718 atque
703 2661 758 2701 ad
778 2661 948 2716 legatos
970 2658 1186 2707 referant3
1221 2672 1306 2711 quo
1327 2664 1501 2713 postea,
1515 2658 1551 2697 si
1579 2672 1648 2698 res
1664 2663 1813 2713 postu-

354 2735 529 2782 laverit,
544 2735 589 2774 in
613 2731 784 2789 Synodo
805 2737 1117 2787 proponantur.
1153 2729 1316 2771 Omnes
1337 2730 1483 2771 statim
1501 2744 1545 2770 se
1566 2730 1813 2785 legatorum

356 2807 635 2848 nominationi
656 2819 903 2848 assensuros
924 2803 1141 2845 dixerunt.
1193 2802 1267 2843 Illi
1288 2804 1438 2858 paucis
1454 2804 1565 2845 inter
1583 2818 1628 2844 se
1649 2802 1816 2844 collatis
