1905 3254
341 310 426 349 (3112
952 328 1060 359 sess.
1086 329 1181 358 riu.

347 431 577 486 quicquam
602 432 655 473 de
679 432 912 473 Oratorum
947 433 1224 488 Principibus
1256 432 1601 489 exprimendum,
1637 432 1799 488 quibus

347 519 400 544 ex
423 506 564 559 gratia
584 513 756 547 tantum
779 507 1063 562 permittitur,
1088 513 1138 547 ut
1170 508 1337 562 possint
1368 507 1799 563 Congregationibus

345 578 566 626 interesse,
595 580 756 620 nedum
789 588 840 621 ut
872 581 1039 636 possint
1068 580 1233 636 aliquid
1261 596 1514 636 proponere.
1577 582 1733 637 Itaque
1754 583 1799 622 in

346 650 432 691 alio
464 653 658 706 persistit
695 654 869 701 Orator,
910 659 961 693 ut
1001 653 1176 693 sublata
1215 653 1431 694 mentione
1466 654 1716 702 Oratorum,
1752 652 1799 694 id

345 722 498 763 saltem
517 724 732 765 Praelatis¹
749 724 1029 765 concedatur:
1062 724 1222 779 Legati
1238 724 1461 779 replicant,
1475 739 1552 765 nee
1573 724 1618 764 id
1639 724 1799 765 Praela-

343 795 398 835 tis
432 796 732 845 tribuendum,
764 797 940 853 quando
970 797 1011 837 id
1045 804 1215 837 tantum
1246 797 1428 852 Legatis
1463 804 1693 853 competat,
1721 798 1802 852 qui

343 869 579 922 praesident
594 887 603 918 ;
635 877 679 909 et
701 885 885 924 quorum
911 869 1136 924 proprium
1162 884 1321 908 munus
1342 876 1406 909 est
1428 870 1690 910 auctoritate
1721 885 1799 910 sua

343 944 539 996 negare.2
563 942 770 997 dirigere,
795 950 837 982 et
853 941 1118 982 excutienda
1139 941 1324 982 tradere.

401 1014 598 1055 Tandem
622 1030 718 1055 eum
744 1015 909 1069 aliquot
929 1015 1127 1055 formulae
1151 1015 1406 1070 conscriptae
1431 1022 1586 1064 essent,
1611 1031 1798 1071 quarum

343 1102 478 1141 supra
500 1094 564 1127 est
587 1088 903 1142 exemplum—-

346 1218 548 1265 Decreta
574 1221 728 1282 prima
753 1221 981 1275 clausula,
1008 1221 1383 1283 proponentibus
1407 1219 1606 1282 Legatis.
1663 1225 1692 1267 3
1717 1220 1796 1267 fol.

341 1344 494 1398 —-ipse
538 1344 695 1384 Comes
738 1360 763 1384 a
808 1344 939 1384 Luna
977 1344 1114 1384 mittit
1153 1359 1231 1399 per
1271 1344 1532 1384 Auditorem
1569 1343 1800 1386 formulam

341 1416 561 1471 quandam
598 1416 794 1471 Legatis,
830 1417 947 1457 aiens
973 1417 1035 1456 ita
1063 1431 1106 1456 se
1130 1416 1173 1455 in
1196 1416 1412 1456 mandatis
1433 1431 1457 1457 a
1476 1417 1601 1472 Rege
1624 1416 1799 1465 habere,

341 1496 390 1529 ut
412 1505 462 1530 ea
493 1497 772 1545 proponatur.
835 1491 998 1545 Legati
1032 1496 1255 1530 accersunt
1290 1490 1433 1529 varios
1468 1490 1607 1536 Illum,
1633 1506 1680 1530 ac
1714 1490 1799 1530 for-

345 1562 461 1602 mul-21
494 1578 590 1602 cum
624 1563 676 1603 iis
709 1562 1036 1609 communicata,
1070 1577 1274 1617 magnam
1305 1562 1640 1617 deprehendunt
1672 1564 1717 1603 in
1750 1563 1803 1603 iis

341 1635 696 1676 reluctationem:
730 1635 958 1691 indignum
981 1636 1093 1675 enini
1116 1635 1351 1676 videbatur
1375 1636 1609 1691 quicquam
1643 1636 1724 1677 hac
1741 1636 1800 1677 de

341 1722 400 1755 re,
425 1708 558 1748 semel
582 1724 606 1748 a
630 1709 789 1749 Sancta
813 1708 985 1764 Synodo
1016 1708 1195 1755 sancita,
1230 1707 1420 1763 amplius
1453 1716 1675 1764 repetere:
1708 1710 1802 1764 ipsa

341 1789 559 1836 praeterea
591 1782 779 1823 formula
806 1784 861 1823 ob
899 1783 1111 1839 quasdam
1146 1784 1190 1823 in
1223 1798 1273 1824 ea
1298 1784 1517 1824 clausulas
1540 1784 1727 1825 maxime
1749 1785 1802 1824 iis

339 1842 613 1910 displicebat.
694 1856 787 1896 Ubi
822 1856 984 1912 Legati
1026 1857 1294 1911 intelligunt,
1328 1872 1412 1896 non
1452 1872 1577 1911 posse
1618 1872 1662 1898 se
1702 1873 1799 1898 cum

342 1928 527 1968 Oratore
563 1929 687 1969 facile
720 1929 961 1977 convenire,
996 1929 1351 1985 repugnantibus
1385 1930 1602 1976 Praelatis,
1626 1945 1735 1985 quos
1757 1931 1800 1971 in

340 2002 563 2042 consilium
596 2001 900 2049 adhibuerant,
938 2002 1150 2057 incipiunt
1182 2001 1439 2056 diligentius
1474 2002 1619 2043 literas
1657 2003 1726 2043 Smi
1747 2003 1803 2044 ad

341 2090 412 2115 eos
444 2075 626 2130 scriptas
660 2075 740 2115 hac
772 2075 824 2115 de
860 2090 904 2115 re
938 2074 1152 2121 evolvere,
1188 2081 1444 2129 veteresque
1474 2075 1800 2127 instructiones3

340 2147 658 2202 inveniuntque
680 2147 723 2187 in
756 2148 894 2188 literis
917 2147 987 2187 Sm³
1009 2147 1181 2201 scriptis
1203 2162 1349 2187 mense
1373 2147 1482 2188 Maii
1512 2149 1555 2189 id
1582 2150 1800 2197 contineri,

342 2226 392 2260 ut
419 2220 592 2275 Synodo
614 2220 859 2275 significent
881 2226 1068 2259 mentem
1093 2220 1343 2260 Sanctitatis
1365 2236 1469 2269 suae,
1485 2229 1533 2262 ut
1557 2221 1801 2264 Concilium

346 2292 524 2348 plenam
547 2292 797 2332 libertatem
820 2292 1021 2332 retineat.
1085 2291 1250 2331 Idcirco
1273 2292 1435 2347 Synodi
1473 2295 1653 2335 arbitrio
1675 2297 1801 2337 relin-

343 2378 478 2418 quere
501 2364 617 2409 velit,
640 2378 693 2403 ne
736 2363 869 2403 verba
899 2362 989 2410 illa,
1024 2363 1374 2417 proponentibus
1401 2363 1598 2419 Legatis,
1628 2374 1705 2408 aut
1727 2367 1799 2408 de-

342 2437 520 2484 clarare,
558 2443 635 2477 aut
663 2436 795 2476 etiam
825 2435 1010 2476 auferre.
1074 2434 1189 2475 Cum
1225 2436 1363 2491 igitur
1393 2435 1550 2478 Comes
1582 2438 1802 2481 Lunensis

343 2509 528 2549 misisset
551 2509 606 2549 ad
627 2508 820 2564 Legatos
841 2508 1113 2562 Episcopum
1133 2509 1392 2549 Auricnsem
1412 2516 1456 2549 et
1472 2510 1798 2560 Civitatensem,

344 2581 421 2636 qui
444 2582 499 2621 ab
521 2581 582 2621 eis
604 2581 712 2636 quid
734 2580 955 2636 agendum
984 2587 1108 2628 esset,
1143 2580 1454 2636 intelligerent,
1478 2583 1638 2638 Legati
1674 2586 1802 2641 plene

343 2653 440 2693 illos
462 2654 596 2694 totius
630 2653 795 2708 negotii
819 2653 1075 2702 admonent,-
1108 2660 1150 2694 et
1172 2653 1344 2708 quando
1368 2654 1524 2696 Comes
1549 2657 1642 2712 ipse
1664 2664 1798 2699 trans-
1846 2710 1851 2714 ι

344 2724 467 2779 gredi
488 2740 532 2765 se
556 2725 693 2780 Regis
714 2725 779 2765 sui
801 2725 1007 2766 mandata
1025 2740 1111 2765 non
1128 2740 1250 2781 posse
1269 2726 1466 2774 affirmat,
1483 2743 1608 2784 aeque
1622 2744 1699 2772 nec
1714 2730 1795 2771 Le-

576 2840 585 2857 ¹
611 2838 736 2875 Praecl⁵‚
753 2839 824 2871 MS.
1045 2836 1058 2855 ²
1075 2840 1166 2878 Nege,
1186 2840 1274 2877 MS.;
1300 2840 1426 2881 perhaps
1440 2842 1571 2881 negotia.
