1905 3254
392 263 446 303 30
1047 277 1160 308 sess.
1185 278 1212 306 1.

393 383 633 425 servandus
669 388 808 432 esset3
841 381 1060 438 simulque
1081 382 1216 422 verba
1248 381 1479 435 utriusque
1510 379 1672 420 decreti
1701 394 1751 420 eo
1781 379 1851 420 die

391 455 728 511 promulganda,
751 470 805 496 an
825 456 887 496 ita
913 455 1114 510 patribus
1146 454 1451 509 probarentur.
1513 453 1585 493 Ea
1616 460 1739 493 erant
1770 452 1848 511 huf

388 527 598 582 Jusmodi.

857 600 1075 646 Primum
1104 599 1379 645 Decretum.

450 694 548 735 Ill¹nni
568 701 612 735 et
638 695 777 736 Revmi
798 695 902 744 Dni,
925 694 1267 750 Reverendique
1294 695 1462 741 Patres,
1491 693 1690 749 placetne
1713 693 1851 742 vobis,

392 767 448 808 ad
485 767 659 809 laudem
702 783 749 809 ac
790 768 973 824 gloriam
1017 769 1190 808 Sanctae
1236 773 1280 807 et
1319 766 1563 807 individuae
1606 767 1851 816 Trinitatis,

391 839 537 880 Patris
560 846 603 880 et
624 839 729 881 Filii
752 846 796 880 et
820 840 1013 895 Spiritus
1038 840 1201 887 Sancti,
1227 839 1282 879 ad
1310 840 1625 880 incrementum
1659 840 1702 880 et
1736 839 1852 879 exal-

391 912 598 953 tationem
620 911 723 952 fidei
757 918 800 952 et
831 913 1057 968 religionis
1081 912 1357 960 Christianae,
1384 913 1563 952 Sacrum
1589 912 1847 952 OEeumeni-

391 1000 488 1025 cum
511 991 555 1025 et
578 984 796 1025 Generale
821 984 1065 1025 Concilium
1087 984 1413 1032 Tridentinum,
1431 985 1475 1024 in
1500 984 1671 1039 Spiritu
1695 985 1852 1026 Sancto

388 1058 586 1112 legitime
625 1063 940 1112 congregatum
973 1057 1029 1097 ab
1056 1057 1268 1098 hodierna
1301 1057 1371 1097 die
1405 1072 1504 1112 quae
1535 1063 1599 1097 est
1623 1057 1674 1096 13
1694 1059 1854 1098 mensis

391 1131 608 1179 Januarii,
642 1145 751 1170 anno
785 1145 809 1170 a
840 1130 1074 1170 nativitate
1107 1130 1289 1170 Domini
1320 1129 1578 1170 MDLXII.
1618 1129 1852 1171 Cathedrae

390 1202 598 1243 Romanae
640 1202 770 1242 Beati
811 1202 934 1242 Petri
975 1203 1288 1257 Apostolorum
1330 1203 1546 1258 Principis
1593 1210 1852 1252 consecrata,

390 1275 566 1315 sublata
599 1289 864 1330 quacunque
898 1275 1195 1330 suspensione,
1216 1279 1348 1330 juxta
1370 1276 1549 1316 formam
1586 1283 1630 1316 et
1661 1283 1854 1316 tenorem

392 1347 663 1388 Sanctissimi
684 1347 776 1387 Dni
798 1347 932 1387 nostri
954 1348 1024 1387 Pii
1048 1347 1126 1388 IV.
1152 1348 1278 1388 Pont.
1304 1348 1442 1396 Max„
1477 1348 1700 1396 celebrari,
1730 1355 1773 1389 et
1809 1348 1853 1389 in

390 1435 441 1460 eo
477 1435 528 1460 ea
561 1419 712 1460 debito
744 1426 914 1460 servato
951 1419 1101 1460 ordine
1138 1421 1326 1468 tractari,
1362 1436 1476 1476 quae,
1505 1421 1855 1477 proponentibus

389 1492 550 1547 legatis
591 1507 639 1533 ac
675 1492 1032 1548 praesidentibuS,
1067 1491 1121 1532 ad
1160 1492 1315 1532 horum
1357 1499 1605 1548 temporum
1645 1492 1856 1533 levandas

390 1564 669 1612 calamitates,
701 1565 958 1606 coercendas
978 1566 1152 1620 linguas
1183 1565 1363 1613 dolosas,
1394 1566 1734 1622 depravatorum
1765 1580 1853 1606 mo-

389 1652 488 1677 rum
529 1638 693 1678 abusus
734 1638 1023 1693 corrigendos,
1060 1639 1249 1679 ecclesiae
1285 1654 1433 1679 veram
1473 1655 1519 1680 ac
1557 1639 1854 1680 Christianam

390 1710 547 1750 Pacem
584 1710 896 1751 conciliandam
933 1717 1051 1765 apta,
1086 1718 1129 1751 et
1165 1711 1333 1760 idonea,
1356 1712 1443 1767 ipsi
1477 1714 1647 1753 Sanctae
1682 1711 1855 1768 Synodo

390 1782 678 1824 videbuntur.

827 1856 1108 1904 Secundum
1136 1855 1411 1903 Decretum.

448 1953 543 1993 Illmi
580 1959 623 1993 et
658 1953 739 1993 Rmi
772 1953 879 2002 Dni,
903 1952 1243 2008 Reverendique
1277 1953 1443 2001 Patres,
1480 1954 1681 2009 placetne
1716 1955 1852 2003 vobis,

389 2026 634 2082 proximam
671 2026 867 2067 futuram
909 2026 1139 2066 sessionem
1180 2025 1429 2066 habendam
1466 2033 1510 2067 et
1546 2028 1852 2069 celebrandam

389 2112 495 2145 esse,
534 2097 644 2137 feria
674 2097 734 2139 Va
777 2104 875 2153 post
916 2097 1150 2138 secundam
1190 2097 1467 2138 Dominicam
1509 2099 1553 2138 in
1595 2099 1852 2155 Quadrage-

388 2170 509 2218 sima,
534 2185 632 2224 quae
656 2170 739 2210 erit
760 2169 851 2210 dies
873 2170 926 2210 26
948 2169 1105 2210 mensis
1125 2169 1371 2210 Februarii.

446 2276 571 2316 Prior
595 2275 842 2316 Cardinalis
866 2274 1148 2316 Madruccius
1183 2273 1429 2315 honorificis
1461 2276 1609 2315 verbis
1641 2276 1854 2317 maximas

388 2365 432 2390 se
466 2350 743 2390 Sanctissimo
765 2349 824 2390 N.
855 2349 1020 2404 gratias
1049 2348 1213 2388 habere
1249 2348 1450 2397 ostendit,
1486 2349 1563 2403 qui
1596 2352 1713 2390 tant-21
1739 2349 1850 2405 vigi-

386 2423 532 2471 lauti-21,
574 2438 621 2463 ac
674 2423 870 2470 caritate,
916 2421 1180 2461 Christianae
1235 2420 1514 2476 Reipublicae
1564 2422 1852 2464 incolumitati

388 2503 522 2551 atque
560 2496 840 2551 amplitudini
877 2494 1076 2543 studeat;
1110 2494 1283 2548 aliaque
1307 2494 1439 2534 etiam
1472 2495 1517 2535 in
1551 2495 1732 2536 eandem
1756 2511 1848 2536 sen-

388 2570 570 2610 tentiam
592 2569 753 2610 dixisse
776 2568 987 2609 creditum
1010 2573 1088 2614 est,
1112 2582 1225 2621 quae,
1249 2582 1345 2607 cum
1380 2568 1593 2608 submissa
1625 2584 1729 2609 voce
1751 2584 1848 2624 per-

388 2640 574 2688 tulisset,
597 2639 706 2680 mihi
742 2654 793 2680 ea
826 2639 998 2693 assequi
1019 2653 1102 2678 non
1124 2638 1262 2679 licuit.
1328 2638 1453 2679 Idem
1491 2640 1649 2694 prioris
1685 2640 1849 2681 decreti

389 2711 526 2750 verba
568 2710 847 2766 approbavit,
880 2710 1041 2764 quibus
1077 2718 1121 2750 et
1154 2711 1301 2750 caeteri
1336 2710 1628 2752 adhaeserunt.
1694 2712 1849 2762 Quoad

389 2780 495 2828 2dum,
531 2797 628 2821 cum
662 2781 718 2822 ab
751 2796 838 2822 uno
871 2788 914 2823 et
948 2782 1083 2823 altero
1124 2797 1177 2823 ex
1214 2783 1420 2837 patribus
1455 2783 1577 2838 prius
1613 2784 1847 2838 quaesitum
