1905 3254
401 267 456 305 ‘30
1052 283 1160 311 sass.
1183 283 1225 311 11.

400 390 586 430 aliorum
631 390 878 444 opinionem*
915 389 1040 429 facile
1074 404 1338 438 concessere;
1384 389 1548 443 aliique
1591 388 1721 443 longo
1763 389 1855 443 ejus

399 463 486 503 diei
509 462 694 503 aliorum
719 463 901 502 Patrum
926 476 1156 517 congressu
1186 462 1420 517 spectando
1442 461 1616 517 fatigati
1649 460 1704 502 ad
1736 476 1787 501 ea
1808 477 1852 502 se

399 535 645 575 retulerunt
684 549 786 589 quae
821 534 983 589 scripta
1017 535 1247 574 secretario
1285 541 1427 574 essent
1467 533 1687 574 tradituri.
1766 533 1857 573 Alii

400 608 656 647 brevissime
680 606 825 653 verbo,
850 606 995 661 placet
1016 606 1253 654 decretum,
1273 605 1603 661 responderunt.

459 679 617 733 Itaque
641 679 866 719 sententiae
890 678 1075 718 Patrum
1100 678 1155 718 ad
1177 678 1327 718 horam
1351 677 1440 717 fere
1464 678 1601 718 noctis
1619 677 1852 718 secundam

404 759 505 792 sunt
533 767 791 807 progressae,
815 766 1005 807 quarum
1033 757 1120 791 tres
1154 758 1324 791 tantum
1357 750 1583 804 praecipue
1618 750 1759 789 visum
1789 756 1856 790 est

402 838 747 870 commemorare,
785 838 809 863 a
837 823 1001 878 quibus
1034 823 1179 863 caeteri
1211 837 1294 862 non
1325 820 1517 861 multum
1541 819 1854 875 discrepavere.

402 897 671 951 Aliquorum
706 903 850 936 tamen
884 896 1094 936 nonnulla
1133 897 1262 936 etiam
1305 895 1443 935 veluti
1486 894 1713 934 corollaria
1755 894 1856 934 sub-

397 974 600 1025 jungam.

461 1043 636 1083 Primus
669 1043 804 1098 igitur
828 1041 1076 1082 Cardinalis
1111 1040 1407 1103 lWIadruqcius,
1434 1041 1673 1088 Proferam,
1701 1041 1856 1095 inquit,

402 1116 542 1157 libere
581 1115 700 1171 quod
738 1115 901 1163 sentio3
934 1129 1034 1154 nam
1069 1114 1150 1154 etsi
1188 1113 1232 1153 in
1269 1112 1441 1154 decreto
1477 1112 1621 1153 omnia
1656 1112 1860 1153 videntur

401 1189 613 1245 expolita,
654 1187 983 1244 prudenterque
1025 1187 1241 1242 apposita,
1283 1187 1491 1241 quoniam
1533 1192 1677 1226 tamen
1715 1192 1858 1241 potest

402 1263 703 1318 unusquisque
726 1277 802 1302 suo
824 1276 950 1301 sensu
975 1259 1131 1315 decipi,
1155 1260 1254 1300 nolo
1276 1275 1417 1315 pauca
1440 1259 1644 1315 quaedam
1679 1266 1858 1315 praeter·

402 1337 575 1377 mittere
600 1351 700 1391 quae
722 1334 829 1375 mihi
853 1335 977 1374 aliter
1000 1333 1259 1388 explicanda
1282 1333 1546 1374 viderentur.
1610 1333 1695 1374 Illa
1710 1341 1856 1374 autem

399 1416 501 1450 sunt
522 1409 635 1449 infra
653 1408 825 1463 scripta,
844 1422 944 1462 quae
970 1422 1023 1447 ex
1052 1405 1296 1461 ejusdemet
1312 1406 1607 1461 Autographo
1622 1406 1858 1463 desumpta

401 1483 606 1523 fuerunt:
644 1482 724 1522 viz.

461 1555 622 1602 Primo,
667 1569 763 1595 cum
806 1553 1052 1594 hebetiores
1095 1553 1260 1607 quique
1302 1551 1578 1607 intelligendi
1625 1552 1856 1593 vivacitate

402 1635 588 1676 careant,
612 1627 801 1683 ideoque
825 1627 1020 1667 dictionis
1043 1626 1248 1665 facilitate
1273 1640 1319 1665 ac
1333 1625 1648 1680 perspicuitate
1671 1626 1859 1666 maxime

401 1702 641 1758 indigeant,
672 1701 727 1741 ab
756 1701 852 1755 ipso
889 1701 978 1740 fere
1011 1698 1171 1739 decreti
1206 1699 1420 1753 principio
1455 1713 1596 1753 usque
1631 1698 1685 1739 ad
1720 1699 1857 1740 illud:

404 1784 429 1798 “
448 1776 603 1816 idcirco
626 1774 822 1821 statuit,''
839 1771 1079 1813 dilucidum
1100 1779 1141 1812 et
1164 1772 1304 1827 magis
1319 1779 1521 1826 apertum
1535 1771 1706 1812 dicendi
1722 1788 1861 1828 genus

402 1851 699 1906 requirerem:
743 1863 842 1903 quae
884 1847 996 1887 enim
1030 1853 1337 1902 proponuntur
1369 1845 1424 1886 ad
1453 1845 1649 1886 fidelium
1678 1847 1861 1888 instruc-

402 1926 562 1965 tionem
585 1922 705 1963 nuda
728 1921 889 1962 debent
910 1935 1002 1961 esse
1024 1926 1066 1960 et
1094 1919 1220 1959 clara.

461 2004 487 2019 ‘⁴‘
513 1996 659 2037 Corda
682 1995 879 2036 fidelium
901 1994 945 2033 in
968 1993 1149 2032 Patres’'
1174 1991 1396 2032 videretur
1411 1991 1641 2032 dicendum
1666 1999 1744 2033 aut
1765 2007 1862 2032 cum

404 2068 641 2119 Malachia,
667 2076 690 2091 ‘⁴
708 2067 838 2109 corda
857 2067 1046 2107 filiorum
1080 2064 1134 2105 ad
1158 2065 1353 2111 Pat1·es,”
1390 2073 1432 2106 et
1467 2065 1535 2105 hic
1557 2073 1703 2122 posset
1731 2065 1862 2106 consi-

403 2143 560 2189 derari,
585 2157 693 2182 num
718 2147 818 2196 apte
840 2146 932 2180 tota
949 2139 1027 2178 illa
1040 2137 1239 2178 clausula
1257 2137 1512 2193 prophetica
1529 2147 1640 2180 esset
1651 2138 1860 2187 iteranda,

403 2224 481 2257 aut
502 2231 600 2256 cum
624 2215 759 2261 Luca,
786 2211 954 2253 “corda
971 2211 1111 2267 patris
1132 2210 1175 2250 in
1199 2210 1349 2251 filios.''

461 2289 535 2329 Ab
550 2303 599 2328 eo
622 2293 646 2308 “
665 2300 852 2341 cumque
866 2284 1122 2340 cognoscat''
1139 2298 1279 2338 usque
1296 2283 1351 2323 ad
1366 2291 1391 2306 “
1403 2283 1560 2325 idcirco
1578 2285 1760 2325 statuit'’
1775 2300 1859 2326 non

401 2362 523 2404 aliud
545 2359 735 2416 quidem,
759 2358 925 2414 judicio
957 2371 1052 2397 meo
1080 2355 1314 2403 inducitur,
1339 2371 1471 2411 quam
1495 2372 1615 2398 mera
1647 2357 1859 2399 librorum

400 2436 525 2491 copia
549 2433 713 2489 [quam]
732 2431 861 2473 multi
883 2435 1232 2485 conquerantur3
1268 2444 1314 2469 ac
1337 2429 1432 2470 ideo
1458 2434 1553 2485 ejus
1578 2445 1761 2471 censura
1774 2430 1859 2472 huc

402 2508 535 2548 fuerit
568 2507 742 2562 rejecta,
788 2511 837 2544 ut
881 2503 968 2543 ullo
1001 2503 1143 2557 rigore
1180 2502 1411 2557 illaqueati
1449 2503 1578 2543 animi
1612 2511 1860 2559 opportuno

403 2580 592 2622 remedio
606 2578 944 2633 explicarentur,
957 2575 1210 2616 viderentur
1225 2574 1483 2631 aliqua'subj
1492 2576 1696 2632 ungenda
1710 2578 1857 2625 verba,

404 2655 566 2710 quibus
586 2652 734 2708 potius
757 2666 854 2706 spes
873 2649 1050 2690 daretur
1073 2649 1260 2704 alicujus
1282 2648 1616 2690 ιηοάθιέῑτῑὶοῃίε.1

454 2760 458 2775 ’·
480 2758 535 2788 All
561 2756 660 2787 rather
687 2760 823 2795 corrupt,
850 2754 905 2783 but
931 2753 1118 2794 susceptible
1144 2753 1177 2783 os
1203 2753 1361 2793 plausible
1386 2754 1595 2783 emendation.
1643 2754 1708 2783 'rho
1735 2754 1810 2785 drist
1837 2755 1861 2784 is

405 2812 501 2852 plain.
547 2810 610 2839 The
627 2808 765 2839 inverted
782 2818 929 2838 commas.
947 2807 1048 2837 which
1067 2817 1115 2837 are
1132 2817 1184 2844 my
1203 2817 1281 2842 own,
1299 2817 1348 2836 are
1365 2806 1513 2835 intended
1530 2811 1560 2835 to
1576 2806 1676 2836 assist.
