1905 3254
343 309 424 349 562
963 322 1073 352 sssss.
1100 322 1174 351 vn.

344 432 386 472 id
406 432 579 486 abipsis
592 437 782 486 petatur.
803 430 854 471 In
864 430 920 476 4⁰,
938 428 1222 485 provideatur
1235 426 1527 482 praesentibus
1542 424 1798 466 titularibus

343 504 396 545 de
435 504 528 544 aliis
563 504 771 545 Ecelesiis
806 502 878 544 vel
909 501 1135 542 Beneficiis
1147 517 1158 550 3
1202 500 1245 540 in
1280 506 1505 555 posterum
1534 506 1677 540 autem
1715 513 1797 538 non

344 578 448 618 fiant
488 578 678 633 amplius
713 577 798 617 isti.
864 576 915 615 In
960 576 1024 621 12,
1057 580 1304 614 reservetur
1336 573 1414 613 hoc
1448 572 1493 612 in
1528 572 1712 613 materia
1743 571 1798 612 de

344 651 552 692 coelibatu
575 649 847 690 sacerdotum
869 648 944 688 &c
991 647 1043 688 In
1061 646 1156 687 aliis
1170 661 1267 686 cum
1281 644 1584 699 LotharingiO.
1630 645 1799 685 Tamen

345 722 448 776 quia
469 737 587 777 saepe
609 722 658 762 fit
678 721 839 762 mentio
857 719 911 760 de
932 719 1266 774 dispensatione,
1290 732 1492 774 cuperem
1523 716 1629 772 eligi
1652 716 1800 772 aliqua

345 794 505 848 capita,
527 794 572 833 in
594 793 757 849 quibus
787 807 1013 847 nunquam
1041 791 1382 847 dispensaretur,
1418 790 1549 830 etiam
1583 805 1636 830 ex
1669 789 1799 829 ratio—

344 867 481 906 nabili
520 881 659 907 causa.
742 865 1009 905 Profitentur
1051 878 1219 919 semper
1263 862 1458 903 debitam
1492 861 1799 909 obedientiam,

346 945 557 993 tanquam
591 938 627 978 si
658 938 701 978 in
735 952 786 978 ea
817 936 918 977 sede
955 942 1068 977 esset
1102 936 1286 976 Sanctus
1320 934 1587 990 Gregorius:
1621 940 1664 974 et
1697 934 1802 988 quia

347 1009 593 1050 Cardinalis
634 1008 844 1049 Moronus
891 1007 1122 1048 affirmavit
1162 1006 1288 1047 nobis
1322 1007 1433 1047 vivae
1466 1006 1580 1046 vocis
1625 1004 1801 1045 oraculo

346 1081 628 1122 Sanctitatem
652 1095 774 1121 suam
810 1081 938 1129 velle,
963 1087 1012 1120 ut
1041 1079 1239 1120 Ecclesia
1272 1078 1548 1125 reformetur,
1568 1077 1705 1132 igitur
1738 1083 1800 1116 te-

344 1169 497 1195 nemur
520 1169 570 1195 ea
587 1154 726 1194 dicere
749 1169 848 1209 quae
871 1152 1008 1193 dictat
1024 1151 1304 1200 conscientia3
1336 1165 1422 1191 non
1444 1150 1555 1191 enim
1577 1149 1802 1204 loquimur

344 1227 397 1268 de
420 1228 615 1283 personis
637 1226 711 1267 sed
733 1226 786 1267 de
807 1227 952 1267 rebus.
1017 1226 1125 1275 Quae
1148 1231 1214 1265 est
1245 1224 1385 1279 igitur
1413 1221 1630 1278 aegritudo
1652 1221 1801 1262 Eccle-

345 1300 446 1340 siae?
506 1300 688 1354 Utique,
720 1313 802 1339 non
834 1298 939 1353 quia
975 1297 1118 1338 desint
1151 1297 1277 1337 bonae
1304 1296 1439 1352 leges,
1474 1294 1551 1336 sed
1582 1294 1687 1349 quia
1718 1308 1802 1334 non

346 1379 587 1414 servantur.
650 1372 750 1412 Hoc
774 1378 919 1411 autem
943 1385 1026 1410 non
1047 1370 1186 1410 oritur
1214 1375 1380 1409 tantum
1414 1383 1467 1408 ex
1499 1367 1672 1407 defectu
1705 1381 1801 1420 pec-

346 1445 551 1493 cantium,
575 1444 681 1500 quia
717 1445 848 1484 etiam
870 1459 955 1483 non
984 1449 1159 1483 servant
1187 1446 1261 1497 jus
1291 1441 1515 1481 naturale:
1549 1438 1799 1494 aliquando,

347 1524 424 1558 aut
454 1519 564 1557 sim.¹
596 1516 674 1556 sed
714 1517 915 1563 maxime,
957 1515 1087 1570 culpa
1117 1515 1256 1554 oritur
1287 1528 1339 1554 ex
1372 1512 1652 1568 induigentia
1676 1511 1803 1552 Sedis

344 1590 526 1645 Aplicae,
551 1596 595 1629 et
623 1589 1023 1644 dispensationibus
1044 1587 1415 1642 frequentissimis,
1439 1586 1495 1633 vi,
1520 1592 1564 1626 et
1584 1586 1799 1639 importu-

342 1664 490 1709 nitate,
514 1661 706 1702 extortis.
769 1659 1035 1700 Remedium
1058 1660 1194 1715 igitur
1215 1666 1293 1706 est,
1316 1665 1366 1699 ut
1388 1659 1432 1698 in
1465 1658 1701 1713 Capitibus
1725 1657 1800 1698 ali-

344 1736 507 1792 quibus
547 1734 851 1781 constituatur,
894 1748 946 1774 ne
982 1732 1263 1788 dispensetur
1297 1733 1428 1773 etiam
1469 1747 1522 1772 ex
1555 1730 1803 1772 rationabili

343 1823 485 1856 causa,
509 1806 647 1848 veluti
668 1821 721 1847 nc
741 1805 870 1846 detur
887 1806 1110 1861 ingressus
1130 1804 1184 1845 ad
1206 1805 1465 1845 beneficium
1482 1803 1670 1844 viventis
1689 1819 1699 1852 3
1732 1802 1803 1843 vel

342 1896 396 1922 ne
413 1888 565 1921 curata
586 1880 746 1920 dentur
770 1886 847 1919 aut
868 1877 1196 1918 commodentur
1211 1877 1527 1918 visitantibus.2
1588 1875 1801 1916 Videmus

344 1960 614 2009 praeceptum
637 1951 916 1992 confessionis
944 1966 1034 1991 esse
1057 1950 1110 1990 de
1141 1951 1241 2005 jure
1263 1949 1424 1991 divino,
1448 1956 1623 2003 teinpus
1655 1953 1800 1988 autem

343 2042 435 2068 esse
457 2027 510 2067 de
529 2031 628 2082 jure
642 2025 846 2065 humano.
881 2023 1009 2074 Quod
1024 2024 1059 2063 si
1073 2022 1507 2078 quisdispensaretur
1523 2021 1579 2061 ab
1594 2020 1798 2067 humano,

344 2107 388 2141 et
409 2100 733 2154 relinqueretur
751 2098 842 2152 juri
876 2096 1038 2144 divino,
1072 2096 1258 2136 dubium
1300 2110 1384 2135 non
1417 2101 1494 2140 est,
1520 2094 1640 2150 quod
1672 2094 1801 2135 etiam

344 2172 584 2212 humanum
608 2175 949 2226 perverteretur,
973 2175 1016 2209 et
1030 2169 1121 2224 juri
1142 2168 1292 2208 divino
1314 2166 1512 2207 laedendo
1535 2165 1679 2207 aditus
1701 2180 1800 2221 ape-

343 2246 516 2286 riretur.
581 2244 651 2284 Sic
682 2244 726 2283 in
757 2241 1031 2283 matrimonio
1063 2240 1398 2281 consummando
1430 2254 1657 2294 nunquam
1691 2245 1802 2280 esset

344 2314 707 2372 dispensandum3
740 2329 818 2354 nec
850 2312 1175 2361 attendendum,
1198 2311 1318 2366 quid³
1349 2312 1393 2351 in
1415 2326 1516 2351 casu
1538 2311 1685 2366 aliquo
1706 2325 1801 2366 par-

347 2389 534 2437 ticulari,
573 2388 651 2429 sed
679 2387 801 2443 quid⁴
823 2387 866 2427 in
900 2386 1138 2434 communi3
1170 2400 1283 2431 nam,
1322 2387 1473 2439 aperta
1499 2388 1650 2439 janua,
1679 2382 1802 2424 facile

346 2462 490 2502 omnia
528 2460 827 2502 recluduntur.
892 2458 1246 2499 Circumstantiae
1284 2457 1464 2498 infinitae
1507 2463 1633 2506 sunt,
1685 2462 1728 2496 et
1768 2456 1802 2495 si

346 2534 479 2575 semel
518 2534 627 2574 bene
670 2532 960 2587 dispensetur,
1003 2532 1164 2586 saepius
1205 2530 1249 2570 id
1286 2531 1362 2570 fiet
1400 2529 1540 2569 male:
1572 2543 1671 2569 nam
1710 2527 1801 2568 haec

390 2666 396 2683 ¹
425 2666 437 2694 l
455 2666 494 2694 do
510 2668 563 2694 not
577 2663 691 2704 supply
708 2663 758 2692 the
773 2662 947 2692 remainder
961 2673 968 2699 3
992 2662 1037 2692 for
1055 2661 1104 2691 the
1121 2660 1218 2690 whole
1233 2665 1374 2689 sentence
1390 2660 1415 2689 is
1431 2660 1568 2690 obscure.

385 2727 397 2743 2
422 2724 486 2753 The
502 2723 585 2753 word
603 2722 627 2752 is
642 2732 714 2760 very
731 2720 871 2757 similam
898 2721 954 2749 but
972 2721 982 2749 1
1001 2719 1137 2749 hesitare.
1185 2719 1242 2747 See
1257 2719 1335 2748 Sess.
1356 2719 1430 2747 vll.
1449 2718 1488 2747 de
1506 2718 1573 2747 Res.
1592 2728 1619 2746 c.
1636 2716 1690 2746 vii.

387 2782 399 2798 3
424 2782 530 2816 Quod,
547 2782 619 2810 MS.

389 2841 400 2856 ⁴¹
425 2840 528 2876 Quod,
548 2839 615 2868 MS.
