1905 3254
0 237 5 331 Ξ
661 282 773 313 snss.
800 282 875 313 ιἰι.
1416 271 1500 311 413

0 348 4 376 ι

0 379 5 440 ἰ
46 389 184 445 reipsa
215 387 402 430 resideat
434 403 636 431 reversus
665 390 779 431 intra
808 390 1026 432 Diocesim
1059 391 1253 448 elegerit,
1277 408 1400 448 posse
1423 393 1497 434 ab·

0 444 5 512 l
46 462 179 503 solvi.¹
241 461 314 502 Ad
335 461 441 509 haec,
475 469 526 503 ut
545 462 719 518 plenius
741 477 788 504 ac
812 463 983 504 facilius
1003 463 1134 505 iidem
1157 465 1369 521 Episcopi
1390 465 1497 506 resi-

0 513 4 584 }
44 534 190 576 dentes
209 549 368 575 munus
389 549 514 575 suum
538 534 592 575 ad
614 535 825 576 commissi
858 535 942 576 sibi
972 537 1120 592 gregis
1141 537 1378 578 utilitatem
1402 552 1499 593 pos-

0 587 3 594 ι

44 607 126 648 sint
158 621 369 655 exercere,
393 614 556 662 praeter
577 622 629 648 ca
650 607 795 648 onmia
822 622 921 662 quae
945 608 1041 648 Sm¹¹⁵
1062 608 1118 647 D.
1142 609 1200 649 N.
1226 609 1331 649 Pius
1354 610 1432 650 IV.
1457 610 1499 650 in

0 611 3 632 Ι

0 642 5 790 ἒ
42 679 262 736 praedictis
277 680 415 722 literis
435 681 526 721 suis
542 680 656 722 datis
679 679 819 737 pridie
843 681 900 720 N.
923 682 1194 737 Septembris
1212 696 1322 722 anno
1340 682 1494 737 primo,

42 753 102 795 eis
132 768 329 794 concessa
361 768 452 794 esse
483 753 636 802 voluit,
669 753 797 794 liceat
822 753 947 794 eisin
970 755 1304 811 quibuscunque
1327 755 1498 796 casibus

0 795 4 880 l
43 825 142 868 Sedi
180 826 441 881 Apostolicae
478 827 727 874 reservatis,
762 833 1061 882 praeterquam
1098 827 1418 883 comprehensis
1453 828 1497 869 in

0 891 1 905 ¹
41 899 172 940 Bulla
189 900 230 940 in
254 900 397 941 Coena
424 900 616 947 Domini,
639 900 942 956 delinquentes
964 915 1248 957 quoscunque
1282 902 1365 942 sibi
1398 902 1498 943 sub-

0 999 3 1008 ·
39 971 150 1014 ditos
181 987 260 1028 per
292 974 454 1029 seipsos
486 974 529 1013 in
560 973 735 1014 Diocesi
764 988 842 1014 sua
863 974 906 1014 in
929 974 1020 1014 foro
1044 974 1331 1016 Conscientiae
1356 975 1496 1016 absol-

40 1060 150 1087 vere.
214 1046 260 1086 Si
283 1045 457 1101 quando
479 1046 610 1087 etiam
633 1046 841 1087 beneficia
870 1061 1148 1103 quaecunque
1170 1063 1255 1088 non
1277 1056 1498 1090 reservata

40 1118 92 1160 ad
109 1134 255 1160 eorum
273 1119 543 1160 collationem
568 1120 823 1174 spectantia,
842 1125 974 1175 atque
989 1120 1031 1160 in
1054 1121 1276 1161 mensibus
1297 1121 1379 1161 sibi
1401 1137 1495 1162 con-

0 1204 2 1217 *
39 1193 163 1233 cessis
185 1193 385 1234 vacantia
407 1192 538 1233 alicui
560 1192 832 1240 contulerint,
851 1193 1026 1233 illorum
1045 1194 1237 1248 provisio
1254 1194 1387 1234 nullis
1410 1195 1495 1250 pri-

39 1265 224 1321 vilegiiS,
250 1272 325 1306 aut
351 1266 651 1314 facultatibus,
678 1266 767 1306 sive
789 1265 971 1306 indultis
994 1267 1293 1322 cujuscunque
1318 1267 1495 1322 Legati,

38 1352 112 1380 seu
135 1339 298 1380 Nuncii
324 1340 448 1381 Sedis
471 1340 654 1396 Aplicae,
679 1347 754 1381 aut
777 1340 960 1381 alterius
983 1355 1244 1396 quacunque
1277 1339 1494 1395 dignitate

37 1411 223 1468 praediti,
242 1413 411 1454 etiamsi
435 1413 624 1454 anterior
644 1413 779 1454 fuerit
801 1413 980 1454 istorum
1004 1413 1188 1460 collatio,
1214 1413 1494 1469 impediatur,

36 1483 109 1525 sed
131 1486 297 1526 caeteris
317 1486 519 1526 omnibus
538 1486 751 1542 Episcopi
772 1486 963 1541 provisio
984 1486 1261 1541 praeferatur.

94 1557 296 1614 Insuper,
320 1566 370 1600 ut
402 1559 531 1600 iidem
563 1560 791 1614 Episcopi,
827 1559 902 1614 qui
936 1560 1088 1600 Patres
1109 1574 1355 1614 pauperum
1380 1566 1495 1608 sunt,

35 1630 85 1672 iis
105 1631 272 1687 largius
293 1632 542 1681 subvenire,
566 1639 609 1673 et
631 1632 726 1672 aliis
758 1632 956 1672 Ecclesiae
988 1633 1318 1673 necessitatibus
1349 1648 1493 1674 occur-

35 1717 128 1745 rere
162 1705 341 1760 possint,
377 1704 486 1745 nihil
518 1704 698 1760 posthac
728 1704 1007 1749 decimarum,
1031 1704 1229 1752 subsidii,
1253 1711 1330 1745 aut
1351 1709 1493 1760 cujus-

36 1792 206 1834 cunque
228 1778 380 1819 oneris.
414 1778 599 1825 nomine,
634 1778 689 1818 ab
712 1778 794 1818 illis
815 1778 1048 1832 Epist-opis
1071 1793 1249 1833 prorsus
1272 1779 1491 1834 exigatur,

37 1851 112 1906 qui
146 1851 462 1892 Colleetoribus
492 1858 567 1892 aut
600 1852 695 1891 aliis
726 1851 984 1891 officialibus
1018 1866 1097 1906 pro
1125 1858 1322 1907 tempore
1357 1851 1492 1908 depu-

35 1922 176 1963 tandis
196 1923 392 1979 legitime
418 1923 542 1964 fidem
565 1923 739 1971 faciant,
764 1937 807 1963 se
833 1938 977 1963 veram
1001 1930 1043 1963 et
1065 1922 1278 1963 actualem
1301 1923 1491 1964 residen-

35 1995 136 2037 tiam
178 1997 218 2036 in
261 1997 455 2038 Dioecesi
498 2012 722 2046 exercere3
766 2012 864 2051 quae
905 1996 1010 2037 fides
1050 1998 1098 2036 ea
1130 1995 1363 2037 dumtaxat
1399 1997 1490 2039 vice

37 2071 180 2127 possit,
204 2086 251 2112 ac
273 2071 477 2127 deinceps
499 2086 596 2111 cum
621 2085 731 2126 opus
753 2070 897 2111 suerit.
920 2076 1167 2110 renovetur.

91 2143 154 2185 Ut
185 2144 314 2185 etiam
337 2145 487 2200 aptius
509 2159 636 2200 quem
662 2150 822 2198 regunt
846 2142 1072 2198 populum,
1104 2142 1268 2197 possint
1290 2142 1333 2181 in
1355 2142 1492 2184 officio

37 2222 167 2272 atque
199 2218 450 2259 obedientia
484 2218 700 2259 continere
733 2217 775 2257 in
805 2217 1006 2256 omnibus
1032 2215 1110 2259 his,
1144 2230 1244 2270 quae
1268 2214 1322 2255 ad
1346 2216 1490 2257 visita-

37 2287 208 2337 tionem,
244 2290 608 2338 emendationem,
647 2305 695 2330 ac
728 2303 896 2329 morum
932 2288 1236 2329 correctionem
1277 2294 1489 2342 spectant,

33 2363 104 2415 jus
123 2361 302 2417 plenum
325 2362 527 2409 habeant,
549 2363 679 2404 etiam
705 2369 916 2417 tanquam
940 2360 1065 2401 Sedis
1087 2359 1353 2415 Apostolicae
1375 2359 1491 2401 dele-

39 2434 141 2489 gati,
163 2449 214 2475 ea
234 2435 467 2483 statuendi,
490 2435 756 2482 moderandi,
779 2433 994 2490 puniendi
1019 2440 1064 2473 et
1086 2432 1333 2488 exequendi
1360 2436 1492 2487 juxta

39 2504 262 2548 Canonum
291 2509 542 2555 sanctiones,
576 2524 676 2564 quae
700 2508 786 2548 illis
808 2523 860 2548 ex
880 2506 1119 2562 prudentia
1138 2520 1218 2545 sua
1239 2520 1318 2561 pro
1338 2506 1489 2547 subdi-

38 2583 175 2621 torum
211 2581 524 2628 emendatione,
565 2597 612 2623 ac
646 2581 864 2622 Dioecesis
899 2595 988 2620 suae
1025 2579 1218 2619 utilitate
1253 2580 1492 2620 necessaria

37 2651 324 2704 videbuntur3
361 2670 438 2696 nec
472 2655 515 2695 in
549 2654 628 2701 his,
662 2654 738 2694 ubi
772 2653 825 2694 de
859 2666 1025 2693 morum
1048 2651 1306 2692 correctione
1329 2652 1489 2707 agitur,

38 2724 126 2767 ulla
163 2726 378 2775 inhibitio,
423 2727 679 2784 appellatio,
728 2741 803 2767 scu
846 2724 1026 2780 querela
1064 2724 1197 2765 etiam
1241 2722 1295 2763 ad
1336 2723 1492 2766 Sedem

39 2798 333 2853 Apostolicam
375 2801 643 2856 interposita,
685 2800 923 2856 legitimam
966 2798 1284 2840 excusationem
1325 2812 1490 2849 eorum,

630 2890 635 2906 ¹
665 2889 809 2926 Dissolvi,
833 2888 901 2918 MS.
