1905 3254
1061 257 1085 297 8

353 377 664 425 familiaritate,
694 384 737 417 et
759 376 908 417 eodem
941 375 1203 432 quandoque
1233 375 1514 416 contubernio
1544 382 1685 417 essent
1714 388 1809 417 con·

348 451 502 506 juncti,
532 450 766 490 contrarias
798 456 942 490 tamen
977 449 1210 490 sententias
1245 448 1351 488 adeo
1386 448 1539 489 acriter
1572 455 1810 504 aperteque

355 529 595 570 tuerentur,
629 529 679 563 ut
709 523 752 562 in
787 522 966 577 aliquod
995 522 1256 578 plerumque
1288 521 1559 569 temeritatis,
1599 537 1645 562 ae
1680 521 1809 577 perti-

354 596 489 636 naciae
521 596 679 636 crimen
710 596 1001 636 incurrerint?
1060 595 1214 635 Nonne
1242 594 1338 634 hine
1374 609 1446 635 eos
1481 594 1583 649 plus
1615 594 1813 649 religioni

356 683 404 709 ae
445 668 711 709 conscientiae
760 683 891 723 quam
938 667 1139 708 humanae
1187 666 1500 706 benevolentiae
1540 666 1811 721 privatisque

355 742 511 783 studiis
534 740 737 782 tribuisse
758 741 993 797 prudentes
1016 740 1096 780 viri
1116 739 1390 794 intelligent?
1450 739 1688 794 Equidem,
1713 754 1809 779 cum

354 814 604 871 hujusmodi
625 815 768 855 multa
796 829 964 854 mecum
994 813 1085 869 ipse
1117 813 1323 853 memoria
1350 819 1515 867 repeto,
1539 820 1582 853 et
1603 818 1815 868 praeterea

354 895 419 929 tot
441 889 716 944 gravissimos
736 895 884 943 patres
905 902 957 927 ex
980 886 1159 942 Anglia,
1184 885 1345 933 Scotia,
1367 886 1612 934 Lusitania,
1647 885 1812 941 Hispa-

353 964 439 1011 nia,
465 964 629 1010 Gallia,
658 963 882 1007 Flandria,
911 961 1161 1017 Hungaria,
1196 961 1421 1008 Bohemia‚
1457 962 1708 1010 Germania,
1731 962 1812 1002 Po-

354 1036 484 1079 lonia,
527 1035 675 1083 Italia,
717 1035 960 1079 Dalmatia,
1002 1035 1154 1089 Epire,
1198 1034 1359 1081 Sicilia,
1404 1034 1617 1081 Sardinia,
1662 1034 1811 1081 Creta,

357 1108 519 1164 Cypro,
553 1116 598 1149 et
629 1109 777 1149 florem
813 1108 998 1163 denique
1036 1106 1364 1147 Catholicorum
1400 1108 1591 1148 omnium
1623 1108 1812 1148 virorum

354 1181 527 1236 ingenio
550 1180 803 1235 virtuteque
825 1180 1127 1235 praestantium
1150 1195 1203 1220 ex
1221 1180 1423 1220 omnibus
1441 1180 1677 1221 Christiani
1698 1181 1815 1221 orbis

355 1254 558 1308 partibus
593 1252 853 1293 Tridentum
887 1253 1159 1300 confluxisse,
1192 1253 1253 1292 'ab
1295 1253 1437 1308 iisque
1475 1260 1540 1294 tot
1574 1253 1815 1294 sanctiones

357 1326 463 1367 adeo
486 1325 746 1366 Christianae
767 1324 1045 1381 Reipublicae
1072 1327 1348 1374 necessarias,
1373 1333 1582 1382 tanquam
1603 1328 1813 1368 maxima-

355 1412 451 1439 rum
472 1413 616 1438 rerum
638 1398 797 1438 molem
820 1398 1068 1438 absolutam
1091 1397 1336 1438 felicissime
1371 1398 1504 1438 fuisse
1537 1397 1747 1446 recordor,
1771 1399 1814 1438 in

357 1485 559 1527 magnam
587 1471 733 1525 rapior
760 1470 934 1510 Divinae
968 1470 1204 1526 Sapientiae
1238 1470 1580 1519 admirationem,
1604 1486 1703 1526 quae
1725 1478 1815 1512 tam

355 1545 523 1602 prolixe
556 1558 784 1584 munerum
825 1558 1002 1583 suorum
1043 1543 1219 1583 divitias
1258 1544 1301 1583 in
1338 1544 1667 1584 Sacrosanctum
1702 1544 1815 1585 hune

361 1617 542 1656 Coetum
581 1614 797 1655 effuderit.
873 1616 981 1664 Quis
1023 1614 1135 1654 enim
1178 1615 1414 1655 varietates
1450 1630 1610 1663 rerum,
1644 1630 1814 1656 conver—

358 1689 509 1735 siones,
551 1687 760 1744 pericula,
802 1687 1039 1733 molestias,
1082 1687 1407 1735 controversias,
1456 1687 1815 1742 calamitatesque

358 1762 436 1802 hoe
477 1761 648 1801 biennio
690 1760 988 1814 subsequutas
1029 1761 1130 1815 apte
1172 1760 1309 1815 possit
1343 1762 1593 1802 recensere?
1638 1761 1815 1816 quibus,

361 1848 457 1874 cum
478 1833 664 1889 opprimi
682 1832 872 1888 synodus
888 1832 1112 1886 evertique
1130 1832 1346 1872 interdum
1365 1833 1599 1881 videretur,
1618 1840 1711 1874 tum
1729 1834 1817 1874 Dei

359 1922 536 1947 munere
557 1908 740 1962 majores
772 1920 942 1961 semper
974 1905 1087 1945 vires
1120 1906 1368 1960 sumpsisse,
1403 1906 1737 1962 praeclariorque
1769 1922 1817 1948 ae

358 1978 566 2035 insignior
586 1978 812 2017 innituisse
829 1984 1057 2032 conspecta
1077 1977 1190 2017 fuit?
1223 1992 1284 2024 ac,
1303 1984 1352 2017 ut
1371 1977 1458 2017 alia
1479 1978 1699 2025 sileamus,
1717 1994 1814 2019 eum

359 2052 402 2092 in
439 2066 606 2091 summo
646 2065 791 2090 rerum
827 2050 1073 2090 discrimine
1110 2050 1391 2090 cstuantibus
1432 2057 1607 2105 patrum
1644 2052 1814 2101 studiis,

360 2124 519 2180 Legati
542 2123 627 2163 duo
644 2123 1007 2179 praestantissimi,
1031 2122 1302 2163 Mantuanus
1324 2130 1368 2163 et
1390 2124 1671 2180 Seripandus,
1695 2127 1817 2181 quin-

361 2197 498 2238 decim
526 2197 695 2237 dierum
727 2197 868 2252 spatio
897 2196 1022 2236 nobis
1054 2195 1263 2251 praerepti
1290 2196 1487 2245 fuissent,
1512 2199 1609 2253 quis
1629 2214 1712 2239 non
1730 2199 1817 2240 Dei

361 2272 405 2312 in
432 2285 506 2310 nos
533 2270 722 2310 furorem
757 2285 982 2310 accensum
1016 2268 1339 2324 vindictamque
1373 2271 1741 2324 pertimescebat?
1773 2280 1818 2314 et

362 2352 508 2386 tamen
535 2351 715 2400 repente
749 2345 855 2385 alios
886 2344 1012 2384 nobis
1043 2343 1227 2399 legatOS,
1259 2358 1306 2384 ac
1326 2346 1546 2400 praecipue
1569 2346 1816 2395 Moronum,

364 2425 464 2459 tune
496 2417 643 2458 divina
677 2418 925 2473 benignitas
966 2417 1209 2464 substituit,
1248 2432 1334 2472 quo
1365 2433 1442 2459 nee
1478 2419 1816 2474 prudentiorem,

364 2506 441 2532 nec
464 2492 719 2547 graviorem,
742 2492 929 2532 rebusve
959 2489 1157 2545 gerendis
1186 2491 1399 2545 aptiorem
1431 2492 1672 2548 excogitari
1690 2500 1816 2549 potu-

364 2567 462 2613 isse,
487 2567 632 2606 exitus
664 2566 758 2620 ipse
786 2565 995 2614 ostendit3
1028 2571 1078 2604 ut
1096 2565 1240 2620 plane,
1270 2565 1306 2605 si
1327 2567 1438 2621 quis,
1462 2573 1569 2622 quot
1589 2574 1633 2608 et
1654 2574 1821 2622 quanta

367 2641 528 2680 fuerint
552 2646 650 2694 post
680 2639 774 2694 ejus
806 2638 1040 2678 adventum
1072 2638 1263 2679 confecta
1292 2640 1554 2695 cogitatione
1576 2649 1817 2695 percurrat,

368 2713 403 2752 is
435 2712 582 2752 brevis
609 2711 740 2766 hujus
761 2711 891 2766 spatii
914 2718 1038 2766 gesta
1059 2710 1305 2751 clarissimis
1327 2712 1578 2767 quibusque
1611 2727 1818 2754 annorum

370 2784 605 2824 multorum
628 2783 870 2824 actionibus
891 2782 1169 2824 anteferenda
1186 2798 1277 2823 esse
1292 2784 1393 2839 jure
1415 2785 1553 2839 possit
1572 2785 1798 2828 affirmare.
