1905 3254
685 292 797 323 SEss.
822 292 897 322 vn.
1433 279 1526 321 407

124 397 191 438 34.
224 397 444 440 Dec-eruat
467 399 626 440 Sancta
648 399 862 455 Synodus,
893 406 943 441 ut
963 414 1046 440 non
1069 400 1207 441 solum
1231 400 1392 456 Synodi
1413 401 1524 456 Epi-

69 471 260 526 scopales
300 472 533 527 quotannis
572 473 706 513 semel
747 473 803 513 ad
836 474 1078 520 minimum,
1120 473 1196 514 sed
1231 474 1360 514 etiam
1395 474 1523 515 tertio

66 558 240 599 quoque
272 559 394 587 anno,
419 545 710 600 provinciales
738 553 1076 602 congregentur,
1108 546 1151 586 in
1174 548 1338 602 quibus
1370 547 1424 588 de
1456 547 1524 587 his

67 632 166 672 quae
203 617 259 658 ad
293 624 457 658 statum
493 619 647 659 Ecc⁰¹¹¹¹²
683 619 903 674 pertinent
940 618 1174 675 diligenter
1209 626 1436 668 tractetur,
1469 620 1523 660 de

67 690 364 732 ministrorum
386 691 557 732 delictis
577 699 746 733 mature
769 699 1067 748 cognoscatur,
1090 700 1134 734 et
1154 693 1198 733 in
1220 708 1292 733 eos
1317 694 1393 748 qui
1415 693 1522 734 deli-

67 772 258 819 querunt
290 779 439 805 severe
460 764 853 814 animadvertatur,
887 772 931 806 et
961 773 1012 807 ut
1045 765 1239 807 Concilia
1272 767 1524 814 Gener-alia,

66 836 150 876 nisi
170 836 351 892 aliquod
382 838 569 879 obsistat
594 837 970 894 impedimentum,
1004 839 1170 880 decimo
1205 855 1382 896 quoque
1415 855 1526 881 anno

68 910 357 953 celebrentur.

126 984 282 1025 Gloria
303 985 439 1032 Patri,
464 992 508 1026 et
531 985 659 1032 Filio,
682 991 725 1026 et
749 985 935 1041 Spiritui
959 986 1130 1027 Sancto.

129 1056 213 1097 His
234 1071 260 1097 a
281 1056 463 1112 Legatis
493 1058 693 1112 acceptis,
723 1073 819 1098 cum
843 1058 983 1099 multa
1016 1059 1058 1099 in
1083 1059 1133 1098 iis
1166 1058 1299 1114 paulo
1333 1058 1525 1107 duriora,

69 1134 112 1170 et
134 1128 343 1169 Romanae
373 1129 520 1169 Curiae
555 1129 825 1170 incommoda
858 1132 1066 1172 contineri
1096 1131 1453 1178 animadvertant,
1477 1147 1529 1172 ea

69 1202 216 1243 statim
238 1217 316 1258 per
344 1202 614 1258 Episcopum
637 1203 961 1244 Viterbiensem
995 1203 1049 1244 ad
1077 1204 1409 1245 Sanctissimum
1433 1206 1527 1245 mit-

71 1274 204 1316 tenda
226 1281 410 1317 censent.

129 1348 174 1389 Is
192 1348 425 1389 sanctitati
444 1363 531 1388 suae
554 1354 597 1389 et
619 1354 773 1404 gratus
791 1355 834 1388 et
851 1348 1030 1388 intimus
1043 1347 1318 1399 habebatur3
1342 1365 1529 1406 cumque

70 1420 254 1460 nuncius
275 1419 387 1460 sedis
412 1420 579 1475 Aplica:
613 1420 679 1460 bis
711 1419 754 1460 in
779 1420 925 1460 Gallia
950 1421 1122 1475 egisset,
1147 1436 1194 1461 ac
1218 1425 1373 1476 magna
1397 1423 1527 1464 etiam

71 1494 366 1535 familiaritate
403 1508 449 1534 ae
483 1493 787 1534 benevolentia
824 1509 921 1534 cum
957 1494 1243 1551 Lotharingio
1279 1498 1531 1552 conjunctus

71 1574 198 1618 esset,
221 1567 340 1607 visus
362 1574 427 1608 est
449 1567 634 1607 maxime
665 1566 858 1613 idoneus,
883 1568 950 1607 cui
980 1569 1203 1623 negotium
1234 1568 1327 1615 hoc,
1351 1576 1531 1623 optante

70 1641 116 1682 id
148 1641 387 1696 praesertim
411 1639 716 1695 Lotharingio,
747 1641 1104 1688 committeretur,
1128 1642 1197 1682 eui
1220 1642 1361 1682 multa
1389 1643 1424 1682 is
1446 1643 1531 1697 pri-

73 1715 209 1755 vatim
232 1713 286 1754 de
308 1714 486 1754 mirifica
521 1728 600 1753 sua
621 1728 728 1768 erga
752 1713 862 1753 S¹¹¹¹¹¹¹²
890 1714 1170 1755 observantia
1202 1731 1249 1756 ac
1271 1715 1413 1756 studio
1435 1730 1531 1756 nar-

71 1787 208 1830 randa
241 1787 491 1837 mandavit3
522 1802 784 1842 rumoreque
821 1787 929 1827 falso
961 1787 1014 1828 de
1044 1788 1232 1829 alienato
1265 1793 1362 1844 ejus
1385 1805 1410 1829 a
1431 1789 1532 1830 sede

889 1859 897 1877 ¹
958 1860 1028 1902 De
1065 1860 1130 1902 his
1166 1877 1266 1903 vero
1301 1862 1531 1903 Gallorum

73 1936 319 1992 postulatis,
342 1935 449 1991 quid
471 1935 619 1983 statui,
643 1934 750 1989 quid
771 1935 1007 1989 temperari
1031 1950 1157 1991 posse
1180 1935 1414 1985 existimet,
1436 1951 1532 1991 pro-

73 1862 233 1918 Aplica
268 1862 408 1902 animo
440 1862 484 1902 in
517 1861 686 1903 Urbem
723 1860 882 1901 delato.

73 2009 160 2051 lixe
181 2011 233 2059 ei,
257 2017 302 2050 et
333 2010 590 2056 consilium,²
613 2015 706 2049 tum
731 2008 808 2047 S¹¹¹⁰
840 2007 1187 2063 significandum,
1220 2010 1406 2064 aperuit,
1429 2025 1532 2066 ope-

74 2098 256 2139 ramque
279 2098 448 2124 omnem
472 2082 696 2138 pollicitus
719 2082 815 2123 fuit.

134 2157 299 2198 Missus
320 2156 452 2197 etiam
477 2171 502 2196 a
523 2155 707 2211 Legatis
729 2154 784 2195 ad
807 2154 1023 2195 Comitem
1055 2155 1207 2203 Lunae,
1240 2155 1374 2196 Orem
1397 2155 1534 2212 Regis

77 2229 274 2287 Philippi
308 2230 428 2286 apud
456 2228 785 2271 Ferdinandum
821 2229 1139 2284 Imperatorem
1167 2229 1250 2270 fuit
1282 2229 1536 2271 Advocatus

79 2301 399 2344 Consistorialis
419 2302 735 2350 Lancellottus,
758 2302 834 2357 qui
858 2301 897 2342 ei
920 2301 1150 2341 Gallorum
1184 2300 1418 2356 petitiones
1439 2301 1534 2342 red-

78 2373 216 2421 deret,
250 2389 298 2415 ac
332 2374 542 2415 nonnulla
580 2374 634 2415 de
676 2375 808 2415 rebus
848 2373 1032 2414 Concilii
1068 2373 1358 2429 significaret3
1402 2373 1535 2430 inpri-

77 2447 245 2503 misque
282 2462 378 2488 cum
412 2447 466 2488 ad
503 2447 798 2503 arripiendum
832 2446 916 2487 hue
949 2462 1080 2502 quam
1115 2446 1338 2487 celerrime
1376 2447 1438 2488 ita
1471 2462 1535 2488 co-

78 2521 339 2570 hortaretur,
369 2522 488 2577 quod
511 2523 605 2578 ejus
634 2522 907 2578 praesentiam
943 2528 1075 2577 atque
1107 2520 1417 2562 authoritatem
1439 2536 1537 2563 con·

81 2595 279 2637 ciliandis
319 2597 447 2652 pi‘um
489 2595 730 2637 multorum
774 2595 929 2636 animis
968 2594 1246 2650 profuturam
1289 2608 1380 2635 esse
1428 2595 1539 2636 exis-

81 2668 302 2711 timarent.

136 2741 277 2783 Paulo
298 2747 408 2798 post,
426 2741 566 2783 literae
587 2756 642 2782 ex
662 2740 786 2783 Urbe
809 2740 914 2781 satis
931 2739 1171 2795 improviso
1193 2740 1414 2790 nunciant,
1433 2740 1541 2783 duos

294 2830 302 2848 ¹
329 2831 457 2862 Delatos
474 2831 578 2870 fuisse,
594 2831 665 2861 MS.
796 2844 803 2854 ·-
1010 2828 1022 2844 ²
1040 2827 1237 2867 Concilium,
1257 2829 1326 2859 MS.
