1905 3254
369 274 447 315 174
1003 284 1114 314 SEss.
1143 283 1182 313 v.

363 396 548 437 filiorum
581 394 668 435 Dei
689 393 890 449 gratiam,
921 397 971 430 ut
992 389 1082 429 ulla
1106 395 1233 429 aetate
1255 387 1482 427 admittere
1503 400 1586 426 non
1608 392 1818 441 possunt3

365 482 509 522 neque
531 466 628 506 ideo
651 473 797 507 tamen
819 462 1066 504 damnanda
1087 467 1153 502 est
1185 461 1437 515 antiquitas,
1473 460 1509 500 si
1534 474 1633 500 eum
1656 473 1819 499 morem

367 542 411 581 in
434 540 699 596 quibusdam
721 539 821 578 locis
853 535 1089 592 aliquando
1125 535 1327 581 servavit,
1356 548 1451 574 cum
1483 532 1529 573 id
1558 547 1642 572 non
1675 532 1822 587 aliqua

367 612 523 653 salutis
553 611 821 657 necessitate,
856 609 932 650 sed
953 625 1000 650 re
1023 615 1115 649 tota
1130 622 1214 648 non
1235 607 1362 662 plene
1384 605 1576 646 discussa
1596 611 1640 646 et
1661 604 1821 645 exami-

368 692 473 726 nata
493 685 642 737 fecisse
665 682 926 725 credendum
949 682 1016 723 sit.

430 759 476 799 Si
496 758 594 814 quis
615 757 786 805 dixerit,
805 771 859 797 ex
875 755 963 796 Dei
984 761 1208 810 praecepto
1225 753 1297 794 vel
1318 768 1371 794 ex
1392 752 1649 793 necessitate
1669 751 1825 792 salutis

370 847 518 873 omnes
540 837 583 871 et
604 830 800 886 singulos
823 828 990 869 Christi
1006 827 1157 868 fideles
1177 833 1412 881 utramque
1433 826 1619 880 speciem
1643 825 1712 866 52¹¹st
1733 826 1825 866 Eu-

371 905 587 946 charistiae
610 903 877 944 Sacramenti
899 916 1069 942 sumere
1091 900 1264 948 debere,
1290 899 1539 940 Anathema
1559 899 1627 940 sit.

432 977 479 1017 Si
507 976 605 1031 quis
643 975 815 1024 dixerit,
850 975 939 1015 Stam
961 974 1205 1015 Ecclesiam
1249 971 1518 1012 Catholicam
1559 986 1643 1012 non
1697 972 1828 1027 justis

375 1049 516 1090 causis
537 1055 582 1089 et
609 1047 854 1088 rationibus
876 1046 1111 1088 adductam
1133 1045 1282 1093 fuisse,
1306 1051 1356 1085 ut
1378 1044 1508 1084 laicos
1532 1050 1665 1099 atque
1695 1043 1826 1084 etiam

375 1122 548 1163 clericos
568 1136 653 1162 non
680 1120 953 1161 conficientes
978 1120 1062 1160 sub
1089 1118 1213 1174 panis
1233 1116 1536 1158 tantummodo
1555 1117 1697 1172 specie
1718 1131 1829 1157 com-

376 1197 627 1243 municaret,
652 1194 787 1235 autin
809 1209 859 1234 eo
881 1207 1058 1241 errasse,
1082 1190 1332 1232 Anathema
1352 1191 1418 1231 sit.

429 1270 476 1309 Si
487 1269 584 1324 quis
595 1269 833 1323 negaverit,
847 1273 989 1308 totum
1003 1273 1047 1307 et
1056 1264 1522 1321 integrumChristum,
1534 1265 1722 1305 omnium
1737 1279 1833 1320 gra-

380 1343 541 1385 tiarum
559 1342 720 1382 fontem
735 1346 780 1382 et
796 1340 1040 1387 authorem,
1057 1339 1140 1380 sub
1162 1353 1250 1379 una
1269 1338 1394 1393 panis
1417 1339 1558 1394 specie
1575 1339 1699 1386 sumi,
1715 1340 1832 1394 quia,

381 1422 434 1456 ut
466 1422 628 1456 temere
660 1413 840 1470 quidam
872 1419 1086 1461 asserunt,
1113 1427 1198 1452 non
1230 1410 1467 1452 secundum
1493 1412 1646 1466 ipsius¹
1673 1411 1836 1452 Christi

379 1489 697 1530 institutionem
720 1488 801 1529 sub
817 1494 1006 1542 utraque
1027 1486 1168 1542 specie
1194 1491 1406 1532 sumatur,
1429 1485 1678 1526 Anathema
1699 1486 1768 1526 sit.

444 1562 491 1602 Si
522 1561 618 1616 quis
652 1559 895 1617 negaverit,
930 1559 976 1599 in
1010 1573 1099 1599 una
1136 1559 1207 1599 Snai
1239 1556 1530 1598 Eucharistiae
1571 1558 1712 1613 speeie
1753 1573 1838 1599 non

385 1648 532 1675 veram
572 1634 901 1689 legitimamque
943 1631 1210 1673 Sacramenti
1254 1630 1464 1670 rationem
1507 1630 1682 1686 suscipi,
1734 1631 1840 1686 quia

386 1706 551 1748 Christi
571 1706 792 1747 institutio
811 1720 897 1746 non
919 1710 1131 1750 servatur,
1156 1702 1406 1744 Anathema
1425 1703 1493 1745 sit.

444 1780 489 1821 Si
503 1780 599 1835 quis
610 1779 654 1819 in
668 1779 811 1835 specie
825 1777 1152 1833 una'dimidiata
1165 1783 1339 1818 tantum
1351 1776 1537 1817 Coenam
1549 1778 1711 1832 suscipi
1724 1776 1841 1818 dixe-

385 1852 455 1900 rit,
473 1853 532 1892 sic
553 1858 604 1892 ut
620 1867 773 1892 verum
796 1858 842 1892 et
862 1851 1111 1906 legitimum
1132 1864 1217 1890 non
1238 1849 1477 1904 recipiatur
1500 1850 1840 1896 Sacramentum,

388 1924 494 1980 quia
525 1923 692 1964 Christi
713 1923 932 1965 institutio
953 1929 1046 1964 tota
1065 1937 1150 1963 non
1176 1923 1377 1970 sumitur,
1410 1921 1660 1963 Anathema
1680 1923 1746 1963 sit.

448 1997 494 2038 Si
524 1998 622 2052 quis
652 1996 825 2044 dixerit,
850 1995 1059 2051 parvulis,
1086 2001 1321 2050 antequam
1345 1993 1399 2034 ad
1421 2009 1554 2035 annos
1575 1994 1845 2036 discretionis

388 2070 680 2126 pervenerint,
721 2069 1006 2110 necessariam
1037 2083 1128 2110 esse
1158 2066 1452 2108 Eucharistiae
1488 2067 1844 2115 communionem,

392 2141 640 2184 Anathema
656 2142 724 2183 sit.

449 2216 576 2257 Duos
617 2231 720 2257 vero
761 2214 985 2257 Articulos
1020 2212 1129 2254 alias
1169 2213 1426 2269 propositos,
1468 2213 1660 2254 nondum
1701 2220 1845 2255 tamen

390 2304 649 2330 excussos—

450 2363 524 2403 An
558 2363 749 2404 rationes
770 2361 932 2417 quibus
965 2361 1042 2401 Sma
1065 2359 1294 2401 Catholica
1313 2360 1512 2401 Ecclesia
1533 2360 1724 2402 adducta
1743 2361 1845 2408 fuit,

507 2443 559 2478 ut
592 2436 929 2478 communicaret
953 2434 1100 2484 laicos,
1136 2441 1270 2489 atque
1302 2434 1433 2475 etiam
1464 2449 1549 2474 non
1579 2434 1848 2474 celebrantes

511 2501 778 2551 Sacerdotes'
794 2507 877 2548 sub
906 2521 995 2548 una
1026 2513 1197 2547 tantum
1220 2507 1345 2561 panis
1366 2507 1522 2562 specie,
1544 2507 1608 2548 ita
1633 2506 1719 2547 sint
1749 2506 1848 2547 reti-

508 2580 675 2628 nendae,
709 2586 760 2620 ut
779 2579 902 2620 nulla
922 2579 1086 2620 ratione
1110 2578 1268 2619 Calicis
1299 2594 1404 2620 usus
1433 2579 1640 2635 cuiquam
1672 2579 1727 2620 sit
1752 2593 1847 2635 per-

510 2652 762 2695 mittendus.

440 2753 449 2771 ¹
476 2750 541 2780 The
555 2750 644 2781 word
658 2760 792 2791 appears
806 2754 837 2780 to
853 2750 890 2779 be
904 2751 1004 2789 aplius
1020 2749 1053 2780 in
1068 2749 1118 2780 the
1135 2749 1207 2779 MS,
1219 2761 1227 2787 3
1249 2749 1307 2779 but
1322 2749 1372 2780 the
1388 2749 1497 2780 Canon
1508 2750 1543 2779 os
1553 2749 1602 2780 the
1613 2749 1734 2781 Session
1747 2760 1851 2790 proves

397 2803 461 2833 that
477 2803 501 2833 it
515 2803 629 2835 should
645 2804 683 2834 be
698 2804 800 2842 ipsius.
