1905 3254
678 333 787 364 sess.
814 334 856 364 v.
1421 321 1500 360 145

41 436 360 478 recentioribus
399 437 617 479 haereticis
656 437 735 480 hoc
776 446 1038 495 argumento
1079 438 1282 489 deducta,
1336 439 1495 487 aiebat,

41 523 139 564 quae
162 509 328 552 diluere
360 526 530 552 necesse
563 512 630 560 sit,
667 518 717 553 ut
737 527 787 553 eo
809 512 1012 554 solidiora
1038 520 1238 554 veterum
1266 513 1497 554 Canonum

38 579 309 622 firmamenta
329 583 662 638 conspiciantur.
727 583 793 633 Id,
828 600 924 625 cum
959 593 1002 626 et
1036 585 1157 627 Galli
1182 586 1313 627 etiam
1336 585 1391 626 ad
1413 586 1498 626 ful-

39 652 211 694 ciendos
246 654 291 695 in
324 654 408 696 fide
438 655 678 697 multorum
714 657 759 697 in
791 657 1020 713 provincia
1053 673 1132 699 sua
1170 659 1333 699 animos
1369 658 1496 699 valde

37 727 317 782 profuturum
351 727 555 778 dicerent,
589 729 754 784 placuit
787 730 968 778 caeteris,
1001 730 1108 771 nihil
1139 746 1192 771 cx
1225 731 1276 771 iis
1306 737 1493 780 mutare,

37 800 293 853 praesertim,
332 800 450 855 quod
480 800 684 842 iisdemet
718 802 866 843 verbis
899 802 1070 843 articuli
1093 802 1209 851 olim,
1232 803 1295 843 ita
1314 810 1494 858 petente

37 871 193 913 Carolo
213 873 266 914 V.
289 873 334 914 in
357 874 542 930 gratiam
561 876 883 918 Germanorum
906 877 1082 918 fuerant
1099 877 1335 932 compositi.
1359 884 1493 933 atque

35 945 297 988 Tridentum
338 949 469 996 missi,
512 956 708 1006 tuncque
749 950 958 1006 temporis
999 966 1023 991 a
1063 951 1273 991 Patribus
1313 953 1491 1007 recepti,

33 1019 145 1067 licet,
182 1020 356 1063 divulso
388 1023 544 1064 exinde
577 1025 725 1065 statim
762 1025 972 1072 Concilio,
1004 1040 1090 1066 non
1117 1025 1282 1066 fuerint
1302 1040 1327 1066 a
1348 1025 1490 1067 Theo·

33 1093 145 1149 logis
165 1101 317 1150 postea
338 1097 589 1137 examinati.

89 1167 195 1209 Post
213 1167 305 1210 haec
327 1170 517 1211 mittitur
548 1187 573 1212 a
605 1171 789 1228 Legatis
821 1172 875 1213 ad
911 1173 1238 1213 Sanctissimum
1276 1173 1489 1214 Nostrum

34 1241 402 1299 Archiepiscopus
434 1244 758 1294 Lancianensis,
796 1247 871 1302 qui
905 1262 1004 1287 eum
1035 1248 1259 1290 certiorem
1283 1248 1415 1289 faciat
1435 1248 1489 1290 (10

32 1320 122 1356 toto
153 1322 272 1356 statu
306 1316 502 1366 Concilii,
537 1320 851 1374 praecipucque
884 1319 937 1360 de
965 1320 1032 1360 his
1066 1336 1166 1376 quae
1191 1321 1413 1376 pertinent
1434 1322 1489 1362 ad

31 1388 338 1431 residentiam:
372 1392 564 1447 explicet
599 1393 665 1433 illi
698 1393 894 1434 assiduas
925 1394 1104 1435 Patrum
1128 1394 1206 1435 hac
1229 1394 1282 1435 dc
1311 1410 1356 1436 rc
1378 1397 1488 1451 peti-

31 1463 180 1509 tiones,
204 1471 248 1505 et
271 1464 388 1521 quod
410 1465 584 1507 tandem
607 1465 853 1507 Concilium
884 1482 907 1507 a
940 1467 1124 1523 Legatis
1157 1468 1241 1508 fuit
1275 1476 1485 1524 emptum,

30 1543 79 1578 ut
101 1537 338 1578 multorum
361 1539 590 1580 conatibus
611 1554 657 1580 ac
673 1539 963 1581 seditionibus
985 1541 1161 1582 obviam
1183 1542 1308 1583 irent.
1374 1542 1486 1583 Con-

28 1613 117 1655 cilii
151 1615 518 1656 continuationem
554 1614 768 1656 hactenus
799 1615 854 1655 ab
876 1615 944 1663 iis,
969 1615 1236 1671 gravissimis
1257 1615 1311 1656 de
1332 1617 1486 1667 causis,

29 1701 138 1743 quas
168 1693 212 1728 et
246 1687 476 1728 sanctitati
506 1703 596 1728 suae
624 1688 904 1743 seripserunt,
927 1703 1011 1727 non
1034 1688 1166 1728 fuisse
1189 1687 1484 1737 declaratam;

27 1760 102 1800 vix
135 1761 326 1816 amplius
354 1760 698 1816 procrastinandi
731 1759 874 1800 locum
906 1759 1012 1808 dari,
1047 1761 1211 1815 absque
1233 1776 1395 1817 magna
1417 1769 1484 1803 tu-

25 1833 196 1874 multus
225 1834 483 1890 suspicione.
548 1832 667 1884 Quid
700 1833 914 1873 Sanctitas
944 1847 1024 1873 sua
1051 1832 1119 1874 his
1140 1833 1193 1874 de
1216 1835 1346 1875 rebus
1367 1844 1484 1891 post·

24 1905 104 1948 hac
126 1906 341 1962 agendam
361 1907 545 1963 judicet,
568 1922 640 1948 eos
660 1921 794 1962 quam
816 1906 1006 1961 primum
1030 1909 1393 1951 commonefaciat.

82 1981 183 2022 Non
223 1981 364 2022 multo
405 1988 503 2037 post
546 1981 708 2022 Orator
755 1980 892 2021 Ducis
933 1981 1150 2030 Bavariae,
1194 1983 1269 2038 qui
1308 1983 1478 2039 pridem

26 2054 285 2096 Tridentum
307 2062 498 2102 venerat,
521 2055 606 2102 sed,
635 2069 689 2095 ne
723 2053 985 2095 Oratoribus
1015 2053 1196 2095 Venetis
1227 2055 1270 2095 in
1306 2056 1480 2112 Synodo

26 2134 372 2185 postponeretur,
414 2144 439 2170 a
474 2128 760 2170 conventibus
795 2127 984 2183 publicis
1015 2126 1224 2169 hactenus
1259 2130 1478 2173 abstinere

0 2201 250 2250 *malueram
287 2218 401 2244 nunc
433 2202 624 2250 tandem,
665 2217 761 2242 cum
798 2201 989 2257 amplius
1022 2215 1108 2242 non
1139 2201 1477 2259 disceptandum

25 2275 261 2325 statuisset,
277 2277 459 2333 jamque
476 2277 519 2317 in
542 2276 941 2333 Congregationem
963 2282 1076 2316 esset
1091 2275 1365 2319 introductus
1385 2279 1476 2327 ille,

25 2355 255 2406 antequam
288 2350 343 2392 ad
374 2352 526 2392 Patres
559 2351 814 2392 Orationem
846 2349 1081 2398 inchoaret,
1112 2350 1247 2405 coepit
1266 2353 1478 2394 nonnulla

25 2423 78 2465 de
117 2423 453 2466 dissensionibus
493 2425 606 2467 inter
641 2441 741 2466 eum
777 2432 820 2466 ct
855 2425 1009 2480 Reipcae
1044 2423 1085 2465 V
1089 2431 1227 2465 enetae
1271 2424 1477 2468 Oratores

23 2497 240 2553 praeferre,
263 2499 425 2555 quibus
451 2514 579 2547 nunc,
608 2499 858 2554 Principem
890 2512 1019 2539 suum
1047 2495 1198 2538 cedere
1219 2496 1475 2547 decrevisse,

25 2568 147 2620 (fixit,
175 2586 229 2612 ne
263 2572 465 2628 graviora
495 2572 580 2613 alia
611 2579 654 2613 ct
683 2571 950 2612 Christianae
973 2569 1113 2624 Reipae
1137 2569 1374 2610 necessaria
1402 2585 1475 2611 ne·

27 2643 144 2698 gotia
162 2644 492 2701 impedirentur.
558 2645 646 2686 His
668 2644 846 2693 auditis,
871 2642 1085 2684 Nicolaus
1113 2641 1166 2682 de
1188 2642 1339 2690 Ponte,
1363 2643 1474 2685 alter

27 2729 80 2756 ex
101 2715 360 2760 Oratoribus
381 2718 577 2767 Venetis,
613 2718 818 2775 proprius
851 2717 1045 2772 Legatos
1076 2714 1292 2765 accedens,
1326 2716 1472 2771 palam

27 2787 215 2832 adhibito
237 2792 490 2840 Secretario,
514 2792 771 2834 testificatus
793 2798 868 2839 est,
885 2797 947 2840 ut,
969 2805 1066 2830 cum
1090 2789 1252 2830 Bavari
1276 2789 1474 2832 Oratoris

28 2863 167 2906 verbis
200 2864 291 2907 haec
323 2881 499 2922 quoque
532 2866 754 2921 responsio
787 2866 1090 2921 conjungatur,
1125 2862 1340 2912 debuisse,
1375 2865 1470 2913 viz„

15 2998 20 3038 Ι

17 3046 20 3082 Ι

1218 2951 1240 2977 Ι.
