1905 3254
335 279 420 319 422
962 295 1071 326 SESS.
1097 296 1174 326 vu.

343 404 447 458 quia
486 405 703 445 omittitur
736 404 978 445 remedium
1014 406 1253 461 genuinum
1293 411 1337 446 et
1375 404 1641 461 appositum,
1678 403 1796 459 quod

335 484 468 525 esset,
503 477 538 517 si
569 477 812 518 declaretur
834 477 1058 518 vinculum
1093 478 1216 519 Juris
1243 477 1394 518 divini.
1457 476 1557 517 Hoc
1585 477 1698 517 enim
1725 476 1797 516 de-

343 556 458 591 creto
479 550 620 607 magis
639 550 903 606 implicatur,
927 550 1046 606 quod
1067 551 1122 592 sit
1143 550 1173 591 J
1178 550 1269 591 uris
1288 550 1494 600 humani3
1525 564 1604 590 nec
1623 564 1692 590 res
1706 548 1799 590 haec

340 623 470 680 longa
493 631 598 681 eget
619 624 943 681 disputatione3
973 638 1074 664 nam
1108 624 1188 665 etsi
1215 623 1417 680 Episcopi
1448 629 1591 664 essent
1623 636 1800 677 prorsus

340 698 531 739 instituti
564 713 588 739 a
620 698 757 754 Papa,
787 697 906 754 quod
941 696 1097 738 falsum
1129 702 1274 738 tamen
1305 703 1382 744 cst,
1419 695 1711 742 nihilominus,
1745 709 1799 735 ex

342 786 429 826 quo
454 778 740 827 susceperunt
769 786 940 818 munUS,
975 777 1178 812 tenentur
1200 770 1229 812 J
1234 786 1310 811 ure
1342 770 1491 811 divino
1526 769 1570 810 id
1598 768 1799 810 adminis-

342 851 472 893 trare,
503 851 546 884 et
569 845 673 885 satis
695 850 873 890 constat,
907 859 961 885 ex
983 844 1189 899 neglectu
1213 844 1445 884 Pastorum
1467 843 1707 884 Ecclesiam
1733 848 1800 883 tot

342 916 667 957 calamitatibus
689 917 826 972 affligi
845 932 853 955 :
886 916 1100 971 hancque,
1133 917 1167 956 si
1188 931 1273 956 non
1295 931 1440 963 unam,
1473 916 1625 956 saltem
1647 914 1799 970 praeci-

339 1004 489 1045 puam,
512 1005 604 1031 esse
621 990 834 1030 malorum
858 996 1101 1030 nostrorum
1124 1004 1311 1030 causam.
1374 989 1490 1044 Ego,
1515 989 1680 1036 Patres,
1703 1002 1798 1029 con-

341 1065 538 1105 scientias
561 1071 728 1105 vestras
760 1078 902 1112 onero,
936 1070 987 1104 ut
1019 1063 1062 1104 id
1091 1063 1325 1104 statuatis:
1357 1063 1442 1103 seio
1465 1077 1548 1109 eos,
1582 1076 1660 1117 per
1691 1076 1801 1117 quos

341 1137 493 1188 stabit,
516 1136 692 1178 tandem
722 1135 883 1177 debere
905 1136 1150 1191 poenitere3
1182 1141 1330 1177 tamen
1357 1134 1403 1175 id
1435 1148 1528 1175 sero
1549 1134 1635 1174 fiet.
1696 1133 1799 1174 Non

340 1210 484 1265 placet
509 1224 560 1250 ea
590 1224 720 1250 causa
748 1215 837 1250 tam
865 1208 1079 1263 generalis
1100 1208 1251 1249 relicta
1275 1207 1458 1248 arbitrio
1482 1207 1668 1262 Sanctmi,
1692 1220 1796 1261 quo-

339 1283 455 1323 niam
479 1288 523 1323 et
544 1282 638 1337 ipse
660 1288 806 1338 potest
822 1296 965 1322 errare
986 1282 1030 1322 in
1052 1282 1177 1329 facto,
1201 1295 1365 1336 nosque
1383 1280 1633 1321 videremur
1652 1293 1800 1319 omnes

342 1355 685 1411 dispensationes
705 1369 789 1395 non
810 1353 1105 1395 residentibus
1140 1353 1195 1395 ab
1231 1368 1282 1394 eo
1316 1351 1608 1394 concedendas
1640 1365 1798 1407 appro-

338 1430 444 1470 bare
462 1444 472 1477 3
495 1427 613 1484 quod
633 1443 717 1469 non
737 1428 852 1476 licet,
874 1442 971 1468 cum
993 1442 1061 1468 res
1082 1428 1139 1468 sit
1160 1427 1190 1468 J
1194 1427 1283 1467 uris
1305 1426 1453 1467 divini.
1516 1425 1666 1466 Minus
1687 1424 1798 1465 illud

339 1502 490 1557 probo,
523 1500 641 1556 quod
677 1499 732 1541 ad
762 1506 917 1541 nutum
952 1499 1088 1554 Regis
1121 1506 1198 1540 aut
1224 1499 1441 1554 Principis
1462 1497 1621 1539 debeat
1642 1498 1797 1539 Pastor

340 1575 499 1615 abesse.
562 1573 664 1613 Non
696 1573 835 1629 probo
864 1573 995 1614 etiam
1027 1573 1325 1628 exceptionem
1355 1571 1408 1612 de
1438 1571 1628 1612 Casibus
1661 1586 1797 1611 reser-

340 1649 453 1690 vatis
473 1649 517 1688 in
539 1648 671 1689 Bulla
686 1648 731 1688 in
750 1647 892 1688 Coena
908 1647 1087 1687 Domini
1104 1663 1115 1695 3
1146 1661 1245 1687 nam
1267 1645 1424 1686 infiniti
1447 1651 1550 1686 sunt
1566 1658 1797 1700 pauperes,

340 1727 384 1762 et
423 1721 466 1761 in
505 1721 607 1762 locis
647 1720 958 1768 remotissimis,
995 1720 1073 1775 qui
1106 1718 1289 1759 Romam
1321 1720 1528 1774 pecunias
1563 1717 1797 1758 transferre

338 1801 581 1850 nequeunt.
643 1794 820 1835 Curatis
855 1800 1001 1835 autem
1043 1793 1320 1834 inferioribus
1354 1798 1609 1833 revocentur
1649 1805 1798 1832 omnes

339 1869 684 1925 dispensationes
705 1882 926 1909 concessae.

395 1942 433 1984 F
437 1941 973 1983 lorentinus-Decretum
994 1955 1079 1981 non
1100 1939 1256 1996 placet,
1278 1940 1484 1994 quoniam
1509 1939 1704 1993 aperitur
1726 1937 1798 1979 via

340 2015 576 2071 majoribus
596 2013 835 2055 scandalis:
860 2020 1061 2054 servetur
1082 2012 1303 2054 decretum
1327 2013 1558 2067 antiquum
1580 2012 1623 2052 in
1643 2010 1794 2052 eodem

341 2088 546 2135 Concilio,
580 2095 622 2129 et
645 2086 934 2143 provideatur
956 2085 1318 2142 usurpationibus
1344 2084 1618 2125 saecularium
1647 2089 1797 2124 contra

342 2161 565 2203 Ecclesias.

397 2235 711 2276 Antibarensis.

396 2307 797 2349 Rossanensis—In
822 2307 1075 2347 universum
1099 2305 1242 2360 placet
1264 2304 1501 2351 decretum,
1535 2302 1611 2343 sed
1644 2302 1796 2357 aliqua

340 2380 609 2423 advertenda
627 2397 634 2421 :
666 2380 823 2436 primo,
848 2393 900 2420 an
922 2379 1036 2419 inter
1058 2391 1208 2419 causas
1232 2377 1441 2418 absentiae
1461 2376 1629 2432 aliquid
1651 2377 1794 2431 expri-

338 2455 543 2496 mendum
566 2455 622 2495 sit
644 2454 698 2495 de
721 2454 750 2495 J
754 2458 981 2494 uramento
1014 2451 1133 2507 quod
1153 2457 1367 2507 praestant
1389 2450 1479 2504 Epi
1499 2448 1553 2489 de
1576 2447 1795 2489 visitando

340 2529 514 2569 Limina
535 2527 860 2584 Apostolorum.
924 2527 1054 2574 Item,
1079 2540 1133 2566 an
1153 2524 1422 2581 excipiendae
1446 2522 1794 2564 constitutiones

339 2602 608 2658 Regnorum,
642 2616 742 2657 quae
765 2600 950 2656 exigunt
970 2598 1297 2640 Ecclesiasticas
1329 2611 1536 2653 personas
1568 2596 1612 2636 in
1643 2609 1793 2636 eorum

339 2676 536 2724 consiliis,
563 2682 614 2716 ut
642 2675 754 2715 dixit
782 2673 904 2714 Ill¹¹¹us
926 2672 979 2713 de
1015 2671 1320 2726 Lotharingia‚
1348 2671 1425 2712 &c
1489 2670 1611 2711 Inter
1637 2683 1794 2725 poenas

340 2762 421 2787 non
453 2748 608 2803 placet,
632 2746 750 2803 quod
786 2746 1031 2802 denegetur
1059 2746 1170 2786 actio
1202 2744 1484 2800 simpliciter:
1518 2742 1628 2799 quid
1660 2743 1788 2787 enim,

339 2821 374 2860 si
392 2821 489 2875 quis
508 2821 612 2862 velit
628 2821 742 2862 tueri
754 2822 827 2877 jus
844 2820 1045 2861 Ecclesia}
1061 2820 1075 2858 ?
1107 2819 1208 2859 Non
1223 2819 1368 2874 placet
1383 2817 1580 2858 clausula
1596 2817 1648 2857 de
1666 2816 1788 2857 Prin-

338 2893 517 2948 cipibus.
548 2895 622 2935 scd
645 2894 697 2935 de
719 2895 785 2935 his
807 2893 1025 2950 agendum
1049 2908 1238 2934 scorsum
1255 2893 1348 2933 crit.
1394 2892 1494 2932 Non
1510 2891 1668 2947 placet,
1685 2888 1786 2930 dum
