1905 3254
367 276 451 316 ‘218
995 290 1106 319 ssss.
1131 290 1190 318 vi.

368 395 445 450 qui
480 394 660 434 Concilii
693 394 1003 434 authoritatem
1037 409 1119 434 non
1156 401 1410 449 agnoscunt,
1441 392 1517 433 sed
1537 408 1615 448 pro
1635 393 1716 442 his,
1739 395 1815 450 qui

372 467 466 508 aliis
488 468 530 507 in
550 468 683 508 rebus
705 475 748 508 et
770 467 986 508 Catholici
1007 475 1123 515 sunt,
1147 474 1190 507 et
1214 467 1257 508 S.
1282 466 1336 508 R.
1360 467 1416 507 E.
1440 465 1690 507 obedientes
1710 467 1800 508 filii.

429 539 560 589 Quod
580 554 677 595 spes
699 541 753 581 sit
774 540 985 595 plurimos
1012 539 1235 580 haereticos
1255 538 1334 579 hac
1360 539 1624 580 concessione
1646 539 1702 580 ad
1723 539 1824 579 obe-

371 612 578 653 dientiam
600 628 852 654 reversuros
873 628 978 661 esse,
1001 613 1245 668 praesertim
1267 627 1363 653 cum
1386 612 1515 653 multi
1535 613 1824 668 profiteantur

372 700 429 733 se,
451 686 487 725 si
510 685 639 726 Calix
662 685 934 734 concedatur,
958 684 1014 725 ad
1033 700 1110 725 nos
1131 685 1271 727 redire
1294 685 1422 726 velle.

431 759 561 809 Quod
577 774 771 800 concesso
789 759 949 800 Calicis
970 774 1053 799 usu
1071 766 1390 800 sacrosanctum
1406 759 1556 800 Missae
1574 759 1826 800 sacrificium

372 837 536 889 majore
557 849 654 874 cum
674 833 917 874 reverentia
938 831 1142 888 deinceps
1169 832 1538 887 frequentabitur.

432 904 560 955 Quod
582 906 616 945 si
637 904 893 961 denegetur,
916 905 1061 945 omnia
1083 905 1297 945 contraria
1319 905 1404 945 sint
1424 904 1775 959 pertimiscenda.

432 977 562 1028 Quod
582 976 639 1019 D.
664 977 872 1033 Archiep.
898 977 1115 1033 Pragensi
1146 977 1287 1032 petita
1318 992 1343 1017 a
1370 992 1491 1017 sacra
1520 976 1632 1018 Caes.
1666 977 1828 1032 MaJes-

373 1057 463 1090 tate
498 1049 744 1089 Calixtinos
776 1049 1021 1090 sacerdotes
1061 1048 1289 1089 ordinandi
1321 1048 1507 1089 facultas
1539 1048 1713 1089 concedi
1745 1063 1829 1089 non

374 1137 514 1177 posse,
539 1121 757 1169 videatur,
779 1122 862 1162 nisi
883 1121 949 1162 illi
970 1122 1096 1177 prius
1118 1121 1310 1162 absoluti
1333 1120 1388 1161 ad
1421 1121 1635 1176 gremium
1668 1128 1829 1162 sanctae

374 1195 499 1236 Rom.
523 1195 732 1235 Ecclesiae
766 1194 1061 1250 recipiantur;
1094 1194 1229 1249 recipi
1267 1200 1427 1242 autem,
1463 1194 1545 1234 nisi
1568 1193 1726 1234 Calicis
1748 1209 1832 1235 usu

380 1268 604 1323 permisso,
625 1267 842 1307 neminem
864 1282 1003 1322 posse.

437 1340 567 1390 Quod
588 1340 679 1379 Dni
702 1339 983 1380 Canadiensis
1006 1346 1048 1379 et
1071 1339 1352 1386 Tininiensis,
1376 1339 1603 1395 Episcopi,
1639 1339 1831 1380 omnium

375 1414 662 1454 Praelatorum
688 1412 935 1468 Hungariae
953 1412 1131 1459 Nuncii,
1156 1412 1312 1452 Sancto
1333 1411 1622 1452 OEcumenico
1638 1411 1834 1453 Concilio

375 1486 599 1527 humiliter
632 1485 894 1541 supplicent.
930 1492 980 1525 ut
1011 1485 1218 1525 Ecclesiis
1256 1484 1525 1541 Hungaricis
1556 1485 1831 1541 provideant,

377 1575 477 1615 quae
510 1566 692 1614 propter
723 1565 935 1614 negatum
971 1557 1131 1598 Calicis
1166 1572 1293 1597 usum
1327 1558 1372 1598 in
1403 1572 1563 1612 magno
1585 1559 1669 1598 sint
1690 1558 1835 1599 discri-

377 1633 503 1672 mine.

437 1703 566 1754 Quod
589 1703 845 1744 Sacerdotes
867 1703 997 1744 etiam
1020 1702 1172 1743 incliti¹
1207 1717 1231 1744 a
1254 1702 1494 1744 Nobilibus
1515 1711 1559 1744 et
1583 1704 1759 1760 Populo
1780 1705 1836 1746 ad

380 1778 540 1819 Calicis
562 1778 891 1834 porrectionem²
914 1776 1243 1832 compellantur,
1268 1791 1352 1816 non
1376 1776 1465 1817 sine
1488 1777 1591 1817 vitae
1624 1778 1833 1832 periculo.

437 1850 565 1901 Quod
584 1850 665 1890 nisi
687 1849 871 1890 Nobiles
892 1856 935 1889 et
957 1848 1108 1889 Plebei
1131 1864 1154 1889 a
1184 1863 1302 1889 sacro
1326 1848 1519 1889 Concilio
1549 1849 1724 1890 calicem
1754 1851 1838 1891 sibi

379 1926 641 1981 permissum
663 1924 717 1963 iri
738 1923 1015 1971 confiderent,
1038 1922 1169 1978 longe
1192 1922 1416 1962 acerbiora
1439 1922 1804 1978 aggrederentur.

440 1997 569 2047 Quod
591 1997 634 2036 in
657 1996 896 2052 Hungaria
914 2000 1005 2050 Jam
1028 2010 1076 2036 eo
1100 2001 1278 2035 ventum
1297 1996 1365 2042 sit,
1389 2001 1440 2035 ut
1467 2010 1563 2035 cum
1584 1996 1837 2037 Sacerdotes

381 2071 543 2126 partim
580 2076 761 2124 propter
796 2069 885 2109 vim
918 2067 1134 2124 diffugere
1176 2074 1403 2123 cogantur,
1445 2068 1605 2122 partim
1641 2069 1771 2110 etiam
1814 2086 1838 2110 a

382 2143 586 2184 Praelatis
608 2143 663 2183 ob
684 2141 799 2182 hunc
822 2142 1008 2182 abusum
1031 2142 1277 2196 ejiciantur,
1295 2141 1481 2181 infantes
1503 2142 1595 2182 sine
1617 2142 1837 2198 baptismo

382 2216 544 2270 passim
577 2216 810 2263 intereant,
839 2221 883 2255 et
906 2213 1147 2254 verendum
1182 2214 1252 2259 sit,
1284 2228 1339 2254 ne
1362 2213 1417 2254 ad
1438 2214 1751 2270 Paganismum
1773 2230 1838 2256 re-

382 2289 554 2329 deatur.

440 2360 570 2411 Quod
602 2360 694 2401 haec
722 2360 865 2401 omnia
897 2359 1001 2399 DD.
1038 2359 1148 2400 Ores
1184 2359 1306 2399 Illrum
1333 2358 1439 2400 DD.
1473 2360 1759 2416 Legatorum,
1797 2369 1840 2403 et

379 2433 476 2475 RR.
501 2433 638 2473 Prum
657 2431 823 2487 judicio
844 2447 891 2471 ac
913 2431 1069 2486 pietati
1091 2431 1287 2487 subjecta
1309 2446 1399 2472 esse
1423 2431 1671 2473 voluerunt.

442 2506 535 2546 Sub
570 2504 687 2545 idem
717 2511 893 2559 tempus
929 2502 1040 2544 Ores
1075 2503 1236 2544 Gallici
1265 2504 1435 2559 legatos
1462 2503 1638 2551 adeunt,
1660 2504 1835 2560 illisque

384 2577 571 2618 Caesaris
612 2577 881 2632 petitionem,
925 2583 974 2616 ut
1024 2576 1153 2616 istam
1197 2576 1401 2617 Sanctam
1455 2575 1837 2632 Christianamque

383 2649 681 2691 commendare
713 2663 798 2689 non
830 2647 1057 2689 desinunt:
1096 2648 1217 2688 aiunt
1249 2648 1427 2704 quidem
1456 2649 1624 2690 nullam
1646 2649 1690 2690 in
1712 2665 1836 2691 man-

426 2762 435 2779 ¹
462 2763 503 2792 Le
520 2762 605 2798 Plat‚
620 2761 675 2791 ubi
692 2772 796 2802 supra.

423 2815 436 2832 ²
460 2815 696 2851 Protectiouem‚
718 2815 789 2845 MS.
838 2816 894 2844 See
914 2815 956 2844 Le
973 2814 1058 2851 Plat,
1076 2815 1129 2844 ubi
1147 2823 1250 2855 supra.

1892 1739 1898 1933 ἕ

1888 2064 1893 2227 ,ἰ

1884 2229 1898 2435 2³⁴

1871 3076 1891 3254 l
