1905 3254
702 282 811 312 snss.
839 282 915 311 vn.
1457 268 1540 308 289

81 385 168 427 His
199 387 384 442 acceptis
414 386 565 435 literis,
586 386 792 428 mandant
812 387 973 443 Legati
992 387 1135 427 omnia
1156 401 1308 427 rursus
1329 387 1532 443 privatim

80 460 332 509 examinari,
357 467 490 515 atque
511 460 574 500 ita
593 460 848 515 praeparari,
871 466 922 500 ut
943 475 1039 501 cum
1072 460 1192 501 locus
1224 460 1307 501 erit
1328 460 1536 502 Patribus

80 533 124 572 in
148 532 366 574 Consessu
388 539 700 589 proponantur.

139 605 268 646 Nunc
289 621 389 661 quae
406 607 573 647 interea
591 605 645 646 de
669 606 948 646 Sacramento
971 604 1150 646 Ordinis
1171 606 1418 661 agebantur
1438 621 1534 661 per-

78 691 327 732 sequemur.
385 678 599 720 Doctrina
634 685 782 719 autem
819 685 863 719 et
899 677 1100 719 Canones
1129 678 1291 721 Pfibus
1322 680 1535 734 propositi

79 756 201 790 erant
223 751 347 792 tales.

82 859 243 907 Prima
284 861 529 919 Doctrina,
556 872 602 910 et
627 862 849 911 Canones
888 864 946 909 de
985 862 1297 910 Sacramento
1337 861 1533 910 Ordinis

408 946 634 1008 propositi
660 946 735 992 die
761 945 790 990 9
818 944 1040 992 Octobris
1071 947 1211 992 1562.

138 1049 254 1090 Cum
278 1051 563 1093 Sacrosancta
593 1051 853 1093 Tridentina
885 1051 1086 1107 Synodus
1116 1066 1206 1092 rem
1238 1051 1435 1093 intendat
1455 1051 1535 1092 hoe

78 1122 184 1170 loco,
227 1130 278 1164 ut
316 1139 465 1165 rerum
515 1125 645 1166 series
691 1125 898 1181 postulat,
941 1125 994 1165 de
1037 1124 1213 1165 Ordinis
1254 1125 1533 1166 Sacramento

79 1208 224 1249 agere,
261 1210 349 1250 quo
385 1197 632 1252 spirituales
672 1197 855 1238 ministri
894 1198 937 1237 in
978 1197 1176 1237 Ecclesia
1211 1204 1533 1253 propagantur,

78 1283 220 1323 pauca
260 1269 465 1324 quaedam
506 1269 703 1326 praeferri
739 1270 892 1317 voluit,
934 1270 978 1309 in
1021 1270 1184 1325 quibus
1224 1276 1361 1311 totam
1400 1269 1534 1326 hujus

79 1341 350 1383 Sacramenti
369 1342 595 1391 rationem,
620 1343 811 1398 Spiritus
830 1343 975 1383 Sancti
996 1343 1246 1398 magisterio
1268 1342 1419 1383 edocta
1439 1343 1535 1383 bre-

78 1415 189 1456 viter
210 1415 584 1470 complecteretur,
606 1430 654 1456 ac
676 1415 843 1457 Christi
865 1415 1068 1457 fidelibus
1090 1415 1144 1457 ad
1176 1415 1413 1457 Catholicae
1436 1416 1535 1458 fidei

77 1489 304 1530 veritatem
325 1489 657 1531 confirmandam
679 1489 884 1531 traderet.

136 1562 405 1603 Sacrificium
429 1570 474 1603 et
495 1562 796 1604 Sacerdotium
829 1562 937 1604 adeo
966 1563 1081 1604 inter
1107 1578 1151 1604 se
1173 1566 1404 1620 conjuncta
1426 1578 1532 1611 csse,

81 1641 131 1675 ut
151 1650 288 1676 unum
310 1635 399 1676 sine
421 1636 558 1676 altero
580 1643 775 1676 constare
796 1635 918 1676 nullo
938 1642 1066 1690 paeto
1094 1637 1246 1691 possit,
1277 1651 1331 1678 ex
1356 1638 1452 1691 ipsa
1473 1637 1536 1678 rei

80 1715 241 1750 natura
261 1709 488 1750 manifeste
517 1716 714 1764 apparet.
779 1708 892 1749 Cum
921 1708 1059 1761 igitur
1079 1709 1122 1748 in
1143 1724 1256 1749 novo
1278 1716 1534 1750 testamento

80 1789 277 1823 sanctum
300 1782 587 1823 Eucharistiae
616 1782 871 1823 sacrificium
896 1781 1067 1822 visibile
1095 1796 1120 1822 a
1146 1780 1237 1822 Dni
1264 1782 1534 1823 institutione

81 1853 308 1895 Catholica
327 1854 434 1895 Ecca
462 1855 685 1911 acceperit,
718 1854 845 1895 fateri
877 1854 1007 1895 etiam
1029 1860 1200 1909 oportet
1227 1855 1270 1894 in
1297 1868 1349 1895 ea
1368 1869 1532 1896 novum

80 1942 171 1968 esse
193 1927 365 1968 visibile
389 1934 432 1968 et
454 1934 680 1968 externum
705 1926 1019 1974 Sacerdotium,
1040 1926 1084 1966 in
1111 1927 1231 1982 quod
1252 1934 1381 1968 vetus
1405 1930 1533 1982 (teste

81 2000 313 2055 Apostolo)
338 2000 598 2042 translatum
621 2007 697 2041 est.
760 1999 859 2041 Hoc
880 2006 1027 2041 autem
1050 1999 1106 2039 ab
1128 1999 1278 2040 eodem
1308 2000 1534 2042 Salvatore

81 2086 157 2112 nro
178 2072 429 2115 institutum
453 2089 560 2121 esse,
595 2081 727 2129 atque
757 2073 984 2128 Apostolis
1015 2086 1253 2127 eorumque
1283 2074 1533 2114 successori-

83 2145 166 2186 bus
186 2153 448 2201 potestatem
475 2145 682 2187 traditam
711 2144 988 2186 consecrandi
1019 2151 1061 2186 et
1089 2144 1298 2186 offerendi
1330 2146 1534 2202 Corporis

81 2225 127 2260 et
169 2219 406 2276 Sanguinis
441 2221 524 2268 sui,
567 2218 766 2260 sumendi
799 2219 930 2259 etiam
970 2225 1015 2259 et
1047 2218 1143 2259 aliis
1174 2221 1532 2269 communicandi,

81 2307 241 2334 necnon
264 2300 444 2349 peccata
471 2292 720 2334 remittendi
752 2300 798 2334 et
829 2291 1054 2339 retinendi,
1078 2298 1173 2333 tum
1207 2292 1347 2333 Sacrae
1369 2293 1533 2335 Literae

83 2373 235 2422 aperte
274 2367 523 2415 ostendunt,
565 2374 659 2408 tum
705 2366 943 2407 Catholicae
989 2365 1102 2406 Ecce
1145 2364 1323 2406 traditio
1365 2381 1535 2422 semper

83 2436 238 2479 docuit.
300 2439 363 2480 Et
384 2439 586 2495 quamvis
613 2439 865 2495 negandum
893 2453 977 2479 non
999 2438 1069 2488 sit,
1089 2438 1378 2479 ministerium
1401 2440 1532 2480 etiam

85 2510 208 2551 verbi
237 2510 547 2552 Sacerdotibus
580 2512 818 2559 convenire,
857 2509 1111 2552 Sacerdotes
1144 2517 1291 2550 tamen
1326 2525 1418 2552 esse
1449 2526 1534 2554 non

83 2581 298 2631 desinunt,
331 2584 505 2624 tametsi
536 2599 696 2625 munus
724 2583 804 2624 hoc
835 2598 919 2623 non
952 2588 1203 2623 exerceant:
1241 2582 1361 2637 quod
1394 2584 1531 2640 Apos-

85 2654 199 2696 tolus
232 2662 433 2704 testatur,
466 2656 621 2704 dicens,
658 2657 943 2712 Presbyteros
979 2654 1145 2709 duplici
1180 2653 1342 2695 honore
1377 2655 1534 2712 dignos

86 2741 190 2775 esse,
231 2728 307 2783 qui
346 2729 456 2769 bene
497 2736 708 2784 praesunt,
749 2729 993 2785 praesertim
1035 2741 1120 2774 eOS‚
1154 2727 1229 2783 qui
1262 2727 1461 2770 laborant
1494 2730 1534 2770 in

88 2799 222 2840 verbo
248 2806 291 2841 et
323 2799 529 2842 doctrina.
593 2801 679 2842 Sed
713 2801 918 2856 quoniam
952 2800 1103 2841 divina
1136 2796 1340 2854 quaedam
1372 2816 1440 2843 res
1472 2818 1533 2843 es-

1283 2888 1305 2913 u
