1905 3254
666 326 774 358 sess.
803 328 880 358 vn.
1430 313 1514 354 283

49 431 322 476 Polonorum.
358 433 433 488 qui
460 433 584 473 brevi
610 433 679 474 hic
708 433 909 483 aderunt,
939 434 1117 476 differri.
1185 435 1366 477 Interim
1391 450 1507 483 vero,

36 519 148 560 equae
185 503 240 544 ad
271 504 526 545 firmandam
563 505 774 546 Ecclesiae
807 505 1078 561 disciplinam
1112 507 1316 561 pertinet,
1356 506 1511 548 Patres

47 584 137 620 toto
169 583 343 632 pectore
377 576 478 618 huic
514 577 829 632 [reformationi
863 579 1134 627 incumbant,
1178 580 1508 636 quaeJ¹Synodo

49 650 411 691 existimationem
434 650 488 692 sit
510 651 707 692 allatura.

103 723 266 779 Legati
299 723 562 779 respondent
594 724 648 765 de
685 725 877 766 moribus
908 739 973 773 ea,
1002 740 1102 780 quae
1131 727 1370 767 necessaria
1391 726 1508 768 vide-

47 797 225 846 buntur,
258 813 302 839 se
333 798 586 839 nullatenus
613 798 997 854 praetermissuros,
1023 813 1070 839 ac
1105 799 1367 841 Oratoribus
1402 801 1509 856 ipsis

47 871 471 913 communicaturos:
516 887 613 927 quoe
656 886 759 912 vero
795 871 1054 927 dogmatum
1092 879 1207 920 sunt,
1251 887 1334 913 non
1381 873 1508 915 licere

46 946 222 1002 ipsum,52
235 946 588 1002 repugnantibus
604 946 748 1000 palam
763 944 960 1001 quotidie
976 945 1196 994 Patribus,
1213 953 1256 987 et
1269 948 1510 1002 expectatis

45 1019 216 1061 tamdiu
248 1019 410 1060 frustra
432 1019 726 1068 Adversariis,
761 1019 953 1076 amplius
983 1018 1246 1075 producere:
1280 1027 1509 1062 curaturos

46 1107 89 1133 se
122 1098 283 1141 tamen,
320 1099 370 1133 ut
407 1094 577 1133 summ-21
611 1092 842 1149 diligentia
875 1107 922 1133 ae
956 1093 1208 1134 maturitate
1232 1100 1386 1135 cuncta
1407 1109 1504 1150 per-

44 1171 298 1207 tractentur.

102 1240 283 1280 Postero
337 1238 406 1279 die
462 1238 620 1279 Orator
671 1238 901 1279 Caesareus
944 1238 1421 1292 Quinqueecclesiensis
1463 1241 1505 1281 in

44 1313 228 1354 eandem
250 1312 338 1353 fere
360 1312 617 1353 sententiam
640 1327 736 1352 eum
760 1311 942 1367 Legatis
967 1311 1086 1366 agit:
1120 1311 1294 1359 durum,
1327 1313 1503 1361 seilicet,

45 1384 274 1442 Majestati
304 1385 421 1426 illius
453 1385 560 1425 satis
581 1383 731 1430 videri,
764 1399 861 1424 cum
894 1390 959 1425 tot
992 1385 1147 1440 gravia
1168 1399 1215 1425 ac
1240 1384 1504 1428 Christiana}

44 1459 319 1515 Reipublicae
340 1459 594 1503 necessaria,
613 1465 747 1513 atque
770 1458 825 1498 ab
843 1457 1045 1499 omnibus
1067 1464 1289 1514 exoptata,
1308 1459 1362 1501 de
1379 1461 1504 1501 corri-

44 1532 190 1589 genda
214 1532 456 1587 disciplina,
482 1531 652 1588 agenda
672 1532 907 1587 supersint,
931 1531 1039 1573 adeo
1062 1539 1208 1574 tamen
1231 1533 1348 1574 lente
1370 1535 1415 1575 in
1436 1534 1504 1575 his

45 1606 268 1662 Synodum
298 1606 516 1662 progredi,
548 1613 590 1647 et
620 1606 736 1647 levia
775 1613 950 1647 tantum
991 1609 1314 1663 perstringere3
1366 1610 1505 1650 satius

45 1694 136 1720 esse
172 1679 490 1735 disputationes
525 1678 797 1735 dogmatum,
836 1680 879 1718 in
913 1678 1150 1720 adventum
1183 1680 1504 1736 Episcoporum

46 1753 123 1808 qui
144 1751 398 1806 propediem
421 1757 709 1807 expectantur
731 1750 938 1806 proferre,
972 1757 1016 1791 et
1041 1751 1212 1792 interim
1233 1751 1287 1792 de
1309 1753 1505 1794 moribus

45 1839 176 1880 quam
208 1824 542 1880 diligentissime
578 1830 777 1864 tractare.
842 1823 1041 1872 Addidit,
1075 1839 1233 1879 urgere
1266 1824 1502 1875 Caesarem,

45 1905 96 1938 ut
126 1897 362 1953 postulata,
387 1912 484 1952 quae
508 1901 603 1953 ejus
623 1897 796 1937 nomine
816 1896 987 1952 pridem
1005 1897 1187 1952 Legatis
1204 1897 1419 1948 exhibuit,
1449 1901 1505 1942 ad

45 1970 269 2026 Synodum
305 1971 478 2011 omnino
513 1970 760 2010 referantur
773 1986 783 2019 3
826 1984 903 2010 nec
945 1970 1145 2025 ignorare
1185 1985 1284 2012 eum
1325 1971 1502 2027 quidem

44 2042 286 2098 permultos
321 2042 411 2083 fore
447 2042 614 2090 Patres,
639 2043 729 2098 qui,
762 2058 858 2083 cuin
880 2043 932 2083 iis
953 2042 1176 2098 prohiberi
1197 2044 1501 2095 intellexerint,

42 2130 95 2157 ne
118 2115 174 2156 ad
196 2115 531 2156 Cardinalatum
553 2116 794 2170 promiscue
817 2116 959 2157 cuncti
990 2115 1073 2156 nisi
1103 2116 1349 2157 necessariis
1378 2116 1434 2158 ad
1454 2117 1500 2158 id

35 2181 204 2230 *munus
226 2188 475 2230 obeundum
510 2189 709 2230 instructi
732 2189 976 2230 virtutibus
1004 2187 1314 2244 provehantur,
1347 2205 1419 2231 eos
1440 2191 1504 2232 rei

44 2262 346 2318 magnitudine
380 2262 619 2309 deterritos,
655 2277 753 2317 quae
787 2276 937 2303 eorum
973 2262 1282 2318 indignitatem
1324 2271 1497 2320 arguat,

42 2334 129 2375 illis
167 2349 259 2376 esse
299 2342 647 2391 repugnaturos;
680 2335 794 2376 nolle
826 2342 973 2375 tamen
1007 2333 1226 2375 Caesarem
1260 2335 1395 2378 officio
1423 2351 1501 2378 suo

43 2406 205 2456 deesse,
222 2408 327 2463 quin
348 2423 401 2449 ea
421 2415 594 2449 moneat
614 2423 711 2464 quae
731 2407 996 2448 Christianae
1014 2406 1290 2462 Reipublicae
1312 2409 1501 2450 maxime

43 2480 278 2522 conducere
301 2481 552 2523 arbitratur.
609 2481 708 2522 Hac
730 2480 783 2521 de
808 2495 951 2528 causa,
971 2487 1064 2520 tum
1087 2495 1229 2535 nuper
1250 2481 1380 2522 etiam
1402 2497 1499 2523 cum

45 2553 188 2596 Turca
219 2556 413 2597 inducias
447 2557 489 2596 in
526 2563 725 2598 octavum
761 2570 923 2596 annum
945 2555 1183 2610 pepigisse,
1218 2561 1267 2595 ut
1297 2555 1500 2598 solutiore

45 2628 186 2670 animo
209 2630 338 2670 rebus
362 2629 623 2671 Christianae
647 2629 891 2685 Religionis
918 2634 1103 2668 mentem
1142 2627 1328 2683 adjiciat,
1362 2635 1499 2670 totus-

44 2716 126 2756 que
148 2703 189 2743 in
212 2718 284 2744 eas
304 2703 543 2744 incumbat.

103 2775 172 2816 Ad
203 2775 329 2818 hunc,
368 2776 527 2831 Legati
565 2790 607 2816 se
643 2775 959 2816 reformationis
992 2774 1214 2815 materiam
1249 2789 1345 2815 cum
1370 2775 1500 2816 rebus

170 2866 175 2882 ¹
200 2866 383 2902 Something
400 2871 429 2895 to
445 2866 503 2895 iliis
519 2867 604 2895 effect
628 2865 650 2894 is
668 2876 825 2903 necessary
843 2865 926 2905 to-be
942 2863 1098 2904 supplied.
1230 2864 1241 2879 ²
1265 2865 1373 2904 Ipsos?
