1905 3254
370 279 455 318 460
990 290 1096 320 sEss.
1121 291 1197 319 vn.

429 396 925 447 Trevinensis1—Qu0d
957 403 1123 437 certum
1152 395 1287 436 habet
1317 410 1408 436 esse
1439 394 1735 435 Residentiam
1767 394 1821 434 de

372 473 481 514 Jure
514 472 754 518 Pontificio,
789 478 832 512 et
863 471 1088 517 incertum,
1125 469 1240 524 quod
1271 468 1324 509 de
1366 468 1475 509 Jure
1515 468 1683 508 divino:
1724 467 1822 508 ideo

371 552 487 586 certa
519 559 599 600 pro
632 545 805 585 incertis
836 558 921 583 non
951 541 1237 597 relinquenda
1247 558 1257 590 3
1294 548 1338 581 et
1370 540 1487 596 quod
1518 540 1822 595 strangulabat

371 624 521 659 votum
543 632 684 665 suum,
707 631 803 657 cum
825 616 997 656 noxiam
1020 622 1214 671 urgeret.

430 690 665 730 Dainesius
686 689 739 729 (le
761 689 790 730 J
796 703 872 729 ure
894 687 1053 729 divino.

430 762 487 802 N.
512 761 991 802 Polonus—Neminem
1023 766 1131 814 puto
1162 773 1325 814 negare
1357 773 1447 798 esse
1469 758 1593 798 Juris
1624 757 1761 798 divini
1782 758 1826 798 in

372 834 520 875 ordine
541 841 696 874 nostro.
759 834 831 873 An
854 847 957 873 vero
979 831 1185 886 expediat
1205 830 1440 878 declarare,
1462 830 1508 869 id
1538 830 1728 885 positum
1761 835 1826 869 est

373 907 418 946 in
450 906 752 946 controversia.
814 906 915 959 Ego
949 910 1057 958 puto
1093 918 1177 943 non
1218 902 1439 957 expedire,
1482 917 1576 942 cum
1616 901 1826 942 Haeretici

373 979 471 1020 hinc
500 978 673 1033 capturi
705 978 790 1018 sint
821 977 1081 1017 occasionem
1113 974 1407 1016 calumniandi
1438 975 1693 1023 Ecclesiam,
1726 990 1826 1030 quae

375 1060 439 1094 tot
464 1052 586 1093 annis
607 1058 705 1092 ante
726 1050 805 1090 hoe
825 1049 1104 1105 ignoraverit.

433 1123 875 1181 Sagonensis—quod
894 1138 978 1164 non
1001 1122 1323 1164 declarandum.

435 1200 582 1241 Sancti
602 1199 754 1246 Marci,
779 1198 980 1254 quamvis
1012 1197 1066 1237 sit
1092 1204 1306 1238 statutum
1343 1197 1544 1245 residere,
1566 1204 1713 1239 tamen
1743 1213 1828 1238 non

375 1273 533 1328 probat
574 1286 725 1313 eorum
772 1271 1031 1325 opinionem,
1082 1270 1184 1324 quia
1225 1271 1348 1311 aiunt
1389 1270 1696 1311 declarandum
1737 1287 1829 1312 esse

376 1344 673 1386 Residentiam
714 1343 837 1384 Juris
877 1342 1024 1391 divini,
1067 1342 1142 1382 sed
1184 1343 1329 1397 potius
1375 1343 1454 1384 hoc
1494 1344 1828 1399 relinquendum

376 1417 621 1473 prudentiae
646 1416 912 1457 Sanctissimi
935 1416 1016 1455 Nfl.

435 1488 1087 1543 Amerinus—Amplecteretur
1116 1489 1368 1537 Decretum,
1401 1490 1482 1530 nisi
1511 1489 1737 1531 induceret
1769 1491 1830 1530 ir-

376 1560 679 1602 rationabilem
696 1560 915 1616 quandam
935 1561 1304 1607 consuetudinem,
1323 1569 1371 1602 ut
1389 1577 1487 1616 quae
1510 1562 1643 1602 semel
1663 1569 1832 1603 statuta

377 1639 477 1674 sunt
508 1634 552 1672 in
586 1632 771 1673 dubium
806 1640 1019 1674 vocentur.
1083 1633 1277 1673 Sufficiat
1308 1633 1446 1689 igitur
1478 1634 1715 1674 Decretum
1747 1634 1831 1675 sub

378 1702 518 1742 Paulo
541 1702 694 1742 Tertio
716 1716 813 1742 cum
837 1701 1191 1742 annotationibus
1213 1702 1408 1742 Patrum.

435 1776 590 1816 Abbas
626 1775 1115 1824 Cisterciensis—Quod
1147 1774 1401 1815 Residentia
1433 1782 1498 1816 est
1531 1790 1584 1816 ex
1614 1782 1835 1831 praecepto

380 1849 544 1891 Christi
566 1851 609 1890 in
632 1849 727 1890 aliis
749 1864 845 1889 cum
870 1848 1161 1904 Lotharingio
1183 1855 1227 1889 et
1250 1849 1701 1903 Quinqueecclesiensi
1722 1849 1834 1890 circa

377 1923 503 1963 finem
537 1921 740 1971 Decreti3
773 1922 851 1961 ubi
884 1920 1042 1961 dicitur
1069 1921 1122 1960 (le
1145 1920 1418 1974 exemptione
1441 1935 1525 1960 non
1546 1919 1704 1976 placet,
1727 1935 1833 1975 qua-

379 2004 506 2037 tenus
539 1996 710 2036 obcsset
744 1994 1057 2050 Regularibus,
1080 1995 1184 2048 quia
1216 1993 1427 2048 primaeva
1453 2008 1531 2033 sua
1556 1994 1832 2034 institutione

378 2075 480 2110 sunt
501 2070 708 2123 exempti,
730 2074 781 2108 ut
801 2075 903 2108 sunt
927 2067 1246 2113 Cluniacenses,
1270 2066 1716 2115 Praemonstratenses,
1741 2067 1832 2106 Cis-

377 2140 607 2181 tercienscs
627 2147 670 2180 et
690 2139 862 2180 similes.

436 2215 592 2255 Abbas
642 2213 1175 2262 Claravallensis—Quod
1221 2213 1468 2268 Episcopus
1509 2220 1683 2254 tenetur
1722 2213 1752 2254 J
1757 2229 1834 2254 ure

379 2287 528 2328 divino
564 2302 643 2343 per
679 2302 723 2327 se
758 2286 957 2333 residere,
983 2293 1201 2341 quatenus
1236 2286 1526 2326 necessarium
1560 2294 1624 2327 est
1657 2285 1712 2326 ad
1737 2301 1834 2342 pas-

379 2359 561 2400 cendum
596 2374 789 2415 gregem,
820 2366 863 2399 et
897 2358 1014 2414 quod
1048 2359 1134 2405 illc,
1163 2359 1237 2414 qui
1273 2359 1399 2400 abest
1434 2360 1600 2415 absque
1636 2360 1836 2414 legitima

379 2448 524 2481 causa,
548 2440 689 2474 tamen
724 2432 825 2473 facit
855 2433 1023 2473 fructus
1044 2448 1158 2481 suos,
1182 2434 1386 2488 quoniam
1414 2441 1684 2489 praeceptum
1712 2433 1836 2473 Resi-

381 2505 542 2546 dentiae
566 2512 629 2546 est
647 2505 872 2546 charitatis
888 2512 1075 2553 tantum,
1093 2520 1177 2545 non
1193 2507 1404 2561 justitiae3
1438 2522 1491 2547 ex
1515 2522 1600 2561 quo
1621 2506 1835 2561 sequitur,

381 2595 480 2620 eum
504 2580 579 2635 qui
601 2586 752 2635 peccat
772 2579 816 2619 in
840 2594 904 2627 eo,
928 2578 983 2618 ad
1004 2578 1120 2634 quod
1142 2585 1318 2619 tenetur
1338 2586 1508 2620 tantum
1531 2594 1585 2620 ex
1607 2579 1834 2625 charitate,

381 2668 464 2693 non
494 2653 631 2693 teneri
663 2652 718 2693 ad
747 2653 1079 2693 restitutionem.
1142 2652 1362 2693 Absolute
1387 2660 1534 2694 autem
1555 2654 1680 2702 dixit,
1703 2653 1838 2694 statui

428 2772 433 2789 ¹
461 2772 535 2802 This
550 2773 575 2802 is
590 2784 630 2802 an
646 2772 933 2813 Archiepiscopate.
981 2773 1042 2802 But
1059 2773 1071 2801 1
1089 2778 1212 2812 suspect
1237 2772 1259 2802 it
1283 2772 1395 2803 should
1413 2773 1450 2803 be
1467 2772 1666 2810 Trivicanus,
1684 2785 1716 2803 or
1732 2774 1837 2804 Trevi-

379 2825 488 2855 censis.
514 2827 648 2857 Trcrico.
