1905 3254
383 301 466 341 352
1004 316 1109 345 sess.
1136 316 1161 343 x·
1171 317 1213 345 Π.

433 423 720 463 Nivernensis
753 422 905 464 retulit
939 437 983 462 se
1019 423 1073 463 ad
1108 421 1382 463 (ardinalem
1412 421 1764 477 Lotharingium,
1793 428 1836 463 et

375 493 491 548 quod
523 494 801 535 existimabat
825 510 868 535 se
891 510 981 535 esse
1005 502 1282 550 assumptum
1308 509 1332 534 a
1354 493 1462 541 Deo,
1486 500 1527 534 et
1548 508 1630 533 non
1654 509 1677 534 a
1699 494 1834 549 Papa.

433 566 476 606 N
775 583 871 607 cum
894 567 1200 622 Lotharingio,
1228 573 1270 607 et
1293 566 1409 621 quod
1431 567 1553 621 Papa
1575 574 1640 608 est
1662 574 1835 608 tantum

378 637 723 679 Instrumentum
744 639 788 679 in
811 640 1025 679 creatione
1048 640 1389 695 Episcoporum.

436 710 977 767 Cornovalensis¹—quod
999 720 1101 753 sunt
1124 714 1338 769 Episcopi
1363 713 1417 753 de
1440 714 1469 754 J
1474 728 1550 753 ure
1574 712 1733 753 (livino.

434 783 913 824 Abrincensis2-idem
936 784 1038 825 fere.

437 854 780 896 Cenomanensis
790 856 1107 911 3—Episcopos
1143 871 1234 897 esse
1277 856 1307 896 J
1313 871 1388 896 ure
1431 855 1591 903 divino,
1634 855 1836 895 omnibus

377 927 624 981 superiores
646 927 958 976 sacerdotibus,
993 929 1118 968 sicuti
1140 935 1183 968 et
1205 928 1533 968 Sanctissimum
1556 927 1613 967 D.
1638 927 1696 967 N.
1721 928 1751 968 J
1757 943 1834 968 ure

377 998 524 1039 divino
546 999 749 1040 omnibus
771 999 1004 1055 Episcopis
1026 1015 1225 1055 praeesse.

438 1071 823 1112 Ghisantonensis⁴
845 1071 1010 1112 remisit
1031 1087 1075 1113 se
1100 1072 1154 1112 ad
1174 1071 1515 1128 Lotharingium
1536 1072 1580 1112 in
1602 1072 1816 1112 omnibus.

435 1143 852 1199 Vaurensis-—quod
883 1144 1077 1185 doctrina
1108 1151 1151 1185 et
1176 1143 1374 1185 Canones
1401 1142 1733 1184 accommodatae
1754 1144 1839 1184 sint

381 1215 436 1256 ad
456 1231 629 1257 sensum
653 1216 900 1258 Cardinalis
921 1217 1215 1273 Lotharingii.

438 1293 725 1342 Faventinus,
763 1295 808 1334 in
840 1294 1033 1335 doctrina
1065 1301 1109 1335 et
1131 1295 1304 1335 Canone
1329 1295 1451 1335 varia
1472 1294 1737 1341 observavit,
1760 1309 1835 1349 op-

383 1372 605 1421 tassetque
627 1373 798 1407 sextum
830 1367 1049 1407 Canonem
1081 1368 1303 1407 transferri
1335 1367 1378 1406 in
1407 1374 1649 1407 extremum
1680 1368 1834 1408 locum.

378 1438 448 1479 De
472 1439 668 1494 Septimo
690 1439 866 1480 Canone
888 1440 1013 1489 dixit,
1037 1440 1274 1481 tollendam
1297 1455 1389 1480 esse
1411 1455 1504 1480 eam
1526 1446 1712 1495 partem,
1737 1455 1836 1495 quae

381 1511 506 1551 nobis
526 1526 607 1551 non
630 1519 695 1552 est
722 1519 999 1553 controversa
1031 1528 1128 1553 cum
1161 1513 1401 1561 liae1·eticis;
1432 1528 1529 1553 nam
1565 1521 1609 1554 et
1640 1513 1725 1568 ipsi
1763 1513 1835 1553 ad-

380 1584 563 1624 mittunt
596 1584 838 1639 Episcopos
872 1599 964 1625 esse
1001 1584 1053 1625 de
1087 1585 1116 1625 J
1123 1600 1201 1625 ure
1228 1584 1374 1625 divino
1391 1601 1402 1634 ;
1437 1600 1587 1625 verum
1609 1584 1655 1624 id
1676 1584 1836 1625 adden-

379 1655 484 1695 dum
518 1670 624 1703 esse,
673 1655 790 1710 quod
831 1656 1040 1711 Episcopi
1075 1657 1216 1696 vocati
1253 1656 1517 1697 authoritate
1558 1656 1695 1712 Papae
1737 1664 1838 1698 sunt

380 1728 580 1785 legitimi,
611 1728 818 1784 quodque
842 1728 1007 1769 habent
1029 1730 1346 1784 promotionem
1370 1744 1395 1770 a
1415 1729 1525 1777 Deo,
1552 1736 1600 1770 ut
1624 1730 1684 1771 ait
1706 1731 1836 1786 Igna-

379 1802 479 1842 tius.
543 1802 664 1849 Inde,
689 1802 806 1858 quod
827 1810 928 1843 sunt
945 1802 1163 1858 dignitate
1186 1804 1366 1858 majores
1388 1804 1681 1859 Presbyterio.
1743 1804 1838 1845 Nec

379 1875 525 1916 obstat
552 1875 719 1916 dictum
753 1876 805 1917 Sti
830 1875 1103 1931 Hieronymi,
1138 1877 1243 1932 quia
1268 1876 1536 1932 intelligitur
1557 1876 1705 1932 quoad
1726 1876 1837 1917 ordi-

378 1963 477 1988 nem
501 1948 836 1997 Sacerdotalem,
858 1963 943 1988 non
966 1955 1111 1989 autem
1134 1947 1279 2004 quoad
1301 1948 1330 1988 J
1335 1948 1670 1990 urisdictionem.

437 2020 743 2062 Urbevitanus
755 2020 1026 2075 improbavit
1041 2020 1251 2060 rationem
1268 2020 1445 2061 illorum
1463 2021 1539 2076 qui
1555 2020 1836 2070 contendunt,

379 2092 699 2148 Episcoporum
729 2093 1085 2134 Jurisdictionem
1117 2092 1305 2134 derivari
1342 2108 1366 2133 a
1399 2093 1510 2141 Deo,
1546 2108 1596 2134 eo
1624 2093 1742 2148 quod
1763 2094 1836 2134 ali-

381 2166 556 2222 quando
579 2172 786 2207 vocentur
807 2165 969 2206 Vicarii
1002 2164 1182 2214 Christi,
1213 2172 1256 2205 et
1295 2166 1577 2221 Co-episcopi
1610 2166 1768 2222 Papae,
1794 2172 1838 2207 et

379 2239 539 2294 Legati
572 2238 673 2284 Dei,
710 2244 754 2278 et
787 2236 1016 2278 Columnae
1049 2237 1280 2278 militantis
1312 2238 1534 2279 Ecclesiae.
1596 2238 1713 2279 Nam
1739 2238 1839 2278 hinc

380 2318 652 2366 sequeretur,
689 2309 806 2365 quod
838 2324 921 2349 non
962 2309 1143 2350 daretur
1180 2310 1416 2365 appellatio
1456 2311 1512 2350 ab
1546 2311 1609 2357 iis,
1650 2326 1748 2351 cum
1783 2310 1839 2351 sit

380 2384 493 2425 idem
523 2383 720 2424 tribunal
752 2398 850 2423 cum
882 2383 992 2431 Deo,
1026 2390 1074 2423 ut
1095 2383 1253 2424 dicitur
1279 2384 1322 2423 in
1354 2400 1384 2424 c.
1418 2383 1617 2424 Romana
1648 2384 1701 2424 de
1734 2399 1837 2440 app.

381 2459 433 2498 vi.
495 2457 630 2498 Illum
663 2457 804 2513 igitur
837 2472 928 2497 esse
958 2457 1173 2512 quendam
1206 2457 1412 2512 loquendi
1444 2458 1633 2504 modum,
1672 2458 1749 2513 qui
1783 2457 1838 2498 ad

382 2529 667 2585 Spiritualem
702 2530 892 2585 pertinet
929 2529 1254 2575 authoritatem,
1289 2544 1378 2584 qua
1407 2530 1492 2584 ipsi
1524 2530 1772 2586 funguntur
1792 2530 1836 2570 in

379 2602 653 2644 conciliandis
675 2601 772 2642 Deo
793 2601 1057 2643 hominibus.
1091 2617 1178 2657 qua
1201 2603 1331 2642 etiam
1362 2602 1614 2643 Sacerdotes
1639 2608 1835 2648 utuntur,

380 2690 411 2714 c.
436 2682 479 2715 et
508 2675 613 2729 ipse.
642 2675 742 2729 1.(1Ε
778 2676 812 2714 l.
878 2674 1075 2729 Ideoque
1109 2674 1316 2714 dicuntur
1351 2681 1393 2715 et
1428 2675 1641 2730 Episcopi
1672 2674 1837 2716 Vicarii

484 2795 487 2809 ¹
516 2794 526 2823 ζ)
697 2792 708 2809 2
733 2794 926 2830 Abmcensis,
944 2794 1014 2824 MS.
1190 2794 1203 2811 3
1228 2794 1425 2831 Cenemensis,
1446 2795 1517 2824 Ms.
1695 2796 1705 2811 ⁴
1731 2798 1741 2824 ἐ
