1905 3254
702 280 810 311 sEsS.
839 282 912 309 vn.
1461 270 1536 310 581

82 385 244 433 fuisset,
285 400 410 433 nunc,
451 386 747 427 intercedente
782 389 970 428 maxime
1013 389 1176 429 Senatu
1211 389 1380 431 Veneto
1418 391 1540 433 illius

80 457 322 513 negotium,
347 458 554 498 Summus
576 459 781 500 Pontifex
805 459 1128 508 Cardinalibus,
1160 461 1344 503 Morono
1373 470 1416 504 et
1448 464 1538 505 Na-

82 530 275 586 vagerio,
300 531 480 586 adjectis
502 531 673 587 aliquot
695 547 748 572 ex
772 533 933 588 Synodi
955 534 1175 583 Patribus,
1196 537 1426 577 Sanctitati
1444 553 1536 578 suae

80 603 355 644 referendum
377 604 618 661 delegaret,
634 607 756 661 eujus
770 606 948 646 exitum¹
965 623 1041 648 nos
1056 609 1099 648 in
1115 611 1311 663 sequenti
1341 611 1537 652 Sessione

79 676 230 732 aptius
249 678 561 718 enarrabimus.

137 749 317 790 Interim
341 751 473 791 etiam
498 750 746 806 Margarita
760 752 998 792 Austriaca
1015 752 1190 793 Octavii
1211 752 1421 803 Farnesii,
1433 755 1536 795 Par-

77 823 291 863 mensium
334 830 377 864 et
415 822 766 865 Placentinorum
807 824 960 872 Ducis,
1003 840 1124 873 uxor,
1167 833 1300 881 atque
1342 826 1537 883 Philippi

77 893 214 950 Regis
244 910 372 943 soror,
418 896 473 936 ab
513 896 753 952 eodemque
794 897 1157 938 administrationi
1197 897 1235 938 F
1239 898 1418 939 landriae
1458 899 1537 941 hoc

76 975 271 1024 tempore
303 969 526 1024 praefecta,
561 970 712 1026 magni
745 971 877 1010 animi
899 971 1152 1026 consiliique
1184 971 1356 1020 mulier,
1380 972 1534 1028 Epum

77 1041 429 1089 Atrebatensem,
453 1058 551 1083 eum
576 1043 668 1083 aliis
697 1042 870 1083 duobus
893 1043 1006 1098 Epis
1028 1044 1084 1083 N.
1110 1050 1153 1084 et
1186 1043 1258 1092 N„
1282 1044 1536 1100 aliquotque

76 1113 315 1170 Theologis
348 1115 601 1163 minoribus,
626 1116 703 1170 qui
737 1116 907 1156 Sanctae
942 1116 1115 1172 Synodo
1143 1117 1413 1165 interessent,
1436 1133 1532 1158 cum

73 1187 214 1229 literis
254 1189 342 1228 suis
383 1188 646 1230 Tridentum
690 1189 880 1237 miserat,
922 1204 1023 1244 quae
1067 1190 1121 1230 ab
1164 1190 1447 1231 Atrebatensi
1490 1191 1534 1231 in

75 1261 266 1317 congrue
287 1261 471 1303 redditae
494 1262 547 1302 de
570 1276 781 1317 moreque
803 1262 924 1302 lectae
938 1262 1128 1303 fuerunt.

419 1378 588 1425 Literae
612 1378 893 1442 Margaritae
921 1379 1200 1427 Austriacae.

131 1491 236 1532 Post
266 1490 357 1532 haec
401 1492 635 1533 Generalis
666 1494 849 1534 Patrum
890 1492 1183 1548 Congregatio
1223 1491 1440 1537 indicitur,
1485 1499 1534 1533 ut

71 1563 247 1605 decreta
278 1564 332 1605 de
364 1565 574 1606 abusibus
611 1565 825 1613 ordinum,
859 1580 1003 1620 nuper
1026 1580 1050 1605 a
1078 1565 1303 1606 Praefectis
1326 1566 1533 1606 Patribus

73 1637 304 1678 emendata
325 1638 369 1678 in
392 1653 591 1680 consessu
615 1646 981 1695 recognoscantur
1001 1655 1009 1678 :
1044 1653 1091 1678 ac
1109 1639 1313 1693 quoniam
1327 1653 1377 1678 eo
1399 1639 1530 1679 etiam

72 1717 269 1766 tempore
291 1710 524 1754 difficultas
555 1713 609 1753 de
641 1712 874 1753 residentia
896 1728 943 1753 ae
965 1712 1018 1753 de
1042 1713 1317 1752 Sacramento
1347 1711 1533 1758 Ordinis,

72 1783 172 1824 licet
193 1784 297 1825 satis
318 1785 529 1831 emollita,
552 1785 746 1825 nondum
763 1792 907 1825 tamen
922 1791 1116 1825 concocta
1131 1785 1286 1832 fuerat,
1303 1784 1534 1825 mandetur

71 1873 97 1899 a
117 1857 314 1915 Legatis,
336 1866 387 1900 ut
410 1859 453 1900 in
482 1859 561 1900 hae
585 1858 954 1914 Congregatione‚
979 1873 1110 1914 quam
1136 1864 1374 1898 extremam
1397 1857 1531 1913 hujus

71 1931 271 1972 sessionis
297 1947 390 1972 esse
427 1933 626 1988 cupiunt,
662 1932 806 1972 omnia
839 1932 966 1972 simul
997 1947 1050 1972 ex
1086 1933 1258 1988 integro
1280 1932 1530 1979 recitentur,

71 2018 168 2059 quae
190 2003 233 2043 in
255 2004 440 2044 sessione
463 2012 591 2045 erunt
608 2004 941 2060 promulganda.

131 2076 343 2132 Magnam
365 2077 457 2118 haec
480 2077 780 2135 Congregatio
803 2078 1006 2118 omnibus
1027 2078 1373 2133 expectationem
1397 2077 1530 2118 conci-

71 2149 196 2198 tavit,
215 2150 413 2205 fusisque
436 2151 614 2191 fervidis
629 2152 726 2192 Deo
749 2151 965 2206 precibus,
983 2165 1062 2205 pro
1084 2150 1299 2191 communi
1320 2150 1529 2190 Ecclesiae

73 2238 163 2264 suae
178 2224 490 2272 incolumitate,
507 2224 698 2273 tandem,
710 2224 875 2265 infinita
889 2223 1009 2264 illius
1022 2223 1265 2271 clementia,
1278 2229 1411 2277 atque
1425 2237 1532 2278 erga

72 2312 147 2338 nos
168 2298 346 2353 pietate,
370 2298 532 2339 factum
556 2305 634 2345 est,
657 2304 707 2338 ut
729 2312 778 2338 eo
799 2298 869 2338 die
884 2300 896 2318 ²
918 2298 1060 2337 omnia
1083 2298 1125 2337 in
1155 2297 1408 2337 universum
1432 2311 1528 2351 pro-

72 2370 293 2419 barentur,
314 2371 465 2425 paucis
500 2371 586 2410 illis
622 2377 792 2411 tantum
829 2370 882 2410 de
911 2370 1145 2410 residentia
1173 2376 1216 2409 et
1253 2369 1531 2408 sacramento

73 2443 151 2484 ord
168 2444 234 2483 nis
274 2444 482 2499 exceptis,
526 2458 625 2499 quae
666 2444 773 2484 alias
813 2443 1018 2484 diximus.
1085 2442 1136 2482 In
1174 2441 1386 2482 abusibus
1427 2456 1530 2482 vero

72 2517 273 2558 ordinum
316 2518 516 2573 proprias
555 2517 849 2558 enarrationes
895 2516 1167 2557 functionum
1210 2515 1306 2555 tolli
1346 2514 1528 2571 placuit,

74 2589 196 2645 quod
223 2590 408 2646 singulae
432 2591 474 2630 in
498 2591 702 2631 Ecclesiis
727 2591 799 2631 vix
823 2604 906 2630 usu
942 2589 1074 2643 recipi
1103 2603 1228 2644 posse
1261 2587 1527 2628 viderentur.

70 2661 239 2702 Eorum
268 2668 414 2702 tamen
444 2662 694 2706 institutum
727 2662 928 2703 omnibus
960 2661 1151 2702 maxime
1179 2659 1525 2701 commendatum

74 2732 171 2780 suit,
194 2732 521 2790 singularisque
545 2748 693 2776 eorum
716 2735 760 2775 in
782 2734 982 2775 Decretis
1002 2733 1118 2773 hisce
1132 2733 1293 2773 mentio
1306 2732 1421 2773 facta
1433 2732 1528 2778 fuit.

98 2827 100 2832 '
120 2820 127 2837 ¹
159 2821 316 2862 Exitium,
335 2823 406 2854 MS.
633 2824 644 2841 ²
668 2824 746 2863 July
764 2825 782 2853 9
800 2824 829 2853 in
850 2823 1011 2859 Mmdma,
1031 2821 1149 2853 Suced.
1167 2822 1217 2859 90,
1234 2821 1297 2851 and
1313 2821 1485 2853 Servantio.
