1905 3254
380 303 461 343 268
1014 319 1123 348 SESS.
1150 317 1210 347 Π.

379 424 577 471 avaritia,
612 422 824 463 idolorum
846 424 1049 471 servitus,
1074 422 1144 463 vel
1171 421 1426 469 reverentia,
1460 425 1572 477 quae¹
1597 421 1654 462 ab
1676 420 1828 476 impie-

378 503 468 537 tate
491 497 564 537 vix
585 501 781 552 sejuncta
802 511 892 537 esse
918 502 1076 552 potest,
1112 495 1184 536 vel
1206 494 1470 549 superstitio,
1505 509 1620 535 verae
1656 494 1833 550 pietatis

377 570 488 610 falsa
520 570 744 618 imitatrix,
778 569 967 610 induxit.
1030 570 1181 624 Atque
1213 573 1263 608 ut
1294 568 1436 608 multa
1467 567 1618 623 paucis
1646 581 1834 621 compre-

378 643 641 691 hendantur,
678 643 893 698 imprimis
914 642 1033 697 quod
1056 641 1110 682 ad
1132 641 1361 682 avaritiam
1383 640 1591 696 pertinet,
1620 644 1833 696 cujusque

381 717 551 771 generis
579 715 836 763 mercedem,
860 714 1138 763 conditiones,
1153 720 1294 769 pacta,
1310 720 1354 755 et
1373 713 1585 769 quicquid
1602 728 1681 769 pro
1696 712 1836 753 missis

378 790 500 830 novis
532 788 802 830 celebrandis
837 787 982 836 datur,
1023 802 1189 828 necnon
1219 787 1494 843 importunas
1530 794 1662 842 atque
1695 787 1833 827 illibe-

378 863 493 904 rales
510 863 884 918 eleemosynarum
916 861 1160 901 exactiones
1181 860 1327 916 potius
1349 875 1481 915 quam
1504 859 1833 915 postulationes,

382 938 554 992 aliaque
576 935 842 991 hujusmodi,
866 948 964 989 quae
988 949 1013 974 a
1036 933 1279 973 Simoniaca
1300 933 1415 981 labe,
1438 932 1511 973 vel
1531 939 1644 973 certe
1667 947 1692 973 a
1712 932 1835 987 turpi

380 1013 553 1063 quaestu
572 1021 658 1046 non
679 1006 809 1061 longe
833 1005 1007 1053 absunt,
1041 1005 1215 1044 omnino
1246 1004 1522 1060 prohibeant.
1583 1003 1754 1045 Deinde
1785 1010 1836 1044 ut

378 1080 663 1121 irreverentia
683 1079 859 1126 vitetur,
884 1078 1047 1134 singuli
1068 1078 1112 1118 in
1135 1077 1224 1118 suis
1251 1076 1531 1118 Dioecesibus
1565 1076 1836 1127 interdicant,

379 1170 433 1195 ne
466 1154 537 1194 cui
569 1168 684 1209 vago
717 1159 760 1193 et
796 1152 950 1208 ignoto
986 1151 1201 1192 sacerdoti
1234 1150 1393 1191 Missas
1434 1150 1649 1191 celebrare
1681 1150 1834 1191 liceat:

379 1226 597 1266 neminem
630 1230 857 1280 praeterea,
899 1224 977 1279 qui
1008 1223 1184 1280 publice
1213 1229 1256 1263 ct
1287 1222 1451 1263 notorie
1484 1221 1734 1262 criminosus
1766 1223 1834 1271 sit,

382 1305 459 1340 aut
492 1299 552 1339 SU'
585 1298 732 1338 Altari
768 1298 1026 1347 ministrare,
1062 1304 1139 1338 aut
1167 1297 1294 1338 sacris
1325 1297 1532 1337 interesse
1555 1297 1837 1351 permittant;

380 1386 492 1413 neve
532 1371 761 1427 patiantur
801 1371 983 1426 privatis
1017 1372 1060 1412 in
1093 1371 1307 1417 domibus,
1349 1376 1480 1425 atque
1513 1370 1683 1410 omnino
1714 1376 1839 1411 extra

381 1445 639 1492 Ecclesiam,
685 1451 729 1485 et
750 1444 805 1485 ad
825 1445 1022 1486 divinum
1046 1452 1217 1486 tantum
1239 1444 1404 1485 cultum
1426 1443 1625 1484 dedicata
1652 1444 1840 1485 oratoria

384 1519 440 1559 ab
470 1517 632 1559 eisdem
663 1516 891 1558 ordinariis
917 1516 1183 1573 designanda
1206 1524 1249 1558 et
1280 1516 1498 1558 visitanda
1529 1522 1724 1557 sanctum
1759 1516 1838 1557 hoc

383 1590 637 1632 sacrificium
670 1605 695 1630 a
730 1590 1025 1631 Saecularibus
1060 1596 1136 1630 aut
1169 1589 1470 1645 Regularibus
1503 1590 1838 1645 quibuscunque

383 1664 566 1719 peragi,
599 1678 647 1704 ac
668 1663 751 1703 nisi
773 1664 898 1719 prius
920 1663 996 1718 qui
1017 1663 1231 1710 intersint,
1265 1662 1468 1704 decenter
1488 1664 1724 1720 composito
1746 1679 1838 1706 cor-

383 1736 501 1791 poris
521 1735 693 1783 habitu,
712 1734 1042 1783 declaraverint,
1061 1750 1105 1775 se
1126 1741 1271 1775 mente
1292 1735 1439 1782 etiarn,
1458 1749 1505 1776 ac
1526 1734 1684 1776 devoto
1705 1735 1842 1777 cordis

385 1809 556 1856 affectu,
578 1823 663 1849 non
685 1808 824 1849 solum
847 1823 1026 1864 corpore
1049 1808 1212 1849 adesse.
1276 1808 1350 1849 Ab
1368 1808 1575 1850 Ecclesiis
1591 1824 1692 1851 vero
1710 1811 1839 1852 musi-

385 1897 454 1923 cas
475 1896 560 1929 eas,
591 1880 670 1921 ubi
690 1880 781 1921 sive
803 1895 980 1936 organO,
1005 1880 1096 1921 sive
1121 1887 1265 1929 cantu,
1286 1880 1495 1921 lascivum
1518 1888 1596 1922 aut
1616 1882 1839 1939 impurum

386 1953 554 2010 aliquid
593 1953 799 1994 miscetur
812 1968 822 2002 3
865 1952 971 1994 item
1012 1953 1241 1994 saeculares
1281 1967 1429 1994 omnes
1475 1954 1676 2002 actiones,
1725 1970 1839 1996 vana

384 2034 516 2082 atque
550 2025 657 2067 adeo
692 2027 877 2082 profana
915 2025 1145 2081 colloquia,
1186 2025 1573 2075 deambulationes,
1614 2027 1838 2083 strepitus,

382 2100 595 2142 clamores
622 2105 799 2140 arceant
840 2105 890 2140 ut
924 2098 1079 2139 domus
1111 2099 1199 2139 Dei
1221 2113 1323 2140 vere
1345 2098 1498 2140 domus
1520 2100 1726 2141 orationis
1746 2115 1837 2141 esse

385 2173 602 2221 videatur,
636 2187 684 2212 ac
715 2171 801 2212 dici
834 2171 983 2227 possit.
1045 2172 1273 2213 Postremo
1305 2187 1358 2213 ne
1391 2173 1690 2229 superstitioni
1721 2174 1842 2215 locus

386 2247 545 2302 aliquis
567 2246 709 2294 detur,
745 2245 898 2286 edictis
926 2251 970 2286 et
989 2246 1133 2300 poenis
1154 2246 1390 2302 propositis
1414 2252 1599 2287 caveant
1619 2261 1673 2287 ne
1693 2247 1839 2288 Sacer-

385 2321 511 2362 dotes
539 2321 634 2362 aliis
667 2334 800 2376 quam
835 2318 997 2360 debitis
1028 2319 1144 2360 horis
1182 2320 1426 2370 celebrent,
1458 2334 1566 2361 neve
1589 2320 1700 2361 ritus
1722 2321 1840 2371 alios,

386 2402 463 2436 aut
496 2395 603 2436 alias
637 2392 897 2435 ceremonias
934 2398 977 2433 et
1008 2407 1160 2448 preces
1198 2393 1243 2433 in
1277 2392 1513 2434 Missarum
1550 2393 1842 2435 celebratione

385 2469 635 2516 adhibeant,
670 2472 833 2522 praeter
872 2481 955 2515 eaS,
993 2482 1092 2522 quae
1130 2467 1186 2507 ab
1221 2467 1417 2509 Ecclesia
1445 2467 1643 2523 probatae
1679 2483 1727 2509 ac
1759 2468 1842 2509 fre-

386 2541 538 2596 quenti
559 2547 603 2581 et
623 2539 843 2580 laudabili
876 2555 961 2580 usu
995 2545 1181 2595 receptae
1214 2539 1402 2589 fuerint3
1437 2540 1710 2595 quarundam
1739 2555 1842 2581 vero

386 2614 623 2655 Missarum
660 2621 704 2654 et
742 2612 1020 2654 candelarum
1049 2619 1215 2654 certum
1251 2628 1499 2662 numerum,
1535 2613 1613 2669 qui
1643 2615 1786 2670 magis
1817 2630 1843 2656 a

386 2687 688 2742 superstitioso
719 2686 871 2734 cultu,2
903 2701 1036 2741 quam
1069 2701 1094 2727 a
1128 2701 1234 2727 vera
1264 2686 1476 2742 religione
1513 2687 1721 2729 inventus
1761 2695 1841 2738 est,

431 2789 438 2806 ¹
467 2789 527 2819 Vel
554 2789 626 2819 MS.

428 2846 440 2863 ‘²
463 2845 491 2873 It
507 2814 634 2884 appears
648 2849 678 2875 to
694 2845 732 2875 be
748 2844 841 2875 vultu
857 2845 889 2875 in
905 2845 956 2876 the
974 2846 1056 2885 MS„
1072 2846 1127 2875 but
1144 2845 1169 2877 is
1184 2845 1310 2877 blotted.
