1905 3254
672 303 781 335 snss.
808 303 866 334 vl.
1438 287 1522 328 235

58 412 113 453 ab
147 412 199 452 iis
234 412 447 468 promissa
480 425 572 452 esse
609 411 886 468 p1·aestanda;
930 425 1028 451 cum
1066 425 1119 451 ex
1156 424 1274 451 more
1308 409 1520 451 Ecclesiae

59 485 163 527 satis
188 486 244 526 sit
267 486 375 533 illos,
412 485 616 542 abjurata
637 485 760 540 prius
783 485 900 525 omni
921 483 1090 531 haeresi,
1111 485 1362 540 juramento
1385 489 1522 524 certa-

60 574 147 614 que
163 558 447 614 promissione
470 557 701 613 obstringi,
719 556 838 613 quod
859 564 905 598 et
926 557 969 597 in
993 556 1224 612 Baptismo
1240 562 1285 597 et
1305 556 1523 597 nonnullis

60 632 154 673 aliis
175 631 454 672 sacramentis
475 631 748 671 observatur.
810 631 963 684 Atque
985 629 1022 669 si
1044 629 1100 669 ab
1121 628 1182 669 eis
1203 627 1296 676 hoc,
1314 636 1447 683 prout
1468 629 1522 670 de

53 709 169 760 jure,
193 704 334 745 veluti
365 704 402 744 si
433 718 514 759 pro
538 702 803 743 Christianis
835 701 1038 743 omnibus
1071 701 1386 757 postularetur,
1416 708 1521 743 tunc

58 776 272 818 maturius
303 791 372 817 res
400 775 511 817 foret
538 774 853 830 expendenda3
896 788 1049 815 verum
1080 789 1176 814 cum
1205 773 1251 814 id
1288 774 1370 814 sibi
1410 788 1523 815 nunc

58 849 292 906 privilegio
327 855 511 897 tantum,
547 848 788 903 multisque
822 846 1004 903 adJectis
1034 846 1345 888 honestissimis
1377 846 1521 887 condi-

58 923 254 964 tionibus
286 921 458 964 concedi
488 928 656 977 petant,
689 937 774 963 non
797 921 926 963 video
959 936 1062 962 sane
1095 936 1171 962 cur
1191 935 1341 962 eorum
1363 921 1523 976 petitio

59 996 116 1037 sit
135 994 382 1050 rejicienda.
426 995 544 1036 Nam
567 995 602 1035 si
619 995 897 1051 antiquitatis
914 994 1128 1050 judicium
1152 1000 1385 1050 spectetur,
1404 993 1523 1050 quod

58 1069 181 1110 aliud
210 1070 255 1110 in
278 1069 472 1110 Concilio
504 1069 737 1110 Basiliensi
772 1070 926 1110 Patres
956 1067 1290 1124 responderunt,
1323 1082 1454 1123 quam
1473 1073 1523 1108 ut

59 1141 271 1198 quamdiu
293 1157 393 1199 spes
413 1156 565 1183 corum
583 1142 736 1183 salutis
757 1149 881 1190 esset,
896 1141 1066 1182 tamdiu
1085 1141 1139 1181 ad
1160 1141 1335 1182 illorum
1360 1157 1404 1182 se
1422 1148 1523 1182 vota

56 1215 401 1256 demitterentur.
454 1215 527 1255 Ex
551 1214 889 1255 Commentariis
911 1214 1043 1255 etiam
1073 1214 1204 1254 Card.
1230 1215 1456 1269 Papiensis
1479 1215 1521 1254 in

59 1287 338 1329 Consistoriis
369 1294 462 1328 tum
495 1288 565 1328 Pii
592 1287 664 1335 ΙΙ.,
690 1294 782 1327 tum
807 1287 936 1327 Pauli
961 1287 1039 1334 ΙΙ.,
1070 1294 1115 1328 et
1148 1287 1261 1328 Sixti
1285 1287 1379 1335 IV.,
1416 1288 1521 1327 satis

62 1359 217 1415 liquet,
252 1360 422 1416 quoties
458 1359 538 1400 hac
571 1359 623 1400 de
659 1374 706 1400 re
733 1366 878 1400 actum
912 1359 1010 1406 fuit,
1040 1373 1266 1414 nunquam
1291 1358 1376 1399 illis
1398 1374 1518 1414 spem

57 1431 322 1488 ademptam,
345 1432 421 1473 sed
436 1447 609 1488 semper
624 1432 679 1473 ad
693 1431 937 1472 Concilium
954 1430 1292 1471 OEeumenieum
1315 1430 1518 1471 relatum.

59 1504 176 1546 Cum
196 1505 334 1561 igitur
354 1512 419 1547 tot
441 1506 594 1546 Patres
625 1507 745 1546 tanta
777 1504 996 1559 sapientia
1028 1519 1075 1544 ac
1107 1503 1304 1544 doctrina
1326 1510 1414 1544 tam
1438 1504 1520 1544 fre-

56 1580 209 1635 quenti
228 1594 411 1620 numero
432 1578 498 1620 hic
524 1586 624 1620 sunt
645 1579 792 1624 coacti,
815 1593 885 1619 eos
908 1584 1022 1619 certe
1038 1577 1175 1618 officio
1192 1592 1269 1618 suo
1291 1576 1522 1617 defuturos

59 1652 95 1693 si
124 1652 171 1693 id
204 1652 415 1700 abnuant,
452 1652 685 1702 existim03
717 1651 879 1692 etenim
918 1651 953 1690 si
988 1650 1140 1690 Caesar
1179 1650 1520 1691 constantissime

57 1726 258 1773 affirmat,
279 1725 359 1766 hoc
389 1724 635 1765 rationibus
665 1723 750 1763 illis
781 1722 969 1763 maxime
1001 1722 1301 1777 profuturum,
1334 1738 1410 1763 cur
1432 1737 1517 1764 non

58 1799 97 1840 ei
130 1799 278 1854 potius
310 1812 442 1853 quam
476 1797 573 1838 aliis
604 1796 709 1837 fides
737 1794 1013 1843 adhibeatur,
1042 1795 1119 1850 qui
1152 1809 1196 1835 se
1226 1795 1519 1849 trepidatione

57 1871 203 1927 potius
224 1885 356 1926 quam
377 1876 497 1911 certa
515 1869 681 1910 ratione
705 1869 827 1909 aiunt
848 1867 1056 1908 deterreri
1074 1868 1086 1906 ἶ
1129 1867 1351 1909 Verentur
1381 1869 1520 1924 aliqui

57 1943 350 1999 sacrilegium,
379 1942 482 1983 licet
510 1956 595 1982 non
631 1941 827 1987 formale,
864 1940 1019 1981 saltem
1052 1940 1291 1982 materiale.
1354 1941 1518 1982 Verum

56 2017 211 2059 salutis
234 2031 335 2073 spes
356 2016 499 2057 omnia
518 2015 610 2056 haec
631 2029 840 2071 superare
862 2014 1009 2061 debet,
1043 2014 1155 2054 sicut
1182 2020 1226 2055 et
1257 2029 1282 2054 a
1304 2015 1520 2071 Gregorio

56 2091 242 2146 septimo
267 2088 499 2130 Germanis
535 2086 816 2143 quibusdam,
851 2093 900 2127 ut
940 2093 1115 2142 possent
1148 2086 1192 2126 in
1228 2101 1343 2142 aqua
1374 2103 1516 2129 consc-

57 2178 190 2211 crare,
213 2161 449 2218 aliquando
470 2161 727 2217 permissum
750 2160 882 2200 fuisse
904 2159 1104 2215 legimus.

116 2236 537 2278 Calamonensis—P]
545 2250 600 2291 go
623 2249 704 2275 usu
726 2234 820 2289 ipso
837 2234 882 2273 in
898 2232 1096 2274 Ecclesia
1112 2247 1208 2272 mea
1224 2231 1311 2272 duo
1325 2248 1392 2273 me
1406 2233 1517 2274 didi-

58 2311 164 2352 cisse
179 2312 278 2359 scio,
295 2325 397 2366 quae
415 2325 512 2351 cum
527 2310 570 2350 in
587 2308 792 2364 praesenti
809 2307 957 2363 magni
981 2305 1235 2347 aestimanda
1257 2306 1518 2361 quibusdam

61 2383 303 2431 videantur,
320 2383 428 2424 nihil
451 2389 566 2424 certe
589 2397 768 2438 prorsus
790 2380 994 2422 habenda
1010 2380 1133 2420 duco.
1174 2380 1286 2419 Sunt
1308 2379 1349 2419 in
1364 2379 1516 2420 Eccle-

59 2457 122 2498 sia
142 2472 251 2505 mea,
267 2472 368 2512 quae
391 2457 433 2496 in
453 2456 628 2496 Graecia
649 2461 727 2502 est,
743 2454 937 2509 plurimi,
962 2454 1038 2508 qui
1062 2453 1144 2493 sub
1168 2459 1356 2507 utraque
1379 2454 1520 2507 specie

61 2530 377 2572 communicant
401 2546 411 2578 ;
455 2543 598 2584 neque
640 2535 786 2568 tamen
841 2526 1068 2567 duodecim
1108 2524 1335 2579 perpetuis
1385 2525 1519 2573 annis,

61 2604 220 2660 quibus
242 2604 284 2643 in
305 2603 485 2644 ccclesia
506 2603 569 2643 fui
592 2601 807 2649 assiduus,
840 2600 1091 2641 effusionem
1126 2598 1262 2638 ullam
1295 2605 1372 2638 aut
1395 2599 1519 2638 sacri-

60 2675 227 2732 legium
249 2675 452 2717 accidisse
474 2675 662 2716 memini.
710 2674 869 2715 Itidem
891 2674 934 2714 in
958 2672 1108 2714 eadem
1131 2671 1324 2719 ecclesia,
1348 2671 1518 2712 eodem-

62 2764 147 2805 que
170 2749 238 2791 die
262 2749 401 2805 aliqui
424 2756 658 2804 utramque
691 2748 879 2804 speciem
912 2752 1106 2794 sumunt,
1143 2745 1282 2799 aliqui
1303 2745 1345 2784 in
1366 2759 1519 2800 azymo

64 2837 186 2889 pane,
224 2822 359 2877 aliqui
397 2823 438 2862 in
475 2822 744 2868 fermentato,
781 2820 1122 2866 ‹·ommunicant;
1155 2832 1229 2858 nce
1253 2824 1397 2858 tamen
1424 2833 1517 2872 per-
