1905 3254
717 251 825 281 SEss.
850 250 925 280 vii.
1467 237 1549 276 :319

87 366 252 402 remota
263 376 274 409 3
308 358 426 414 quod
456 359 491 399 si
520 359 777 415 neglexerit,
800 359 1050 415 Episcopus
1071 360 1165 414 ipse
1187 359 1387 415 deputet.
1450 359 1539 400 Do-

87 435 246 477 cebunt
265 440 413 475 autem
431 433 642 489 praedicti,
662 447 762 488 quae
782 432 1053 474 videbuntur
1067 434 1291 490 Episcopo
1308 434 1514 491 expedire
1530 449 1540 483 ;

87 508 140 551 de
161 514 317 549 caetero
339 521 442 548 vero
463 507 614 554 officia,
638 507 710 547 vel
731 507 967 562 dignitates
988 507 1110 562 ipsae,
1143 522 1243 563 quae
1268 507 1542 549 Scholasticae

87 581 303 626 dicuntur,
324 595 410 622 non
432 580 516 621 nisi
537 580 817 628 Doctoribus,
849 580 921 620 vel
943 580 1176 635 magistris,
1203 587 1281 620 aut
1310 581 1543 622 licentiatis

87 655 132 696 in
165 669 286 696 sacra
321 653 500 710 pagina,
536 660 614 695 aut
647 654 691 694 in
724 654 837 695 Jure
876 653 1106 700 Canonico,
1149 660 1192 693 et
1225 652 1319 693 aliis
1348 654 1543 709 personis

85 728 266 777 idoneis,
299 734 343 769 et
375 728 474 783 qui¹
509 742 588 784 per
614 728 777 783 seipsos
798 727 844 768 id
863 741 1021 768 munus
1042 725 1220 782 explere
1241 727 1422 782 possint,
1446 742 1541 768 con-

87 803 273 845 feratur:
306 809 350 843 ct
372 802 500 844 aliter
522 801 635 843 facta
662 802 851 857 provisio
885 801 1009 841 nulla
1040 801 1109 849 sit,
1140 808 1184 841 et
1216 800 1422 849 invalida,
1457 816 1543 842 non

86 875 362 918 obstantibus
383 875 615 930 quibusvis
635 875 895 931 privilegiis,
928 881 971 915 et
992 874 1381 915 consuetudinibus
1412 875 1543 917 ctiam

86 948 501 991 inmemorabilibus.

144 1023 191 1063 Si
213 1037 315 1063 vero
336 1023 381 1063 in
403 1022 554 1078 aliqua
576 1021 809 1063 Provincia
838 1021 1047 1062 Ecclesiae
1075 1028 1245 1062 tantum
1281 1027 1544 1077 paupertate

86 1096 351 1144 laborarent,
394 1103 444 1137 ut
487 1095 738 1152 Collegium
779 1096 824 1136 in
862 1096 1086 1151 aliquibus
1127 1096 1237 1151 erigi
1272 1110 1358 1136 non
1394 1095 1543 1151 possit,

88 1168 289 1226 Synodus
325 1169 609 1211 Provincialis
641 1169 709 1211 vel
744 1169 1081 1225 metropolitana
1114 1184 1212 1210 cum
1241 1168 1413 1209 duobus
1435 1168 1545 1209 anti-

89 1243 318 1300 quioribus
349 1242 638 1299 suffragancis
669 1243 714 1283 in
742 1242 943 1284 Ecclesia
976 1242 1332 1297 Metropolitana,
1367 1241 1437 1282 vel
1461 1241 1546 1282 alia

87 1316 375 1358 Provinciali²
397 1316 578 1357 ecclesia
600 1315 888 1361 commodiori,
913 1330 1049 1356 unum
1080 1321 1156 1356 aut
1179 1315 1307 1370 plura
1329 1313 1544 1371 Collegia,

88 1397 218 1448 prout
239 1396 536 1446 opportunum
554 1389 787 1446 judicabit,
821 1405 873 1431 ex
896 1389 1113 1431 fructibus
1133 1389 1308 1430 illarum
1330 1388 1546 1429 Ecclesia-

88 1468 214 1513 rum,³
250 1466 294 1506 in
337 1465 502 1520 quibus
542 1465 688 1520 ipsum
723 1463 975 1519 Collegium
1012 1461 1232 1503 commodo
1260 1462 1431 1503 institui
1461 1476 1546 1502 non

89 1545 248 1596 potest,
270 1537 479 1593 erigenda
499 1537 694 1586 curabit3
726 1536 878 1591 ibique
899 1535 1027 1591 pueri
1048 1535 1226 1576 illarum
1249 1535 1545 1576 Ecclesiarum

88 1611 361 1654 educentur.‘

143 1685 276 1734 Tum,
297 1690 510 1725 conventu
532 1689 779 1730 convocato,
805 1681 1052 1722 Cardinalis
1072 1681 1112 1723 V
1117 1682 1354 1730 armiensis,
1375 1682 1546 1737 exposi-

89 1759 146 1800 tis
166 1758 412 1800 rationibus
439 1772 514 1798 cur
536 1757 688 1811 aliqua
708 1756 752 1796 in
772 1769 962 1810 prcesens
982 1754 1317 1803 submovissent,
1349 1754 1547 1795 subdidit

92 1847 116 1874 a
133 1830 354 1873 nonnullis
375 1830 584 1871 Patribus
611 1836 813 1885 optatum
836 1829 984 1875 fuisso,
1011 1829 1084 1869 ut⁵
1114 1827 1167 1869 dc
1194 1827 1276 1877 his,
1308 1842 1409 1884 quae
1431 1843 1546 1869 nunc

91 1911 411 1962 proponuntur,
445 1904 669 1945 sententiae
709 1902 838 1943 simul
879 1917 968 1942 una
1006 1902 1233 1957 rogatione
1274 1901 1519 1943 dicerentur
1531 1918 1542 1952 ;

93 1978 200 2020 alios
221 1978 398 2034 petiisse
419 1984 470 2019 ut
487 1977 634 2018 omnia
653 1976 800 2032 potius
822 1975 866 2015 in
882 1982 968 2016 tres
986 1981 1133 2030 partes
1149 1974 1544 2024 dist1·ibuerentur;

98 2051 203 2093 alios
234 2057 286 2091 ut
323 2050 377 2091 ad
412 2049 558 2106 priora
598 2055 771 2089 tantum
813 2055 1003 2102 quatuor
1038 2046 1201 2103 Capita
1235 2047 1450 2102 imprimis
1490 2047 1547 2088 ab

92 2124 294 2166 omnibus
324 2121 690 2178 responderetur3
724 2121 920 2178 Legatos
952 2135 1051 2161 vero
1084 2135 1173 2161 rem
1194 2120 1411 2175 integram
1432 2119 1546 2175 ipso-

92 2212 189 2239 rum
211 2196 394 2237 Patrum
419 2194 598 2236 arbitrio
624 2193 865 2249 reliquisse,
897 2200 948 2234 ut
980 2193 1138 2248 cuique
1168 2191 1312 2240 liccat,
1345 2206 1421 2233 seu
1453 2206 1546 2232 con-

94 2270 276 2327 junctim
310 2268 364 2310 dc
397 2268 611 2315 omnibus,
635 2282 712 2308 seu
738 2267 863 2308 malit
894 2266 947 2307 de
972 2266 1210 2322 aliquibus,
1232 2266 1546 2321 pronunciare3

95 2357 253 2399 cupere
275 2356 347 2382 cos
369 2341 562 2397 quidem,
583 2355 671 2396 quo
704 2340 861 2381 certior
891 2343 1106 2395 cujusque
1137 2352 1256 2379 mens
1283 2337 1377 2379 elici
1398 2337 1547 2393 possit,

99 2417 214 2470 (cum
246 2415 449 2472 plerique
479 2415 610 2471 longe
634 2414 972 2471 digrediantur)
997 2419 1058 2462 ut,
1080 2418 1179 2467 post
1201 2411 1357 2451 dietam
1380 2417 1548 2452 senten-

96 2488 215 2537 tiam,
247 2488 552 2544 unusquisque
593 2487 701 2543 quid
741 2487 990 2543 prospicere
1031 2485 1085 2525 dc
1126 2484 1310 2541 singulis
1349 2483 1551 2526 Decretis

99 2562 271 2610 sentiat,
293 2561 504 2603 brevibus
525 2561 672 2602 verbis
693 2560 947 2602 adnotatum
971 2558 1202 2614 relinquat.

154 2634 271 2676 Hinc
305 2634 556 2675 Cardinalis
591 2633 909 2689 Lotharingius
940 2646 1118 2672 exorsus
1144 2630 1279 2671 biduo
1306 2645 1550 2673 consessum

310 2713 318 2731 ¹
345 2712 451 2750 Quod,
470 2712 540 2743 MS.
922 2710 934 2727 ⁸²
958 2709 1132 2740 Provinciae
1151 2709 1181 2738 in
1198 2708 1241 2738 Le
1255 2707 1337 2738 Plat.

410 2762 423 2779 ³
448 2762 589 2793 Ecclesia
608 2763 637 2792 in
655 2763 704 2793 the
722 2763 809 2799 MS.;
834 2760 985 2791 corrected
1004 2760 1080 2789 from
1100 2759 1142 2788 Le
1159 2757 1242 2788 Plat.

201 2812 213 2830 ⁴
242 2812 284 2841 Le
300 2811 370 2842 Plat
389 2811 442 2841 lias
457 2823 541 2842 more
559 2812 745 2849 concerning
762 2810 810 2841 ἲὶιθ
827 2810 927 2840 minoi·
944 2809 1057 2839 malm-s.
1274 2806 1285 2824 ⁵
1311 2806 1361 2843 Et,
1379 2807 1450 2837 MS.
