1905 3254
379 271 459 312 198
1010 286 1118 316 snss.
1146 286 1206 316 vi.

435 390 691 430 Parisiensis
713 388 900 436 dicebat,
920 389 1132 444 Spiritum
1153 390 1359 430 Sanctum
1377 389 1588 430 infudisse
1605 390 1648 429 in
1672 390 1836 430 animos
1886 400 1888 402 '

377 462 575 508 Patruin,
601 468 651 501 ut
674 460 783 501 hanc
804 461 1089 516 quaestionem
1111 461 1165 502 de
1199 462 1418 502 oblatione
1451 468 1703 510 tractarent,
1738 478 1837 518 quae
1884 506 1888 512 ,

376 538 708 579 fundamentum
732 546 796 580 est
817 539 1039 594 religionis
1060 547 1231 587 nostrae,
1256 546 1300 580 et
1322 540 1515 580 sacrificii
1540 539 1726 589 Christi3
1757 540 1837 581 hoc
1884 534 1889 582 ᾗ

376 613 489 652 enim
510 612 769 653 sacrificium
791 612 1077 653 initiatorium
1101 612 1219 653 illius
1241 612 1447 661 extitisse,
1479 612 1595 668 quod
1616 612 1772 653 deinde
1794 614 1837 654 in
1884 639 1888 666 ;

377 700 503 726 cruce
527 692 753 741 peractum
788 692 878 735 est,
914 693 1156 740 utrumque
1180 686 1291 726 enim
1317 684 1468 726 eodem
1494 700 1653 741 genere
1677 685 1837 733 claudi,

376 773 472 798 cum
496 759 681 799 alterum
714 759 770 799 sit
803 758 1088 814 principium,
1122 758 1312 799 alterum
1347 758 1401 798 sit
1437 759 1535 798 finis
1568 765 1610 799 et
1641 773 1838 799 consum-

376 831 535 872 matio:
570 831 766 886 adeoque
795 832 951 872 acriter
973 831 1081 871 hanc
1104 846 1192 871 rem
1218 831 1419 886 urgebat,
1443 838 1493 871 ut
1516 847 1560 872 se
1583 831 1838 872 haereticum

377 902 531 943 haberi
555 918 680 958 posse
703 903 942 950 dubitavit,
966 904 1000 943 si
1024 903 1153 944 aliter
1175 903 1348 943 omnino
1371 904 1564 944 sentiret.
1628 903 1839 944 Lucensis

377 977 510 1017 biduo
533 992 623 1017 rem
645 977 753 1018 hanc
776 983 1047 1033 prosecutus,
1074 976 1245 1016 unicam
1270 976 1403 1017 fuisse
1426 977 1708 1025 oblationem,
1734 992 1844 1032 qua-1

377 1057 503 1090 tenus
519 1049 572 1091 de
591 1065 637 1090 re
653 1051 749 1106 ipsa
768 1049 928 1096 oblata,
950 1049 1048 1095 viz„
1069 1048 1245 1089 Christo
1267 1049 1364 1089 Dno
1380 1064 1471 1097 nro,
1492 1049 1651 1105 agitur,
1672 1050 1838 1099 aiebat3

380 1137 531 1163 verum
564 1121 772 1162 offerendi
808 1120 957 1161 modos
990 1120 1152 1176 plures,
1182 1120 1424 1175 variosque,
1450 1121 1659 1162 extitisse.
1722 1121 1840 1161 Nam

378 1208 430 1234 ex
468 1194 524 1233 D.
550 1193 706 1233 Thom.
741 1195 785 1232 in
818 1193 869 1233 3³.
906 1208 997 1248 par.
1031 1200 1172 1248 quest.
1198 1193 1267 1241 83,
1293 1199 1373 1233 art.
1399 1193 1425 1232 5
1447 1207 1560 1248 resp.
1585 1192 1639 1234 ad
1662 1193 1839 1234 tertium

378 1266 629 1306 recensebat
651 1266 893 1321 passionem
920 1266 1158 1306 Salvatoris
1180 1266 1260 1311 nri,
1282 1265 1382 1306 licet
1398 1280 1486 1306 una
1503 1272 1670 1307 tantum
1694 1266 1839 1312 fuerit,

379 1338 643 1394 quibusdam
678 1345 823 1380 tamen
858 1339 985 1393 quasi
1022 1338 1234 1394 gradibus
1266 1345 1514 1393 peractam3
1551 1339 1703 1393 primo,
1739 1354 1839 1379 cum

378 1412 577 1467 proditus
602 1427 627 1452 a
647 1411 783 1459 Juda,
818 1412 873 1451 20.
899 1427 996 1452 cum
1020 1411 1238 1458 venditus,
1264 1411 1320 1452 3⁰.
1346 1412 1389 1451 in
1411 1411 1649 1452 ministerio
1681 1427 1836 1455 coenae.

376 1487 432 1525 4⁰.
457 1487 501 1525 in
525 1500 647 1526 cruce
682 1486 870 1540 acceptis
894 1487 919 1525 5
944 1485 1102 1540 plagiS,
1136 1486 1190 1525 5⁰.
1216 1485 1261 1524 in
1294 1484 1502 1525 effusione
1535 1486 1774 1541 sanguinis,
1798 1492 1841 1526 et

377 1559 434 1598 sic
458 1558 659 1613 deinceps
682 1572 821 1612 usque
839 1557 894 1596 ad
915 1556 1297 1605 resurrectionem,
1322 1556 1510 1612 ideoque
1533 1572 1699 1598 coenam
1723 1565 1840 1599 recte

378 1630 591 1683 passionis
623 1629 881 1684 participem
915 1629 1059 1669 fuisse.
1122 1627 1195 1668 Ad
1228 1627 1321 1668 haec
1350 1629 1510 1677 aiebat,
1534 1630 1661 1670 sicuti
1683 1631 1840 1671 merita

379 1701 547 1742 Christi
580 1701 874 1756 praecedentia
906 1716 990 1742 non
1026 1701 1244 1742 tolluntur
1266 1703 1481 1751 expcrucis
1512 1703 1729 1757 patibulo,
1764 1703 1841 1744 sed

377 1775 525 1829 potius
559 1781 791 1829 augentur,
836 1775 899 1815 ita
935 1774 1067 1815 etiam
1103 1774 1298 1829 potuisse
1336 1774 1560 1816 Christum
1603 1776 1753 1817 Dnuin
1795 1778 1840 1818 in

377 1863 500 1889 coena
522 1863 566 1889 se
589 1848 756 1895 offerre,
791 1855 835 1889 et
859 1856 1015 1904 postea
1039 1849 1080 1888 in
1102 1864 1227 1889 cruce
1246 1849 1499 1890 sacrificium
1517 1865 1838 1901 consummare3

376 1936 475 1961 nam
509 1921 634 1961 sicuti
666 1921 708 1961 in
743 1921 839 1961 aliis
876 1922 1082 1963 merendo
1119 1922 1310 1969 vivebat,
1349 1923 1410 1963 ita
1443 1923 1485 1962 in
1521 1923 1600 1964 hoc
1633 1923 1837 1965 merendo

377 2001 574 2035 mortuus
596 2001 671 2035 est.

437 2065 560 2106 Idem
593 2067 853 2115 Lucerinus,
888 2082 942 2107 ex
977 2067 1241 2108 authoritate
1267 2067 1492 2123 Cypriani,
1515 2068 1558 2108 in
1581 2083 1671 2124 cap.
1698 2069 1838 2124 Scrip-

378 2144 494 2185 tura,
528 2137 582 2178 de
617 2138 968 2186 Consecratione,
998 2138 1185 2180 distinct.
1222 2140 1278 2189 2²¹,
1301 2140 1459 2181 aiebat.
1526 2140 1840 2196 Campanensis

378 2210 558 2259 addidit,
583 2227 681 2252 cum
704 2212 808 2252 olim
832 2212 1039 2252 sacrificia
1063 2213 1222 2253 veteris
1245 2213 1369 2269 legis,
1403 2214 1579 2268 culpam
1603 2220 1775 2254 tantum
1798 2221 1841 2255 et

377 2298 568 2338 poenam,
594 2299 695 2339 quae
719 2284 919 2339 positiva,
944 2300 1028 2325 non
1053 2301 1146 2326 eam
1172 2301 1272 2340 quae
1305 2285 1451 2326 damni
1485 2286 1658 2333 dicitur,
1693 2288 1839 2342 expia-

376 2364 487 2405 rent,
520 2356 619 2398 hine
647 2358 785 2412 sequi,
820 2358 1077 2398 sacrificium
1110 2366 1305 2399 nostrum
1336 2359 1390 2399 ad
1415 2366 1562 2400 vetera
1584 2359 1697 2400 illud
1719 2359 1839 2400 addi-

375 2428 502 2476 disse,
527 2436 577 2470 ut
594 2433 795 2484 utroque¹
820 2444 899 2469 nos
922 2429 1037 2470 malo
1061 2430 1270 2471 liberaret
1288 2448 1298 2481 3
1321 2435 1448 2486 cujus
1467 2432 1653 2487 generis*
1676 2431 1840 2473 Christi

377 2500 467 2540 Dni
499 2502 567 2542 nri
603 2516 737 2556 opera
769 2502 973 2551 extitisse,
1008 2503 1133 2557 cujus
1164 2503 1339 2558 integra
1361 2504 1484 2551 vita,3
1515 2505 1717 2559 quamvis
1740 2520 1840 2545 vere

377 2578 509 2618 variis
543 2578 788 2619 actionibus
823 2577 956 2619 fuerit
993 2578 1208 2627 distincta,
1248 2586 1407 2627 tamen,
1445 2586 1495 2620 ut
1531 2580 1706 2620 unicum
1744 2581 1838 2635 ejus

423 2709 429 2726 ¹
458 2711 608 2749 Utraque,
628 2710 697 2740 MS.
1116 2707 1128 2723 ²
1153 2711 1277 2746 Generi⁷
1296 2713 1366 2742 MS.

420 2760 432 2776 ³
458 2759 533 2805 This
557 2760 638 2789 word
664 2761 726 2789 and
751 2761 799 2790 the
826 2761 989 2801 preceding
1013 2760 1127 2791 should
1153 2761 1291 2801 properly
1310 2761 1346 2791 be
1363 2762 1395 2791 in
1420 2762 1469 2791 the
1492 2763 1686 2801 accusative3
1710 2763 1767 2794 but
1791 2764 1840 2793 the

381 2807 477 2837 whole
494 2808 517 2837 is
533 2809 784 2848 unsatisfactory.
