1905 3254
713 288 828 317 sEss.
856 288 933 318 vn.
1469 277 1555 317 423

90 393 239 448 agitur
258 391 312 433 de
336 391 527 441 Curatis,
546 392 623 434 illa
639 395 900 449 privationis
917 396 1124 437 Beneficii
1140 410 1284 451 poena.
1347 396 1553 438 Tollatur

88 468 219 509 etiam
242 466 400 507 ultima
420 481 524 521 pars
545 466 719 508 decreti.

144 538 582 595 Ragusinus—quod
613 539 827 595 Episcopi
854 540 957 581 loris
984 547 1030 582 et
1056 541 1246 597 flagellis
1279 541 1552 583 adducantur

89 611 142 652 ad
172 611 462 660 residentiam,
501 611 661 652 durum
697 612 826 652 nimis
861 612 1053 663 videtur,
1086 620 1131 654 et
1171 615 1307 654 satius
1347 622 1550 670 putarem

87 690 278 725 statuere
312 690 406 724 octo
443 699 613 725 menses
649 684 862 725 continuae
896 684 1158 732 residentiae,
1180 685 1404 741 reliquum
1424 686 1551 726 relin-

88 772 220 814 quere
255 772 405 798 eorum
439 758 739 807 conscientiae3
772 764 816 799 et
835 758 871 798 si
893 772 1039 813 poenae
1071 758 1334 814 temporales
1355 773 1441 800 non
1462 759 1551 799 suf-

86 831 247 880 ficiunt,
284 838 534 872 recurratur
570 830 626 872 ad
662 831 926 886 spirituales,
967 837 1017 872 ut
1057 832 1421 888 exemplificetur,
1465 848 1552 888 quo

80 907 179 962 jure
201 912 436 946 teneantur
457 904 646 946 residere
670 904 888 946 Pastores.

143 978 174 1019 J
177 976 531 1018 adrensis—Non
564 977 667 1018 satis
695 977 898 1034 intelligo
928 993 1078 1019 eorum
1102 977 1355 1026 doctrinam,
1379 979 1455 1034 qui
1489 978 1550 1019 fa-

85 1056 232 1092 tentur
257 1050 496 1091 Dominum
519 1050 694 1106 quidem
725 1052 999 1107 praecepisse,
1033 1058 1083 1093 ut
1114 1067 1344 1107 pascamus
1381 1067 1550 1108 greges,

85 1123 138 1165 de
160 1122 290 1164 modo
323 1130 471 1164 autem
495 1123 701 1178 pascendi
722 1123 828 1165 nihil
849 1125 1120 1180 praecepisse,
1146 1125 1221 1166 sed
1254 1126 1478 1181 reliquisse
1506 1125 1553 1166 id

88 1196 368 1239 statuendum
410 1197 649 1247 Ecclesiae3
697 1213 797 1239 nain
841 1205 1063 1254 praecepto
1105 1199 1286 1240 Domini
1327 1206 1552 1255 utcunque

85 1279 298 1314 tenemur.
362 1270 560 1326 Ideoque
601 1271 713 1312 ratio
753 1272 833 1313 illa
873 1273 916 1312 in
958 1272 1168 1327 principio
1209 1272 1388 1321 decreti,
1432 1273 1553 1329 quod

85 1344 242 1386 damna
272 1359 358 1385 non
390 1352 574 1399 possunt
609 1345 819 1392 resarciri,
842 1359 926 1385 non
948 1344 1123 1386 videtur
1145 1346 1388 1386 necessaria
1405 1363 1415 1396 3
1448 1361 1547 1387 nam

85 1418 262 1460 Domini
295 1425 572 1475 praeceptum
605 1426 682 1460 est.
745 1419 847 1460 Non
879 1419 1025 1474 placet
1059 1419 1258 1475 exceptio
1279 1420 1333 1461 de
1358 1420 1551 1461 Casibus

84 1493 313 1535 reservatis
334 1493 378 1534 in
408 1493 541 1534 Bulla
561 1494 604 1534 in
627 1493 769 1535 Coena
791 1494 972 1534 Domini
990 1510 1000 1543 3
1025 1509 1123 1535 cum
1145 1494 1208 1534 illi
1230 1495 1412 1549 plurimi
1433 1496 1548 1537 sint:

84 1568 234 1624 potius
269 1581 473 1622 cuperem
502 1566 839 1622 impedimentis,
864 1582 965 1623 quae
987 1567 1220 1623 Episcopis
1240 1567 1501 1616 inferuntur,
1525 1583 1551 1609 a

87 1639 263 1696 Synodo
285 1638 518 1695 provideri.

143 1711 714 1768 Materanus¹-—Agendu1n
737 1712 864 1768 prius
884 1718 997 1752 esset
1020 1718 1167 1753 contra
1189 1712 1416 1768 Principes
1436 1711 1547 1769 Epi-

85 1800 311 1842 scoporum
354 1785 666 1827 authoritatem
709 1785 1032 1840 perturbantes,
1069 1791 1113 1826 et
1148 1785 1361 1841 gravibus
1403 1787 1546 1842 poenis

87 1859 296 1901 adversus
318 1874 390 1900 eos
412 1859 704 1900 sanciendum.

144 1934 540 1975 Surrentinus—In
562 1934 777 1989 prooemio
794 1932 1037 1981 dicendum,
1058 1946 1155 1973 cum
1173 1946 1321 1972 omnes
1338 1938 1426 1973 tam
1440 1931 1548 1973 divi-

85 2020 152 2052 no,
171 2019 300 2061 quam
323 2005 514 2046 humano
532 2010 632 2061 jure
656 2020 835 2061 gregem
858 2020 1010 2061 regere
1033 2010 1278 2051 teneantur,
1301 2004 1378 2045 Sec.
1428 2003 1550 2046 Inter

87 2093 235 2119 causas
270 2078 313 2119 in
345 2080 487 2134 prima
521 2078 708 2126 dicatur,
738 2078 947 2134 quamdiu
979 2076 1300 2118 rationabiliter
1334 2076 1550 2118 Sanctitas

87 2165 166 2192 sua
195 2166 295 2192 eum
332 2151 485 2192 abesse
516 2151 674 2193 debere
698 2151 999 2199 declaraverit,
1023 2150 1101 2191 Sec.
1167 2149 1217 2189 In
1239 2155 1398 2204 quar-ta
1419 2164 1550 2191 causa

88 2223 333 2273 dicendum,
356 2240 436 2281 pro
458 2225 582 2266 brevi
604 2233 776 2267 tantum
794 2232 1006 2280 tempore,
1030 2230 1074 2265 ct
1091 2223 1277 2264 durante
1301 2238 1354 2264 ca
1374 2230 1548 2265 tantum

87 2311 227 2340 causa.
289 2297 359 2338 De
393 2300 535 2354 poenis
567 2306 711 2354 posset
743 2299 851 2347 tolli,
876 2313 974 2354 quae
997 2297 1212 2338 absolutio
1234 2297 1290 2337 sit
1311 2297 1502 2352 petenda
1524 2313 1551 2339 a

87 2370 209 2427 Papa
237 2372 281 2412 in
315 2373 503 2428 gratiam
536 2373 889 2429 Episcoporum3
922 2372 966 2412 in
1002 2372 1175 2412 casibus
1207 2371 1440 2411 reservatis
1470 2371 1550 2412 tol-

88 2443 206 2485 latur
227 2444 288 2493 id,
322 2444 375 2486 de
408 2446 544 2488 Bulla
573 2447 615 2487 in
651 2446 792 2487 Coena
814 2446 1017 2494 Domini;
1052 2444 1210 2485 ultima
1232 2458 1333 2499 pars
1354 2451 1550 2487 mutetur

89 2523 132 2558 et
151 2518 329 2574 legatur
349 2525 534 2567 tantum,
558 2520 602 2560 in
626 2519 821 2575 capitulo
845 2517 1121 2559 Cathedralis
1140 2516 1366 2558 Ecclesiae.

147 2589 671 2634 Bracarensis—Posscnt
710 2592 869 2633 rectius
908 2590 1081 2631 duobus
1118 2589 1262 2630 verbis
1299 2590 1444 2630 omnia
1484 2606 1549 2632 ac-

91 2663 363 2712 commodari,
400 2665 435 2705 si
465 2664 650 2713 dicatur,
682 2665 912 2705 definimus
943 2669 987 2703 ct
1017 2662 1290 2703 declaramus
1321 2677 1412 2703 esse
1449 2664 1548 2705 resi-

91 2733 282 2778 dentiam
318 2737 440 2778 ,Iuris
476 2738 624 2779 divini.
689 2738 882 2779 Miratus
913 2752 1008 2778 sum
1038 2736 1207 2791 aliquot
1235 2736 1387 2777 Patres
1412 2736 1550 2780 detes-

245 2825 251 2842 ¹
284 2826 520 2857 Acheruntinus
536 2832 564 2859 et
582 2828 793 2865 Mathemnus,
811 2827 1225 2865 Sigismund.-Saraceny,
1242 2826 1412 2868 Archiep.?
