1905 3254
399 259 478 300 108
1033 271 1141 303 SESS.
1157 272 1219 300 111.

395 383 477 424 sibi
499 381 712 427 ecclesias,
739 394 826 434 quo
848 378 971 419 decet
994 377 1150 426 studio,
1176 377 1418 433 vigilantia,
1438 383 1572 432 atque
1595 377 1850 418 assiduitate

396 455 708 497 administrent.
756 452 1052 502 Quamobrem
1075 458 1189 492 recte
1212 451 1404 498 facimus,
1429 451 1655 492 consilium
1674 451 1851 507 aliquod

396 527 687 583 exquirentes,
714 532 763 566 ut
784 525 973 581 quisque
995 539 1156 565 munus
1179 539 1307 565 suum
1330 525 1578 580 promptius
1600 539 1647 564 ac
1669 523 1850 580 diligen-

397 601 485 641 tius
507 606 763 655 exequatur.
828 598 915 639 Sed
948 613 1046 653 quae
1083 597 1305 639 inducitur
1338 612 1458 639 novae
1494 597 1735 653 disciplinae
1768 597 1850 638 for-

398 673 533 721 mula,
576 680 620 714 et
656 688 814 728 magno
849 671 1123 727 quorundam
1159 671 1333 727 plausu,
1377 678 1586 726 tanquam
1629 669 1852 726 singulare

397 745 690 802 praesentibus
726 744 1006 786 incommodis
1042 743 1282 785 remedium
1321 743 1578 791 celebratur,
1623 749 1673 783 ut
1715 741 1851 797 expli-

1894 652 1905 890 ...,.-..0‚..x.,..-.-.
1894 536 1903 643 ,uu-..v-
1895 495 1898 500 -
1894 459 1901 486 ..-

397 827 532 867 cetur,
568 819 740 866 scilicet,
780 834 867 874 quo
895 820 994 874 jure
1026 817 1104 858 hoc
1126 818 1248 858 nobis
1271 832 1430 857 munus
1453 816 1763 858 demandatum
1785 816 1850 856 sit.

399 892 528 933 Illam
565 899 608 933 et
640 893 694 932 ab
731 906 779 931 eo
817 890 934 946 quod
968 890 1139 945 agimus
1172 890 1299 930 nimis
1337 889 1531 938 alienam,
1566 896 1610 930 et
1645 887 1852 929 Ecclesiae
1899 903 1905 944 f

400 965 633 1006 Catholicae
655 964 898 1005 rationibus
921 963 1062 1003 minus
1080 961 1459 1009 accommodatam,
1484 962 1692 1003 existimo.
1731 961 1854 1002 Mille
1900 958 1902 963 ’

397 1045 441 1080 et
463 1038 656 1079 sexcenti
680 1038 770 1078 fere
794 1036 896 1078 anni
918 1042 1032 1084 sunt,
1066 1050 1118 1076 ex
1145 1050 1231 1090 quo
1254 1034 1375 1091 Esios
1404 1035 1599 1091 agnoscit
1630 1033 1853 1083 Ecclesia;
1904 1039 1905 1045 ’

398 1119 442 1154 et
474 1112 585 1152 nihil
621 1110 848 1167 ejusmodi,
890 1124 941 1150 ne
979 1109 1085 1149 dum
1128 1115 1357 1156 statutum,
1402 1108 1478 1149 sed
1518 1123 1571 1149 ne
1613 1108 1852 1165 cogitatum
1899 1095 1905 1163 1

398 1184 577 1241 quidem
615 1184 714 1225 fuit.
791 1183 879 1223 Tot
923 1182 1203 1223 sanctissima
1245 1180 1442 1222 Concilia
1482 1181 1537 1222 ad
1577 1180 1670 1222 haec
1712 1195 1853 1236 usque
1904 1171 1905 1182 ³

399 1265 599 1312 tempora
634 1255 850 1297 celebrata
887 1261 1004 1302 sunt,
1041 1261 1129 1295 tam
1174 1255 1401 1309 multaque
1438 1253 1491 1294 de
1529 1253 1852 1310 Episcoporum

397 1331 633 1372 residentia
668 1330 845 1378 sancita,
883 1329 1007 1369 nulla
1044 1336 1189 1369 tamen
1226 1328 1306 1369 hac
1351 1328 1403 1369 de
1436 1343 1481 1369 re
1519 1328 1692 1376 mentio,
1730 1328 1855 1370 nulla
1899 1319 1905 1387 J

398 1418 576 1458 prorsus
598 1401 867 1458 significatio.
930 1402 1023 1442 Nec
1056 1402 1243 1442 mirum:
1279 1416 1364 1441 non
1393 1401 1506 1441 enim
1539 1416 1626 1455 qua
1655 1400 1752 1456 lege
1775 1400 1855 1441 hoc

398 1483 614 1518 statutum
643 1476 697 1516 sit
731 1474 1033 1530 quaerendum,
1067 1474 1142 1515 sed
1177 1489 1264 1529 quo
1297 1489 1428 1529 opere
1460 1475 1515 1514 sit
1544 1473 1854 1529 praestandum,

398 1551 503 1591 satis
538 1565 614 1590 nos
656 1549 836 1603 antiqua
872 1547 1046 1588 decreta
1083 1563 1130 1588 ac
1173 1547 1516 1593 constitutiones,
1560 1547 1684 1587 officii
1720 1548 1854 1588 nostri

398 1624 610 1664 rationem
644 1629 687 1663 et
719 1620 892 1676 pondus
927 1620 1190 1660 docuerunt:
1234 1635 1319 1660 non
1354 1620 1498 1661 verbis
1533 1620 1722 1675 amplius
1762 1620 1855 1662 haec

398 1695 607 1742 iteranda,
637 1693 714 1735 sed
735 1709 780 1734 re
803 1694 899 1749 ipsa
929 1697 1020 1748 jam
1043 1699 1144 1732 sunt
1167 1692 1518 1733 consummanda.
1583 1694 1717 1734 Porro
1741 1693 1858 1750 quod

398 1770 593 1825 ineptius
627 1774 692 1809 est
726 1781 858 1823 quam
891 1781 1036 1806 rerum
1063 1766 1279 1820 principia
1302 1772 1512 1821 repetere,
1536 1766 1613 1807 ubi
1636 1774 1854 1822 postrema
1891 1811 1896 1824 ⁸

399 1841 690 1898 quaeruntur?
761 1838 1026 1880 Residentiae
1060 1853 1230 1885 munUS‚
1269 1853 1353 1879 non
1390 1838 1685 1894 disputatione
1718 1842 1855 1897 expli·
1891 1825 1896 1843 Ι

399 1915 599 1963 candum,
617 1914 692 1955 sed
714 1928 797 1954 usu
820 1914 913 1968 ipso
935 1919 998 1953 est
1019 1911 1304 1967 implendum.
1357 1912 1529 1967 Utique
1551 1913 1684 1954 nolim
1704 1916 1854 1965 vereri,
1890 1914 1896 1964 s

400 1990 572 2044 aliquas
608 1987 677 2028 hic
711 1988 906 2028 latebras
944 1986 1122 2026 artificio
1159 1985 1349 2041 quodam
1384 1986 1575 2034 subesse,
1603 1987 1679 2028 sed
1702 1989 1763 2029 rei
1784 2003 1855 2029 no·
1891 2035 1894 2048 Ι

400 2061 513 2102 vitas
535 2060 650 2115 cogit
666 2075 742 2100 nos
762 2058 973 2115 ejusmodi
995 2057 1164 2114 aliquid
1185 2059 1404 2114 suspicari.
1451 2059 1682 2101 Novarum
1705 2061 1855 2118 legum
1889 2055 1895 2106 1

399 2133 616 2174 institutio
652 2139 702 2173 ut
736 2138 904 2172 veteres
938 2131 1219 2187 abrogentur,
1254 2146 1479 2186 nunquam
1515 2133 1639 2188 gravi
1661 2133 1854 2188 periculo

400 2208 552 2249 caruit.
616 2205 705 2247 Vos
726 2211 871 2245 tamen
893 2203 1000 2254 haec,
1023 2203 1188 2251 Patres,
1207 2204 1422 2259 singulari
1439 2211 1584 2246 vestra
1606 2205 1854 2261 prudentia,
1896 2192 1898 2194 V

400 2279 648 2337 prospicite.
683 2278 785 2333 Ego
808 2291 897 2318 rem
920 2276 1073 2332 ipsam,
1098 2282 1148 2316 ut
1170 2291 1214 2317 se
1236 2276 1339 2317 foris
1356 2284 1560 2327 ostentat,
1580 2294 1692 2321 nunc
1710 2286 1854 2322 tamen

401 2354 578 2408 attingo.

458 2426 626 2467 Scimus
657 2439 742 2473 eos,
767 2424 933 2471 Patres,
958 2423 1034 2478 qui
1059 2422 1243 2464 Concilii
1274 2423 1407 2480 hujus
1439 2424 1625 2466 exordiis
1651 2427 1854 2468 interfue-

399 2505 515 2548 runt,
538 2513 725 2555 quorum
757 2497 889 2538 etiam
924 2496 1096 2551 aliquos
1126 2495 1196 2537 hic
1223 2505 1462 2553 praesentes
1483 2500 1781 2555 conspicimus,
1805 2515 1856 2542 ea

400 2587 494 2627 quae
516 2577 767 2627 opportuna
789 2569 1054 2610 videbantur
1086 2569 1139 2610 de
1171 2569 1251 2610 hac
1285 2570 1380 2625 ipsa
1401 2571 1722 2627 Episcoporum
1752 2573 1853 2614 resi·
1889 2607 1891 2609 .

1886 2399 1892 2523 i

1886 2525 1905 2615 1

399 2644 544 2685 dentia
577 2643 657 2684 hoc
689 2642 838 2684 eodem
874 2643 916 2682 in
948 2642 1042 2683 loco
1070 2644 1355 2684 constituisse.
1420 2645 1731 2695 Quamobrem,
1754 2661 1851 2702 quae
1885 2616 1905 2766 11

399 2732 513 2757 1111110
533 2717 693 2772 injuria
714 2716 801 2756 illis
821 2715 1016 2763 infertur,
1035 2714 1138 2756 dum
1162 2716 1230 2756 vel
1252 2717 1500 2772 attingitur,
1525 2733 1579 2759 an
1601 2719 1852 2774 scrupulosa
1901 2713 1905 2762 1

399 2788 490 2829 haec
513 2788 787 2844 quorundam
805 2794 1045 2829 commenta
1061 2787 1237 2828 illorum
1261 2789 1376 2829 scitis
1400 2791 1701 2846 anteponenda
1723 2790 1850 2834 sunt?
1902 2803 1905 2832 2
