1905 3254
315 272 369 311 52
957 287 1066 318 SESS.
1093 289 1138 317 Η.

318 394 500 450 Legatis
515 393 872 441 decernebantur,
886 394 962 449 qui
978 409 1049 434 eos
1066 393 1109 433 in
1126 393 1348 450 Synodum
1367 399 1509 434 essent
1521 391 1750 433 deducturi
1766 408 1776 440 ;

318 467 519 522 plerique
543 473 686 506 tamen
711 466 784 506 alii
808 481 891 513 eos,
914 465 1088 506 honoris
1111 469 1251 514 causa,
1273 472 1375 506 tunc
1399 466 1587 521 primum
1613 479 1710 505 cum
1734 464 1778 503 in

320 554 565 579 consessum
587 539 808 594 prodituri
829 545 964 585 erant,
994 539 1191 579 solebant
1213 554 1265 579 ex
1289 538 1455 579 aedibus
1475 538 1681 584 comitari,
1708 539 1779 589 (eo

321 614 433 654 enim
456 613 526 654 die
549 613 661 654 liber
684 613 887 654 omnibus
910 613 952 652 in
975 614 1218 653 concionem
1243 612 1388 653 aditus
1409 613 1627 668 patebat.)
1687 610 1781 652 Ubi

319 687 362 727 in
398 687 793 743 Congregationem
831 693 1052 734 venerant,
1090 687 1249 742 legatis
1284 687 1476 742 primum
1515 701 1561 726 ac
1598 685 1780 740 reliquis

322 760 538 808 Praelatis,
563 761 715 816 capitis
738 761 1026 807 veneratione,
1066 760 1278 807 salutatis,
1312 760 1567 814 Principum
1603 773 1780 799 suorum

321 833 526 874 mandata
549 834 730 889 Legatis
756 834 1049 874 exhibebant:
1083 849 1135 874 ea
1163 833 1432 874 Secretarius
1454 833 1599 888 palam
1631 831 1781 872 recita-

322 907 409 947 bat.
479 907 554 947 Illi
577 908 764 955 interim,
788 907 892 947 locis
915 907 969 947 ad
991 907 1036 947 id
1059 908 1303 948 constitutis
1327 907 1586 947 assidebant.
1636 906 1782 946 Lectis

322 980 552 1029 mandatis,
585 981 773 1035 ipsimet,
819 987 894 1020 aut
930 995 1078 1020 eorum
1114 981 1284 1021 nomine
1320 980 1549 1021 familiaris
1585 980 1779 1026 illorum,

324 1052 577 1093 Orationem
601 1052 656 1093 ad
673 1053 826 1093 Patres
849 1053 1054 1101 habebat,
1079 1055 1203 1109 cujus
1226 1054 1476 1108 exemplum
1501 1059 1626 1093 antea
1648 1066 1782 1093 secre-

325 1127 436 1167 tario
460 1126 671 1167 traditum
695 1133 798 1167 erat.
866 1126 917 1166 In
940 1129 988 1168 ea
1010 1133 1060 1167 ut
1088 1127 1331 1182 plurimum
1355 1127 1426 1166 ΞΜ
1448 1126 1505 1166 N.
1525 1126 1656 1181 Papae
1678 1140 1782 1180 prun

324 1197 515 1238 dentiam
553 1199 868 1254 consiliumque
906 1198 1089 1255 cogendi
1121 1198 1254 1255 hujus
1287 1198 1543 1239 sacrosancti
1583 1197 1782 1244 Concilii,

323 1270 444 1326 quod
481 1270 738 1311 Christianae
775 1271 997 1327 Religioni
1036 1271 1142 1312 adeo
1178 1271 1469 1311 necessarium
1513 1277 1638 1316 esset,
1674 1284 1783 1310 com-

322 1343 597 1384 mendabant.
671 1344 863 1400 Regum,
907 1361 982 1386 seu
1017 1345 1274 1400 Principum
1319 1360 1498 1386 suorum
1540 1344 1695 1385 merita
1737 1359 1786 1384 ac

324 1417 452 1457 fidem
477 1431 583 1472 erga
599 1417 896 1472 Apostolicam
921 1417 1077 1458 Sedem
1102 1419 1390 1473 Sanctamque
1408 1417 1650 1458 Ecclesiam
1674 1431 1784 1457 com-

325 1489 637 1529 memorabant.
701 1489 804 1536 Eos,
821 1489 941 1544 quod
957 1489 1042 1530 huc
1066 1497 1299 1545 praesentes
1321 1505 1364 1530 se
1386 1504 1470 1529 non
1488 1490 1784 1536 contulissent,

328 1563 657 1603 Provinciarum
686 1577 865 1603 suarum
905 1563 1276 1604 administratione
1313 1563 1497 1618 aliisque
1520 1562 1787 1618 gravissimis

326 1636 468 1677 causis
510 1635 760 1690 impeditOS,
799 1637 1078 1677 excusabant.
1152 1636 1360 1683 Demum,
1398 1651 1566 1677 omnem
1609 1636 1785 1677 illorum

325 1725 502 1766 operam
550 1708 833 1764 studiumque
877 1709 979 1750 huic
1023 1710 1189 1751 Sancta:
1234 1709 1408 1765 Synodo
1450 1711 1785 1765 profitebantur,

325 1783 512 1838 illosque
551 1783 645 1838 ejus
678 1781 851 1822 decreta
885 1798 932 1823 ac
963 1783 1214 1831 sanctiones,
1254 1798 1341 1838 qua
1367 1783 1489 1824 decet
1513 1784 1788 1825 observantia

331 1862 463 1910 atque
486 1855 699 1910 religione
723 1855 1033 1896 observaturos
1055 1856 1385 1911 pollicebantur.

388 1928 594 1969 Oratione
617 1932 802 1983 peracta,
827 1928 892 1968 illi
920 1929 1131 1983 tantisper
1159 1944 1211 1969 ex
1246 1929 1596 1984 Congregatione
1619 1929 1787 1970 secede-

329 2003 448 2049 bant,
473 2001 605 2042 donec
620 2003 772 2042 Patres
794 2002 905 2042 inter
922 2017 965 2042 se
983 2001 1037 2042 de
1050 2002 1229 2042 illorum
1247 2002 1464 2042 mandatis
1477 2002 1784 2043 deliberarent.

332 2074 447 2114 Cum
483 2074 550 2122 iis,
585 2080 627 2113 et
660 2074 822 2129 reliqui
861 2088 1020 2121 omnes,
1055 2074 1132 2129 qui
1172 2075 1248 2129 jus
1285 2074 1520 2115 adsistendi
1553 2090 1787 2130 congrega-

329 2147 524 2188 tionibus
546 2162 630 2187 non
652 2147 889 2195 habebant,
913 2147 1004 2187 sine
1037 2147 1290 2203 exceptione
1315 2148 1505 2196 exibant,
1543 2148 1661 2204 quod
1694 2149 1787 2204 qui-

330 2220 428 2261 dem
466 2236 516 2261 eo
550 2221 742 2276 primum
781 2227 978 2276 tempore
1001 2220 1161 2260 clarius
1183 2221 1329 2276 patuit
1351 2236 1439 2276 quo
1464 2222 1663 2263 Marchio
1686 2223 1787 2264 Pes-

332 2294 486 2341 carius,
529 2294 690 2335 Orator
731 2293 927 2349 Philippi
969 2293 1104 2349 Regis
1149 2293 1362 2334 Catholici
1403 2295 1612 2336 mandata
1653 2295 1789 2351 Regis

334 2365 507 2421 Synodo
530 2365 746 2415 reddidit3
778 2381 876 2406 nam
899 2381 996 2406 eum
1020 2380 1165 2405 secum
1190 2365 1426 2406 familiares
1449 2367 1694 2422 complures
1715 2382 1788 2407 no-

331 2440 442 2481 biles
465 2448 508 2481 et
530 2455 690 2496 genere
712 2440 907 2480 illustres
929 2438 1193 2485 deduxisset,
1217 2454 1355 2494 eaque
1377 2439 1497 2480 illine
1519 2440 1786 2496 egrediente,

332 2514 363 2554 ii
385 2520 556 2554 tantum
593 2514 634 2553 in
671 2528 872 2554 consessu
906 2511 1205 2559 constitissent,
1241 2518 1290 2552 ut
1324 2519 1503 2567 patrum
1539 2528 1703 2554 morem
1745 2513 1789 2554 in

334 2586 526 2627 dicendis
543 2585 770 2626 sententiis
791 2590 1051 2640 spectarent,
1075 2584 1220 2624 statim
1243 2600 1268 2625 a
1283 2585 1436 2626 multis
1450 2586 1647 2627 Praelatis
1675 2586 1789 2627 clare

333 2659 649 2714 ingeminatum
692 2658 791 2704 fuit,
827 2658 1003 2697 Exeant
1046 2671 1218 2703 omnes;
1271 2657 1461 2712 indeque
1503 2659 1647 2699 cuncti
1688 2665 1790 2699 sunt

333 2731 509 2772 dimissi.
574 2731 692 2771 Hinc
735 2731 1004 2771 Secretarius
1034 2730 1355 2786 responsionem
1392 2731 1467 2784 (ab
1500 2731 1552 2771 iis
1588 2731 1790 2772 Praelatis

334 2806 613 2859 compositam
637 2805 799 2859 quibus
832 2803 877 2844 id
905 2803 1063 2859 Legati
1096 2803 1426 2855 mandaverant)
1452 2819 1504 2844 ex
1526 2805 1686 2859 scripto
1708 2805 1788 2846 Pa-
