1905 3254
341 307 426 348 234
991 319 1097 349 sess.
1123 319 1181 348 VI.

343 440 529 482 quorum
561 429 843 464 monumenta
877 429 1093 478 perpetuo
1115 428 1276 469 extent,
1310 419 1561 462 referenda:
1594 434 1797 476 namque,

344 513 441 538 cum
465 498 602 538 altera
622 511 736 552 pam,
771 511 870 551 quae
893 511 983 536 una
1004 496 1145 551 specie
1166 502 1336 537 tantum
1369 494 1522 542 utitur,
1556 495 1602 534 in
1635 493 1713 535 hac
1745 495 1800 536 sit

345 569 505 610 multos
522 574 613 625 jam
636 584 716 625 per
736 584 868 610 annos
889 569 1168 624 possessione,
1190 583 1275 608 non
1297 582 1388 608 esse
1411 581 1506 607 eam
1528 566 1629 607 inde
1650 566 1796 607 detur-

343 642 546 690 bandam,
564 642 646 682 nisi
666 642 871 698 legitimis
888 642 1190 697 praeeuntibus
1207 640 1558 696 probationibus,
1576 640 1799 695 praesenti-

344 715 517 770 busque
534 730 682 756 eorum
699 715 852 756 saltem
871 715 1246 762 Procuratoribus,
1261 713 1436 754 omnino
1452 713 1664 754 existimo.
1706 713 1801 753 Nec

345 789 485 829 ausim
507 788 685 844 quidem
708 789 890 830 istorum
911 788 1181 843 petitionem,
1216 793 1267 827 ut
1299 786 1549 827 haereticam
1581 785 1799 834 damnare,

344 861 421 902 sed
440 861 618 902 haeresis
638 867 751 902 certe
773 861 1143 916 suspectissimam
1166 874 1397 907 censerem,
1421 873 1555 914 quam
1587 858 1801 914 appositae

344 936 388 975 in
411 934 606 975 articulis
627 933 893 974 conditiones
914 933 1090 974 minime
1112 939 1307 981 tuentur,
1332 947 1429 973 cum
1446 946 1557 988 pure
1575 931 1630 973 ad
1653 932 1801 972 Sacra-

342 1013 499 1056 menta,
524 1007 652 1048 sicuti
687 1006 743 1047 ad
775 1007 1044 1062 baptismum
1078 1006 1135 1046 sit
1172 1005 1476 1054 accedendum,
1514 1012 1801 1060 anteaquam¹

344 1087 473 1121 vetus
493 1079 622 1121 homo
645 1080 700 1120 sit
721 1080 958 1128 exuendus,
979 1085 1113 1135 prout
1134 1079 1348 1119 neminem
1370 1080 1501 1120 etiam
1523 1078 1578 1119 ad
1597 1077 1802 1119 Ecclesiae

345 1155 577 1210 gremium,
600 1154 681 1194 nisi
702 1154 852 1194 relicta
874 1154 999 1209 prius
1019 1153 1273 1201 concubina,
1297 1153 1467 1193 admitti
1488 1152 1801 1207 conspicimus3

344 1242 427 1282 ego
458 1227 597 1283 igitur
631 1227 676 1267 in
710 1242 760 1267 eo
793 1242 818 1267 a
844 1226 970 1267 nobis
1001 1241 1171 1267 omnem
1202 1240 1381 1280 operam
1404 1224 1652 1281 ponendam
1673 1224 1801 1265 duce-

344 1314 450 1347 rem,
488 1305 539 1339 ut
571 1314 669 1339 cum
702 1298 757 1340 ad
789 1314 865 1340 nos
897 1299 1120 1340 medicinae
1143 1314 1272 1340 causa
1292 1305 1558 1346 recurratur,
1583 1313 1660 1338 nos
1679 1297 1804 1353 prius

345 1373 486 1413 morbi
519 1387 673 1429 genUS,
706 1387 892 1418 causam,
931 1372 1181 1419 accidentia,
1219 1379 1263 1413 et
1297 1372 1482 1426 reliqua,
1525 1372 1581 1412 ab
1609 1371 1690 1419 his,
1728 1371 1805 1425 qui

344 1447 520 1502 aegrotis
549 1447 766 1493 assistunt,
800 1453 1138 1502 perscrutemur,
1173 1452 1305 1500 atque
1333 1460 1482 1486 eorum
1505 1446 1707 1486 Pastores
1726 1444 1802 1484 im-

345 1520 496 1576 primis
518 1519 807 1560 consulamus.

401 1590 1078 1648 Vegliensis—Animadvertite,
1105 1591 1274 1637 Patres,
1310 1589 1532 1629 Caesarem
1560 1588 1642 1630 hac
1682 1589 1800 1644 peti-

340 1665 458 1706 tione
485 1665 689 1705 unionem
716 1664 926 1704 Ecclesiae
960 1677 1181 1719 quaerere3
1213 1669 1361 1718 petere
1394 1677 1496 1703 vero
1536 1677 1622 1703 non
1662 1663 1803 1703 solum

342 1737 461 1794 quod
489 1742 675 1794 justum,
706 1736 782 1778 sed
814 1743 859 1777 et
895 1735 1013 1792 quod
1035 1751 1280 1777 concessum
1315 1736 1422 1777 alias
1447 1736 1557 1777 fuit:
1591 1737 1798 1792 quinimo,

341 1827 425 1852 non
446 1819 596 1867 petere
619 1827 720 1853 eum
742 1810 822 1852 hoc
844 1810 1028 1857 concedi,
1059 1809 1137 1850 sed
1157 1824 1318 1850 munus
1338 1809 1417 1850 hoc
1439 1810 1671 1865 Episcopis
1687 1810 1803 1851 dele-

341 1888 450 1942 gari,
479 1887 555 1942 qui
586 1886 629 1926 in
663 1901 710 1926 re
743 1884 962 1941 praesenti,
986 1899 1039 1925 an
1061 1883 1107 1924 id
1128 1885 1183 1924 sit
1205 1883 1536 1933 concedendum,
1559 1885 1803 1926 accuratius

342 1965 550 2000 statuent.
613 1960 747 2000 Porro
769 1958 1016 2014 periculum
1040 1957 1264 1998 effusionis
1302 1973 1326 1998 a
1359 1957 1623 2013 quibusdam
1660 1959 1802 2014 objec-

341 2037 436 2071 tum
472 2046 554 2087 ego
589 2038 705 2072 certe
741 2031 872 2087 parvi
903 2030 1026 2078 facio,
1059 2045 1156 2070 cum
1189 2031 1231 2070 in
1254 2030 1460 2071 fractione
1491 2030 1640 2072 hostiae
1661 2032 1802 2087 majus

342 2105 587 2160 periculum
604 2111 816 2153 versetur,
839 2103 957 2159 quod
978 2103 1022 2143 in
1040 2104 1194 2159 regula
1213 2104 1389 2145 Ordinis
1405 2105 1679 2146 Dominicani
1698 2106 1804 2146 satis

341 2185 517 2219 cautum
535 2185 621 2220 est:
645 2177 800 2219 deinde
821 2177 994 2218 calicem
1017 2177 1164 2218 confici
1185 2193 1310 2233 posse
1330 2179 1500 2227 scimus,
1516 2194 1645 2234 quem
1660 2179 1804 2220 minis-

341 2252 535 2293 terialem
578 2258 732 2293 vocant
775 2251 831 2292 ad
871 2265 1017 2291 omnes
1053 2251 1318 2306 suspiciones
1353 2251 1592 2300 evitandas,
1629 2253 1801 2309 qualem

340 2325 467 2367 hodie
488 2326 686 2367 Ecclesia
708 2324 947 2366 Brixiensis
978 2323 1126 2371 habet,
1154 2330 1197 2364 et
1227 2339 1314 2379 quo
1339 2326 1584 2380 antiquitus
1607 2341 1687 2367 usa
1709 2341 1802 2368 esse

340 2398 511 2440 dicitur.

398 2472 807 2513 Mutinensis—non
834 2470 1039 2526 equidem
1072 2470 1290 2511 aientibus
1313 2469 1501 2512 Calicem
1532 2472 1614 2512 nisi
1649 2479 1801 2528 peten=

340 2545 460 2585 tibus
484 2544 804 2586 concedendum
828 2559 919 2585 esse
940 2558 1154 2599 repugno.
1218 2543 1383 2584 Verum
1414 2544 1458 2584 in
1488 2543 1801 2586 deliberatione

338 2617 451 2658 illud
471 2633 586 2659 nunc
610 2625 822 2665 versatur,
846 2632 899 2657 an
921 2616 1155 2672 Episcopis
1177 2623 1388 2671 tanquam
1411 2616 1628 2673 delegatis
1652 2625 1795 2660 aucto-

338 2690 443 2730 ritas
463 2690 557 2731 haec
569 2690 727 2732 Calicis
742 2689 1023 2745 permittendi
1039 2690 1103 2738 iis,
1121 2690 1197 2745 qui
1214 2688 1268 2730 ad
1284 2704 1360 2730 nos
1374 2689 1561 2731 redeunt
1581 2691 1637 2731 sit
1658 2691 1795 2732 tribu-

339 2762 449 2803 enda
468 2780 476 2803 :
508 2778 597 2819 qua
615 2763 658 2803 in
681 2777 726 2803 rc
747 2761 853 2802 nihil
875 2770 989 2804 certe
1010 2762 1076 2803 id²
1098 2776 1166 2803 me
1188 2768 1345 2810 movet,
1366 2762 1484 2818 quod
1504 2763 1719 2804 incertum
1742 2764 1797 2804 sit

640 2844 646 2860 ¹
674 2844 860 2884 Anteaqne?
1162 2843 1174 2860 ²
1199 2844 1262 2873 The
1281 2845 1349 2874 MS.
1369 2844 1423 2874 has
1437 2844 1488 2874 ad.
