1905 3254
348 264 431 306 378
976 279 1086 310 snss.
1113 280 1188 310 vn.

353 383 445 429 &c.,
484 382 603 438 quod
625 383 757 423 etiam
780 390 928 424 sancta
959 382 1191 424 traditione
1219 384 1510 432 confirmatur,
1542 391 1586 424 et
1609 398 1634 424 a
1656 385 1815 425 sanctis

354 455 565 496 Patribus
587 456 848 512 explicatur,
871 462 915 497 et
940 457 983 497 in
1012 456 1222 497 Ecclesiis
1255 457 1336 497 sibi
1371 456 1605 497 commissis
1635 456 1818 513 regendi

353 535 617 584 potestatem
637 529 813 577 habere,
829 545 1014 586 eamque
1037 535 1244 586 majorem
1261 546 1391 586 quam
1409 530 1694 585 Presbyteris,
1712 530 1819 571 illis-

354 617 439 658 que
461 603 563 644 solis
584 602 811 644 ordinandi
833 611 877 645 et
894 605 1229 646 confirmationis
1250 611 1581 653 sacramentum,
1605 611 1817 660 tanquam

355 675 581 717 ordinariis
612 677 876 725 ministeriis,
900 677 1159 726 conferendi,
1183 685 1446 733 potestatem
1480 685 1740 733 competere,
1774 685 1818 720 et

354 749 537 804 proinde
579 750 867 806 PresbyteriS,
905 750 1089 806 aliisque
1139 751 1417 792 inferioribus
1463 751 1676 806 gradibus
1727 766 1819 792 esse

355 823 615 876 superiores,
646 838 794 864 omnes
825 830 972 864 tamen
1001 824 1083 864 sub
1115 824 1294 864 Summo
1316 824 1359 863 in
1381 823 1534 863 Terris
1558 822 1723 864 Christi
1744 822 1819 863 Vi-

355 894 468 935 cario
491 894 687 936 Romano
709 896 931 943 Pontifice,
970 896 1100 936 Beati
1120 896 1242 936 Petri
1266 894 1480 949 Principis
1502 894 1818 949 Apostolorum

354 981 611 1014 successore,
656 968 892 1022 primatum
938 968 982 1007 in
1017 968 1254 1008 universali
1286 968 1392 1008 Ecca
1431 973 1620 1015 tenente,
1656 968 1701 1007 in
1733 982 1821 1022 qua

355 1041 575 1097 pascendi,
597 1041 794 1097 regendi,
817 1049 861 1083 ct
879 1041 1154 1098 gubernandi
1171 1057 1318 1083 omnes
1336 1041 1502 1082 Christi
1523 1057 1626 1082 oves
1648 1042 1703 1083 ab
1723 1043 1820 1098 ipso

357 1114 538 1156 eandem
561 1130 692 1170 quam
715 1115 769 1156 B.
789 1115 948 1156 Petrus
969 1115 1288 1170 plenitudinem
1311 1116 1541 1170 potestatis
1563 1115 1681 1156 solus
1704 1130 1819 1156 acce-

357 1189 438 1244 pit,
481 1194 532 1228 ut
567 1189 714 1229 unitas
748 1188 957 1244 Corporis
991 1190 1162 1245 mystici
1198 1196 1426 1245 tantopere
1469 1204 1493 1230 a
1529 1189 1721 1238 Christo,
1764 1190 1820 1230 ab

358 1261 598 1316 Apostolis,
623 1267 667 1301 et
701 1276 725 1300 a
761 1261 929 1301 Sanctis
965 1261 1177 1302 Patribus
1213 1261 1516 1302 commendata
1551 1267 1749 1302 servetur
1777 1267 1821 1302 et

355 1334 611 1381 retineatur,
645 1334 691 1374 id
712 1334 947 1389 ipsumque
970 1334 1209 1375 sentiamus
1229 1350 1391 1380 omnes,
1414 1343 1457 1376 et
1478 1335 1604 1375 nulla
1625 1349 1819 1389 unquam

357 1407 456 1448 sint¹
486 1406 531 1446 in
556 1406 683 1446 nobis
719 1405 964 1446 schismata.
1028 1406 1168 1447 Docet
1198 1407 1377 1462 insuper
1410 1407 1568 1447 Sancta
1603 1404 1818 1461 Synodus,

355 1481 400 1521 in
421 1479 691 1522 ordinatione
731 1480 1068 1534 Episcoporum,
1124 1479 1423 1527 Sacerdotum,
1477 1486 1521 1520 et
1562 1485 1818 1520 caeterorum

356 1556 570 1604 ordinum,
605 1556 770 1610 absque
793 1556 923 1596 etiam
957 1557 1187 1596 Pastorum
1224 1556 1510 1603 institutione,
1545 1569 1622 1596 nec
1656 1553 1819 1599 Plebis,

357 1643 434 1668 nec
455 1628 648 1684 cujusvis
668 1628 886 1668 saecularis
906 1628 1136 1682 potestatis
1158 1634 1202 1668 et
1233 1627 1517 1683 magistratus
1552 1641 1818 1674 consensum,

357 1717 434 1743 seu
456 1701 739 1749 vocationem,
764 1701 854 1741 sive
878 1700 1205 1749 authoritatem,
1227 1701 1290 1741 ita
1310 1700 1550 1741 necessario
1571 1699 1747 1754 requiri,
1770 1706 1821 1740 ut

358 1776 447 1816 sive
479 1790 530 1816 ea
561 1775 687 1815 irrita
709 1773 777 1822 sit,
809 1774 900 1814 sive
922 1774 1092 1821 electio,
1130 1774 1200 1815 vel
1222 1773 1449 1821 ordinatio,
1474 1773 1545 1814 vel
1575 1772 1819 1822 institutio;

357 1850 464 1905 quin
487 1849 634 1904 potius
655 1847 861 1895 decernit,
884 1847 1139 1903 Episcop05,
1175 1848 1375 1888 canonice
1396 1853 1654 1902 assumptos,
1679 1853 1723 1887 et
1745 1846 1820 1887 Sa-

358 1922 552 1963 cerdotes
580 1923 635 1963 ab
666 1921 896 1977 Episcopis
926 1920 1160 1969 ordinatos,
1188 1921 1489 1976 plebanosque
1523 1919 1577 1961 ad
1604 1919 1821 1975 regendas

359 1995 591 2037 Parochias
609 2001 795 2041 vocatos,
826 2008 910 2034 non
946 2008 1038 2034 esse
1059 1993 1204 2034 larvas
1231 1993 1433 2048 Papales,
1457 1998 1537 2033 aut
1564 1992 1821 2047 figmentum

358 2068 615 2116 humanum,
651 2067 727 2108 sed
748 2082 874 2108 veros
896 2081 986 2107 esse
1008 2072 1051 2106 et
1071 2066 1294 2121 legitimos
1325 2066 1438 2106 Eccae
1460 2065 1689 2111 ministros,
1724 2064 1819 2119 qui-

359 2143 443 2182 bus
460 2142 590 2183 ctiam
612 2142 668 2181 sit
690 2139 937 2196 parendum
956 2146 1000 2180 et
1028 2138 1321 2180 obediendum
1339 2155 1349 2188 3
1383 2153 1456 2179 eos
1477 2153 1592 2186 vero,
1625 2138 1702 2192 qui
1724 2144 1818 2178 tan-

358 2214 583 2256 tummodo
613 2229 638 2255 a
657 2213 824 2270 populo
846 2219 890 2253 et
914 2211 1046 2252 Civili
1068 2211 1339 2267 Magistratu
1363 2211 1520 2260 vocati,
1551 2218 1596 2252 et
1630 2211 1822 2251 instituti

360 2288 416 2329 ad
437 2288 530 2329 haec
547 2286 789 2328 ministeria
803 2284 1055 2332 ascendunt,
1076 2291 1154 2325 aut
1177 2286 1255 2340 qui
1277 2300 1328 2326 ea
1344 2283 1522 2339 propria
1537 2283 1819 2331 authoritate,

360 2361 430 2402 vel
451 2361 598 2416 potius
620 2359 867 2400 temeritate
885 2358 967 2398 sibi
990 2365 1232 2405 assumunt,
1255 2372 1339 2397 non
1357 2356 1566 2397 Ecclesiae
1585 2355 1820 2403 ministros,

359 2433 435 2474 scd
448 2432 567 2472 fures
585 2439 628 2472 et
644 2431 839 2470 latrones
853 2444 933 2485 per
948 2429 1107 2470 ostium
1131 2444 1215 2469 non
1232 2430 1462 2485 ing1·eSSOS‚
1475 2426 1701 2467 habendos
1715 2442 1819 2467 csse.

416 2505 516 2546 Hac
551 2504 737 2545 formula
768 2502 1010 2558 proposita,
1046 2501 1133 2542 duo
1165 2508 1400 2556 compertae
1444 2507 1548 2541 sunt
1594 2500 1821 2541 contrariae

360 2578 495 2618 Pium
517 2575 755 2616 sentcntiae.

418 2650 577 2697 Prima,
600 2655 652 2689 ut
673 2646 866 2687 doctrina
887 2652 994 2693 tota,
1018 2652 1229 2700 tanquam
1252 2644 1522 2700 imperfecta,
1546 2658 1624 2684 nec
1646 2643 1823 2684 veritati

362 2736 616 2778 congruens,
650 2720 932 2776 rejiceretur:
977 2719 1031 2758 2³.
1056 2723 1116 2764 ut,
1141 2717 1322 2757 mutatis
1342 2715 1573 2764 nonnullis,
1597 2715 1640 2755 in
1662 2714 1823 2770 quibus

1004 2808 1013 2826 ι
1036 2806 1093 2844 sat,
1110 2805 1181 2836 MS.
