1905 3254
345 260 429 299 642
974 275 1084 305 sess.
1108 275 1165 304 ix.

348 381 677 437 responderunt,
695 396 762 422 res
784 381 980 436 indigere
994 380 1147 435 majori
1170 379 1419 420 excussione
1432 395 1442 427 3
1465 384 1509 418 et
1532 375 1795 432 quibusdam

348 454 444 495 aliis
476 455 734 503 dicentibus,
768 454 885 510 quod
924 453 1146 494 decretum
1180 451 1233 493 de
1269 451 1532 507 Purgatorio
1566 449 1798 490 videbatur

346 525 473 565 nimis
495 527 715 581 generale,
749 533 793 567 et
822 525 1049 581 indignum
1074 525 1134 565 Sta
1166 523 1350 579 Synodo.
1412 522 1637 563 Nonnulla
1667 522 1796 562 etiam

348 598 485 638 verba
505 598 686 639 fuerunt
706 597 947 645 emendata,
971 604 1026 645 et,
1050 597 1163 637 inter
1184 602 1352 643 caetera,
1376 602 1427 636 ut
1449 595 1677 641 diceretur,
1703 594 1796 634 Sal-

350 676 486 715 vator,
508 685 592 710 non
616 671 832 711 Servator.

405 742 543 783 Lecta
564 742 722 783 deinde
744 742 923 782 fuerunt
945 740 1116 781 decreta
1137 740 1243 781 alias
1271 739 1497 796 proposita
1517 738 1570 779 de
1592 738 1796 779 reforma-

346 814 473 859 tione,
492 815 654 869 quibus
676 813 873 854 additum
897 813 980 853 fuit
1002 812 1225 853 decretum
1246 811 1299 852 de
1322 811 1594 866 exemptione
1613 809 1796 850 Canoni-

346 889 521 934 corum,¹
561 885 680 942 quod
713 893 842 927 antea
876 886 920 925 in
955 899 1116 939 magna
1149 883 1408 924 dissentione
1441 883 1608 931 fuerat3
1644 888 1798 937 postea

345 963 493 997 autem
506 959 519 977 ²
539 957 583 997 in
604 957 713 999 hanc
735 957 916 997 formam
938 955 1182 996 reductum.
1247 955 1355 996 Inde
1372 954 1485 994 lecta
1505 960 1606 993 sunt
1626 952 1799 993 decreta

345 1029 398 1070 de
420 1029 734 1085 Regularibus,
757 1037 801 1070 et
822 1029 1023 1070 ultimum
1046 1034 1181 1083 caput
1197 1027 1251 1068 de
1275 1025 1566 1067 Commendis.

402 1102 456 1143 In
476 1102 543 1143 his
565 1103 748 1143 decretis
779 1116 919 1157 pauca
940 1101 1121 1141 fuerunt
1144 1106 1364 1147 annotata,
1401 1097 1476 1139 sed
1507 1099 1619 1138 inter
1641 1104 1799 1138 caetera

345 1174 593 1216 Cardinalis
614 1175 929 1231 Lotharingius
960 1174 1005 1214 in
1025 1173 1196 1215 decreto
1231 1172 1285 1214 de
1307 1173 1337 1213 J
1341 1178 1698 1228 urepatronatus,
1720 1171 1798 1211 ubi

344 1248 492 1304 agitur
522 1247 576 1289 de
598 1247 848 1289 revocandis
871 1247 1129 1303 privilegiis,
1152 1246 1252 1286 addi
1276 1246 1471 1301 optabat,
1506 1260 1601 1285 cum
1632 1259 1798 1299 posses-

342 1321 459 1361 sione
479 1321 581 1362 inde
602 1327 803 1376 sequuta.
849 1320 963 1361 Item
985 1320 1028 1360 in
1045 1319 1216 1360 decreto
1239 1318 1291 1359 de
1313 1319 1590 1374 exemptione
1614 1317 1798 1358 Canoni-

343 1408 506 1441 corum,
529 1400 573 1434 et
593 1393 638 1433 in
668 1392 841 1433 decreto
863 1392 916 1432 de
938 1392 1200 1438 concubinis,
1238 1391 1340 1431 addi
1365 1391 1505 1446 petiit,
1529 1398 1579 1431 ut
1613 1391 1796 1446 Episco-

341 1480 424 1522 pus
456 1466 591 1521 possit
622 1466 737 1506 solus
773 1464 1002 1520 procedere
1043 1470 1191 1505 contra
1232 1479 1529 1519 quoscunque,
1563 1464 1692 1504 etiam
1726 1478 1797 1503 ex-

343 1544 513 1593 emptos
545 1553 599 1579 ex
630 1537 897 1578 fundatione.
964 1537 1075 1577 Item
1109 1537 1151 1576 in
1186 1536 1372 1577 decretis
1405 1535 1458 1576 de
1495 1535 1798 1591 Regularibus

340 1611 471 1667 petiit
492 1611 754 1651 mentionem
771 1610 866 1650 fieri
883 1609 1134 1650 nominatim
1154 1608 1207 1649 de
1230 1609 1497 1649 Monasterio
1521 1607 1796 1648 Cluniacensi

342 1684 399 1725 ob
419 1697 605 1739 magnas
641 1686 737 1738 ejus
769 1680 1101 1737 praerogativas
1165 1681 1279 1721 Item
1310 1681 1354 1721 in
1387 1680 1559 1721 decreto
1590 1680 1644 1721 de
1668 1679 1795 1720 Com-

341 1756 524 1804 mendis,
545 1756 658 1796 dixit
680 1754 797 1811 quod
817 1754 1008 1810 placeret
1029 1754 1080 1801 ei,
1105 1760 1156 1794 ut
1176 1752 1303 1794 hodie
1326 1754 1472 1794 omnia
1493 1759 1666 1808 possent
1687 1753 1794 1800 tolli,

343 1837 387 1872 et
402 1829 525 1871 reddi
541 1829 845 1886 Regularibus
861 1844 866 1865 :
890 1826 964 1868 sed
987 1827 1092 1882 quia
1111 1825 1237 1867 hodie
1254 1826 1297 1866 in
1321 1826 1468 1867 Gallia
1485 1832 1590 1867 sunt
1611 1826 1730 1866 mille
1754 1833 1798 1867 ct

343 1903 637 1960 quadraginta
658 1902 921 1943 monasteria
941 1900 1239 1942 commendata
1274 1900 1443 1956 magnis
1465 1900 1570 1941 viris
1604 1906 1647 1941 et
1668 1900 1796 1948 Dfiis,

343 1977 508 2032 quibus
529 1975 700 2016 difficile
723 1981 836 2015 esset
863 1989 913 2014 ea
944 1973 1127 2029 eripere,
1156 1980 1199 2014 et
1235 1973 1516 2028 reperiuntur
1538 1972 1613 2013 vix
1646 1973 1700 2012 30
1722 1979 1798 2013 aut

341 2049 398 2089 40
419 2047 524 2089 data
542 2049 588 2089 in
623 2047 818 2092 titulum,
842 2045 939 2087 ideo
972 2046 1128 2102 placet,
1154 2052 1204 2087 ut
1236 2047 1279 2086 in
1312 2052 1535 2101 posterum
1563 2052 1799 2095 statuatur,

343 2120 437 2161 dari
467 2121 581 2161 intra
603 2134 678 2161 sex
700 2133 867 2160 menses
888 2119 1089 2159 omnibus
1113 2117 1402 2174 Coadjutores
1429 2116 1675 2172 Regulares
1699 2132 1795 2156 cum

342 2194 493 2235 futura
514 2193 793 2240 successione,
817 2192 921 2247 quia
941 2192 1004 2232 ita
1025 2191 1238 2232 Abbatiae
1259 2196 1536 2231 revertentur
1558 2189 1612 2230 ad
1633 2196 1795 2231 statum

341 2281 471 2307 suum
493 2265 740 2321 pristinum.

401 2339 495 2380 Alii
519 2335 629 2380 Pfes
651 2352 791 2393 pauca
811 2336 1140 2392 responderunt,
1164 2342 1298 2391 prout
1318 2335 1362 2375 in
1383 2349 1531 2375 eorum
1553 2335 1679 2375 notis.

398 2411 542 2452 Dictis
565 2410 757 2451 omnium
776 2409 1015 2455 sententiis,
1040 2408 1150 2449 dixit
1166 2407 1414 2448 Cardinalis
1439 2407 1662 2455 Moronus,
1679 2406 1797 2462 quod

335 2490 468 2541 juxta
491 2483 790 2525 annotationes
812 2483 994 2523 Patrum
1030 2481 1203 2523 decreta
1233 2481 1465 2537 redigerit3
1505 2487 1548 2521 et
1574 2480 1794 2535 quoniam,

339 2558 496 2614 inquit,
518 2558 563 2597 in
585 2556 716 2597 rebus
737 2556 989 2597 necessariis
1021 2554 1282 2611 capiendum
1305 2561 1370 2595 est
1398 2554 1639 2602 consilium,
1677 2553 1796 2608 quod

338 2638 514 2687 tempus
546 2630 729 2686 patitur,
765 2628 923 2669 idcirco
955 2628 1026 2669 die
1063 2629 1251 2670 crastina
1282 2629 1380 2676 erit,
1404 2628 1439 2668 si
1461 2628 1585 2669 vobis
1606 2626 1794 2672 videtur,

381 2736 390 2754 ¹
418 2736 599 2769 Canonum‚
616 2733 688 2763 MS.

379 2788 390 2805 ²
414 2790 427 2818 l
447 2792 505 2829 put
520 2787 581 2817 this
597 2787 643 2817 for
657 2796 676 2816 a
690 2790 812 2824 strange
828 2786 910 2816 word
925 2785 991 2816 like
1007 2785 1175 2826 equisaivfl.
