1905 3254
341 305 426 346 618
959 319 1070 349 ssss.
1095 320 1189 350 vm.

1353 421 1361 438 ¹
1421 422 1486 464 Ut
1508 424 1621 463 enim
1644 424 1803 464 certius

346 496 626 551 colligeretur
647 510 816 536 summa
832 496 1025 536 omnium
1048 496 1374 543 sententiarum,
1390 509 1491 550 quae
1514 501 1637 535 erant
1659 495 1802 536 diver-

343 424 524 465 fuerunt
556 424 698 479 positi,
721 423 959 479 pluresque
982 424 1062 464 loci
1084 437 1346 464 communes.

343 569 536 617 sissimae,
580 569 722 609 visum
753 569 837 609 fuit
871 567 950 608 hos
985 568 1101 609 locos
1137 583 1385 609 communes
1411 575 1616 616 statuere,
1641 570 1804 624 quibus

344 642 520 698 singula
541 642 655 683 dicta
678 642 1030 697 applicabantur,
1057 640 1219 682 additis
1240 642 1487 682 nominibus
1509 641 1709 690 Patrum,
1728 644 1804 698 qui

345 730 396 755 ea
416 715 712 770 protulerunt.
777 713 849 755 Ita
866 713 1021 755 deinde
1043 714 1167 755 facile
1189 715 1525 769 reperiebantur
1545 721 1653 770 quot
1673 715 1803 757 iidem

342 788 385 828 in
408 802 585 843 quaque
607 802 652 827 re
674 786 1011 841 respondissent.

774 898 864 945 Die
895 901 952 944 16
982 897 1206 945 Octobris
1240 900 1377 944 1563.

403 1000 551 1052 Hodie
575 1001 824 1057 Episcopus
856 1002 1106 1042 Assisiensis
1128 1017 1181 1042 ex
1209 1002 1382 1042 mortali
1405 1002 1483 1043 hac
1505 1003 1598 1044 vita
1625 1003 1680 1044 ad
1716 1003 1804 1044 Do-

345 1075 511 1114 minum
537 1074 758 1130 migravit,
783 1074 907 1129 cujus
929 1074 1072 1114 anima
1088 1074 1331 1129 requiescat
1352 1074 1395 1114 in
1417 1089 1536 1130 pace.

401 1147 564 1187 Literae
587 1160 641 1186 ex
658 1146 795 1193 Urbe,
820 1145 1159 1202 Lotharingium
1180 1162 1205 1186 a
1227 1147 1305 1186 S¹¹¹⁰
1328 1146 1403 1187 Nro
1427 1147 1587 1187 eximia
1608 1147 1805 1203 benigni-

345 1225 435 1259 tate
458 1226 704 1274 exceptum,
735 1233 927 1274 eumque
961 1220 1002 1258 in
1037 1219 1321 1275 signaturam.
1345 1226 1387 1260 et
1421 1220 1486 1259 Stae
1510 1220 1807 1275 Inquisitionis

345 1291 531 1332 officium
554 1291 609 1332 ab
633 1290 782 1331 eodem
808 1292 886 1331 Sm⁰
898 1292 1030 1331 fuisse
1055 1291 1302 1332 admissum.
1367 1291 1480 1332 Cum
1509 1292 1563 1333 de
1585 1292 1789 1334 Reforma

345 1364 460 1404 tione
483 1379 581 1404 cum
604 1378 653 1403 eo
678 1370 829 1417 ageret
852 1364 960 1411 Smus,
985 1363 1144 1403 dicitur
1177 1365 1215 1403 ei
1254 1364 1379 1405 valde
1417 1371 1663 1405 constanter
1694 1365 1805 1405 affir-

346 1451 496 1485 masse,
521 1436 636 1477 velle
660 1451 704 1476 se
726 1436 1076 1476 reformationem
1100 1437 1271 1477 omnino
1294 1438 1336 1477 in
1359 1438 1502 1492 capite
1525 1444 1569 1478 et
1600 1438 1807 1478 membris

346 1509 521 1564 perfici;
553 1508 733 1563 haecque
757 1515 957 1563 tempora
981 1509 1193 1564 ejusmodi
1224 1525 1328 1559 esse,
1353 1516 1404 1551 ut
1433 1511 1649 1551 severiore
1676 1512 1806 1552 etiam

346 1581 573 1636 indigeant
588 1581 907 1629 reformatione,
927 1596 1057 1636 quam
1081 1597 1177 1637 quae
1199 1582 1407 1623 hactenus
1428 1583 1471 1622 in
1495 1582 1690 1624 Concilio
1711 1598 1806 1639 pro-

347 1655 491 1711 posita
527 1661 604 1695 est.
667 1653 737 1694 De
781 1653 1093 1695 Cardinalibus
1126 1656 1295 1710 plaeere
1332 1657 1414 1697 sibi
1449 1657 1596 1703 etiam,
1620 1663 1671 1698 ut
1707 1672 1806 1713 quae

345 1727 585 1768 necessaria
606 1734 722 1775 sunt,
746 1734 1010 1768 statuantur.
1075 1729 1214 1769 Immo
1233 1729 1268 1769 si
1288 1729 1396 1769 nihil
1419 1729 1499 1770 hae
1530 1729 1583 1771 de
1615 1745 1661 1771 re
1696 1729 1805 1771 Con-

347 1801 491 1842 cilium
514 1800 767 1845 decreverit‚
791 1807 938 1842 tamen
969 1817 1012 1842 se
1041 1802 1225 1858 rigidius
1259 1803 1428 1858 aliquid
1463 1803 1592 1844 etiam
1618 1811 1807 1845 statutu-

347 1888 459 1922 rum,
504 1880 637 1929 atque
681 1888 705 1914 a
744 1874 976 1930 nepotibus
1017 1875 1106 1915 suis
1146 1875 1321 1916 initium
1363 1883 1668 1931 sumpturum3
1700 1891 1808 1932 quos

347 1946 549 1995 residere,
573 1955 616 1988 et
638 1948 683 1987 in
705 1947 913 1988 Ecelesiis
934 1948 1024 1988 suis
1045 1947 1205 1988 servire
1227 1949 1399 1989 omnino
1421 1949 1606 1990 volebat.

784 2058 876 2105 Die
901 2061 963 2105 <25
993 2057 1216 2106 Octobris
1251 2061 1386 2105 1563.

409 2161 691 2216 Significatur
714 2161 935 2208 Patribus,
960 2177 1055 2202 eum
1076 2165 1167 2216 jam
1192 2161 1447 2202 habuissent
1472 2162 1641 2218 copiam
1664 2161 1806 2203 decre-

349 2242 491 2276 torum
527 2234 580 2274 de
617 2241 884 2275 sacramento
921 2235 1186 2275 matrimonii
1209 2235 1364 2276 ultimo
1387 2234 1733 2282 emendatorum,
1758 2242 1808 2276 ut

349 2308 420 2349 die
437 2308 623 2348 crastina
657 2308 913 2348 conveniant
947 2308 991 2347 in
1026 2307 1384 2363 Congregatione
1417 2308 1628 2364 generali,
1651 2309 1810 2350 dicturi

350 2381 585 2421 sententias
606 2395 684 2435 per
707 2381 905 2428 verbum,
921 2380 1083 2429 Placet,
1100 2387 1190 2427 aut,
1210 2380 1310 2421 Non
1333 2380 1492 2436 placet,
1509 2396 1605 2422 cum
1627 2383 1809 2423 materia

346 2460 435 2511 J'am
458 2455 589 2496 tertio
610 2454 666 2494 sit
687 2454 945 2494 examinata.

409 2526 575 2567 Literae
609 2541 662 2566 ex
703 2526 843 2574 Urbe,
881 2526 1000 2581 quod
1043 2527 1137 2567 Sm¹¹⁵
1172 2533 1483 2567 convocaverat
1525 2527 1808 2583 quamplures

353 2600 622 2648 Cardinales,
648 2608 692 2640 et
715 2600 822 2640 alios
844 2601 1053 2641 Praelatos
1075 2615 1122 2640 ac
1144 2599 1402 2655 Theologos,
1431 2607 1649 2655 praesente
1676 2601 1807 2641 etiam

352 2672 668 2729 Lotharingio;
703 2673 954 2728 saepiusque
981 2673 1252 2729 disputatam
1284 2674 1510 2713 materiam
1544 2673 1597 2714 de
1619 2673 1807 2714 clandes-

351 2747 454 2787 tinis
476 2747 781 2787 matrimoniis:
808 2746 983 2787 tandem
1008 2747 1063 2787 ab
1086 2746 1286 2786 omnibus
1305 2746 1392 2786 fere
1411 2746 1629 2786 firmatum
1652 2746 1806 2794 fuerat,

719 2834 725 2851 ¹
752 2836 825 2865 This
838 2835 897 2865 last
914 2836 1052 2866 member
1067 2836 1120 2866 has
1136 2835 1309 2873 something
1327 2846 1440 2873 wumg.
