<?xml version="1.0" encoding="UTF-8"?>
<!DOCTYPE html PUBLIC "-//W3C//DTD XHTML 1.0 Transitional//EN"
    "http://www.w3.org/TR/xhtml1/DTD/xhtml1-transitional.dtd">
<html xmlns="http://www.w3.org/1999/xhtml" xml:lang="en" lang="en">
 <head>
  <title>
</title>
<meta http-equiv="Content-Type" content="text/html;charset=utf-8" />
  <meta name='ocr-system' content='tesseract 3.04.00' />
  <meta name='ocr-capabilities' content='ocr_page ocr_carea ocr_par ocr_line ocrx_word'/>
</head>
<body>
  <div class='ocr_page' id='page_1' title='image "actaconciliitrid00paleuoft_0252.png"; bbox 0 0 1905 3254; ppageno 0'>
   <div class='ocr_carea' id='block_1_1' title="bbox 336 283 1132 327">
    <p class='ocr_par' dir='ltr' id='par_1_1' title="bbox 336 283 1132 327">
     <span class='ocr_line' id='line_1_1' title="bbox 336 283 1132 327; baseline 0.001 -4"><span class='ocrx_word' id='word_1_1' title='bbox 336 283 414 323; x_wconf 82' lang='lat'>166</span> <span class='ocrx_word' id='word_1_2' title='bbox 953 298 1066 327; x_wconf 60' lang='lat' dir='ltr'>sess</span> <span class='ocrx_word' id='word_1_3' title='bbox 1091 298 1132 325; x_wconf 61' lang='lat' dir='ltr'>v.</span> 
     </span>
    </p>
   </div>
   <div class='ocr_carea' id='block_1_2' title="bbox 335 401 1802 2785">
    <p class='ocr_par' dir='ltr' id='par_1_2' title="bbox 337 401 1802 822">
     <span class='ocr_line' id='line_1_2' title="bbox 338 401 1799 459; baseline -0.002 -15"><span class='ocrx_word' id='word_1_4' title='bbox 338 403 551 459; x_wconf 88' lang='lat' dir='ltr'>quamdiu</span> <span class='ocrx_word' id='word_1_5' title='bbox 585 418 662 444; x_wconf 87' lang='lat' dir='ltr'>seu</span> <span class='ocrx_word' id='word_1_6' title='bbox 691 403 917 458; x_wconf 83' lang='lat' dir='ltr'>Episcopi,</span> <span class='ocrx_word' id='word_1_7' title='bbox 952 418 1029 443; x_wconf 88' lang='lat' dir='ltr'>seu</span> <span class='ocrx_word' id='word_1_8' title='bbox 1056 402 1276 448; x_wconf 86' lang='lat' dir='ltr'>ordinarii,</span> <span class='ocrx_word' id='word_1_9' title='bbox 1310 415 1390 455; x_wconf 88' lang='lat' dir='ltr'>per</span> <span class='ocrx_word' id='word_1_10' title='bbox 1423 415 1467 441; x_wconf 85' lang='lat' dir='ltr'>se</span> <span class='ocrx_word' id='word_1_11' title='bbox 1497 401 1613 455; x_wconf 90' lang='lat' dir='ltr'>ipsos</span> <span class='ocrx_word' id='word_1_12' title='bbox 1646 407 1689 441; x_wconf 92' lang='lat' dir='ltr'>et</span> <span class='ocrx_word' id='word_1_13' title='bbox 1715 415 1799 441; x_wconf 79' lang='lat' dir='ltr'>non</span> 
     </span>
     <span class='ocr_line' id='line_1_3' title="bbox 337 473 1796 531; baseline -0.003 -15"><span class='ocrx_word' id='word_1_14' title='bbox 337 491 416 531; x_wconf 88' lang='lat' dir='ltr'>per</span> <span class='ocrx_word' id='word_1_15' title='bbox 438 475 644 522; x_wconf 88' lang='lat' dir='ltr'>Vicarios‚</span> <span class='ocrx_word' id='word_1_16' title='bbox 681 476 898 530; x_wconf 79' lang='lat' dir='ltr'>pastorale</span> <span class='ocrx_word' id='word_1_17' title='bbox 935 490 1062 516; x_wconf 90' lang='lat' dir='ltr'>suum</span> <span class='ocrx_word' id='word_1_18' title='bbox 1099 480 1327 515; x_wconf 83' lang='lat' dir='ltr'>exerceant</span> <span class='ocrx_word' id='word_1_19' title='bbox 1355 473 1555 514; x_wconf 89' lang='lat' dir='ltr'>officium.</span> <span class='ocrx_word' id='word_1_20' title='bbox 1616 473 1796 521; x_wconf 88' lang='lat' dir='ltr'>Verum,</span> 
     </span>
     <span class='ocr_line' id='line_1_4' title="bbox 338 546 1801 604; baseline -0.001 -16"><span class='ocrx_word' id='word_1_21' title='bbox 338 563 476 603; x_wconf 87' lang='lat' dir='ltr'>quum</span> <span class='ocrx_word' id='word_1_22' title='bbox 498 548 630 590; x_wconf 92' lang='lat' dir='ltr'>multi</span> <span class='ocrx_word' id='word_1_23' title='bbox 652 548 914 604; x_wconf 82' lang='lat' dir='ltr'>quandoque</span> <span class='ocrx_word' id='word_1_24' title='bbox 932 547 1185 603; x_wconf 85' lang='lat' dir='ltr'>justissimis</span> <span class='ocrx_word' id='word_1_25' title='bbox 1203 546 1256 587; x_wconf 88' lang='lat' dir='ltr'>de</span> <span class='ocrx_word' id='word_1_26' title='bbox 1279 547 1419 587; x_wconf 86' lang='lat' dir='ltr'>causis</span> <span class='ocrx_word' id='word_1_27' title='bbox 1441 553 1572 601; x_wconf 85' lang='lat' dir='ltr'>atque</span> <span class='ocrx_word' id='word_1_28' title='bbox 1588 546 1801 587; x_wconf 86' lang='lat' dir='ltr'>Ecclesiae</span> 
     </span>
     <span class='ocr_line' id='line_1_5' title="bbox 339 618 1802 676; baseline -0.001 -16"><span class='ocrx_word' id='word_1_29' title='bbox 339 635 432 661; x_wconf 67' lang='lat' dir='ltr'>suae</span> <span class='ocrx_word' id='word_1_30' title='bbox 455 621 724 662; x_wconf 86' lang='lat' dir='ltr'>salutaribus</span> <span class='ocrx_word' id='word_1_31' title='bbox 746 621 921 669; x_wconf 87' lang='lat' dir='ltr'>absunt,</span> <span class='ocrx_word' id='word_1_32' title='bbox 945 635 1054 676; x_wconf 88' lang='lat' dir='ltr'>quos</span> <span class='ocrx_word' id='word_1_33' title='bbox 1083 620 1258 660; x_wconf 86' lang='lat' dir='ltr'>interim</span> <span class='ocrx_word' id='word_1_34' title='bbox 1289 618 1355 659; x_wconf 89' lang='lat' dir='ltr'>his</span> <span class='ocrx_word' id='word_1_35' title='bbox 1386 618 1629 674; x_wconf 79' lang='lat' dir='ltr'>privilegiis</span> <span class='ocrx_word' id='word_1_36' title='bbox 1655 632 1802 659; x_wconf 85' lang='lat' dir='ltr'>carere</span> 
     </span>
     <span class='ocr_line' id='line_1_6' title="bbox 338 689 1799 749; baseline -0.001 -16"><span class='ocrx_word' id='word_1_37' title='bbox 338 693 536 748; x_wconf 92' lang='lat' dir='ltr'>iniquum</span> <span class='ocrx_word' id='word_1_38' title='bbox 560 700 682 742; x_wconf 89' lang='lat' dir='ltr'>esset,</span> <span class='ocrx_word' id='word_1_39' title='bbox 710 694 879 749; x_wconf 81' lang='lat' dir='ltr'>placuit</span> <span class='ocrx_word' id='word_1_40' title='bbox 907 693 1001 734; x_wconf 87' lang='lat' dir='ltr'>haec</span> <span class='ocrx_word' id='word_1_41' title='bbox 1030 693 1075 733; x_wconf 91' lang='lat' dir='ltr'>in</span> <span class='ocrx_word' id='word_1_42' title='bbox 1104 707 1205 733; x_wconf 89' lang='lat' dir='ltr'>eum</span> <span class='ocrx_word' id='word_1_43' title='bbox 1226 691 1368 732; x_wconf 90' lang='lat' dir='ltr'>locum</span> <span class='ocrx_word' id='word_1_44' title='bbox 1390 689 1644 731; x_wconf 84' lang='lat' dir='ltr'>disserenda</span> <span class='ocrx_word' id='word_1_45' title='bbox 1664 705 1799 732; x_wconf 85' lang='lat' dir='ltr'>reser-</span> 
     </span>
     <span class='ocr_line' id='line_1_7' title="bbox 338 764 1368 822; baseline -0.003 -16"><span class='ocrx_word' id='word_1_46' title='bbox 338 780 454 814; x_wconf 86' lang='lat' dir='ltr'>vare,</span> <span class='ocrx_word' id='word_1_47' title='bbox 479 766 654 822; x_wconf 87' lang='lat' dir='ltr'>quando</span> <span class='ocrx_word' id='word_1_48' title='bbox 677 767 730 808; x_wconf 88' lang='lat' dir='ltr'>de</span> <span class='ocrx_word' id='word_1_49' title='bbox 752 766 1009 807; x_wconf 85' lang='lat' dir='ltr'>Residentia</span> <span class='ocrx_word' id='word_1_50' title='bbox 1030 765 1110 806; x_wconf 88' lang='lat' dir='ltr'>erit</span> <span class='ocrx_word' id='word_1_51' title='bbox 1132 764 1368 820; x_wconf 80' lang='lat' dir='ltr'>agendum.</span> 
     </span>
    </p>

    <p class='ocr_par' dir='ltr' id='par_1_3' title="bbox 335 834 1802 2785">
     <span class='ocr_line' id='line_1_8' title="bbox 395 834 1801 893; baseline -0.001 -16"><span class='ocrx_word' id='word_1_52' title='bbox 395 837 449 877; x_wconf 96' lang='lat' dir='ltr'>In</span> <span class='ocrx_word' id='word_1_53' title='bbox 488 838 669 893; x_wconf 90' lang='lat' dir='ltr'>reliquis</span> <span class='ocrx_word' id='word_1_54' title='bbox 709 838 907 879; x_wconf 84' lang='lat' dir='ltr'>Decretis</span> <span class='ocrx_word' id='word_1_55' title='bbox 948 852 1095 878; x_wconf 88' lang='lat' dir='ltr'>omnes</span> <span class='ocrx_word' id='word_1_56' title='bbox 1135 837 1222 877; x_wconf 81' lang='lat' dir='ltr'>fere</span> <span class='ocrx_word' id='word_1_57' title='bbox 1260 836 1426 881; x_wconf 74' lang='lat' dir='ltr'>Patres,</span> <span class='ocrx_word' id='word_1_58' title='bbox 1460 834 1612 889; x_wconf 84' lang='lat' dir='ltr'>paucis</span> <span class='ocrx_word' id='word_1_59' title='bbox 1654 840 1801 876; x_wconf 89' lang='lat' dir='ltr'>tamen</span> 
     </span>
     <span class='ocr_line' id='line_1_9' title="bbox 337 907 1802 966; baseline -0.001 -16"><span class='ocrx_word' id='word_1_60' title='bbox 337 910 532 959; x_wconf 87' lang='lat' dir='ltr'>mutatis,</span> <span class='ocrx_word' id='word_1_61' title='bbox 565 926 665 966; x_wconf 78' lang='lat' dir='ltr'>quae</span> <span class='ocrx_word' id='word_1_62' title='bbox 702 926 756 952; x_wconf 86' lang='lat' dir='ltr'>ex</span> <span class='ocrx_word' id='word_1_63' title='bbox 791 911 1106 966; x_wconf 81' lang='lat' dir='ltr'>posterioribus</span> <span class='ocrx_word' id='word_1_64' title='bbox 1139 924 1237 950; x_wconf 90' lang='lat' dir='ltr'>cum</span> <span class='ocrx_word' id='word_1_65' title='bbox 1269 908 1337 949; x_wconf 89' lang='lat' dir='ltr'>his</span> <span class='ocrx_word' id='word_1_66' title='bbox 1374 908 1544 948; x_wconf 86' lang='lat' dir='ltr'>collatis</span> <span class='ocrx_word' id='word_1_67' title='bbox 1580 907 1705 948; x_wconf 86' lang='lat' dir='ltr'>facile</span> <span class='ocrx_word' id='word_1_68' title='bbox 1737 914 1802 949; x_wconf 87' lang='lat' dir='ltr'>est</span> 
     </span>
     <span class='ocr_line' id='line_1_10' title="bbox 336 981 1800 1038; baseline 0 -17"><span class='ocrx_word' id='word_1_69' title='bbox 336 982 602 1038; x_wconf 81' lang='lat' dir='ltr'>dignoscere,</span> <span class='ocrx_word' id='word_1_70' title='bbox 625 984 735 1024; x_wconf 91' lang='lat' dir='ltr'>inter</span> <span class='ocrx_word' id='word_1_71' title='bbox 765 999 808 1024; x_wconf 86' lang='lat' dir='ltr'>se</span> <span class='ocrx_word' id='word_1_72' title='bbox 842 983 966 1024; x_wconf 87' lang='lat' dir='ltr'>brevi</span> <span class='ocrx_word' id='word_1_73' title='bbox 1002 988 1310 1029; x_wconf 89' lang='lat' dir='ltr'>convenerunt,</span> <span class='ocrx_word' id='word_1_74' title='bbox 1340 987 1525 1036; x_wconf 87' lang='lat' dir='ltr'>excepto</span> <span class='ocrx_word' id='word_1_75' title='bbox 1557 981 1701 1037; x_wconf 87' lang='lat' dir='ltr'>capite</span> <span class='ocrx_word' id='word_1_76' title='bbox 1728 996 1800 1022; x_wconf 86' lang='lat' dir='ltr'>ex-</span> 
     </span>
     <span class='ocr_line' id='line_1_11' title="bbox 336 1053 1801 1111; baseline -0.001 -16"><span class='ocrx_word' id='word_1_77' title='bbox 336 1061 486 1103; x_wconf 88' lang='lat' dir='ltr'>tremo,</span> <span class='ocrx_word' id='word_1_78' title='bbox 508 1070 593 1111; x_wconf 92' lang='lat' dir='ltr'>quo</span> <span class='ocrx_word' id='word_1_79' title='bbox 625 1055 678 1096; x_wconf 89' lang='lat' dir='ltr'>de</span> <span class='ocrx_word' id='word_1_80' title='bbox 716 1056 1010 1111; x_wconf 73' lang='lat' dir='ltr'>quaestoribus</span> <span class='ocrx_word' id='word_1_81' title='bbox 1042 1056 1413 1110; x_wconf 82' lang='lat' dir='ltr'>eleemosynarum</span> <span class='ocrx_word' id='word_1_82' title='bbox 1437 1054 1612 1110; x_wconf 77' lang='lat' dir='ltr'>agitur3</span> <span class='ocrx_word' id='word_1_83' title='bbox 1645 1053 1690 1094; x_wconf 89' lang='lat' dir='ltr'>in</span> <span class='ocrx_word' id='word_1_84' title='bbox 1713 1068 1801 1108; x_wconf 93' lang='lat' dir='ltr'>quo</span> 
     </span>
     <span class='ocr_line' id='line_1_12' title="bbox 338 1124 1800 1180; baseline 0 -15"><span class='ocrx_word' id='word_1_85' title='bbox 338 1139 423 1166; x_wconf 87' lang='lat' dir='ltr'>non</span> <span class='ocrx_word' id='word_1_86' title='bbox 455 1126 566 1167; x_wconf 88' lang='lat' dir='ltr'>levis</span> <span class='ocrx_word' id='word_1_87' title='bbox 597 1127 681 1167; x_wconf 85' lang='lat' dir='ltr'>fuit</span> <span class='ocrx_word' id='word_1_88' title='bbox 712 1128 827 1168; x_wconf 88' lang='lat' dir='ltr'>inter</span> <span class='ocrx_word' id='word_1_89' title='bbox 854 1142 926 1168; x_wconf 89' lang='lat' dir='ltr'>cos</span> <span class='ocrx_word' id='word_1_90' title='bbox 959 1128 1192 1168; x_wconf 89' lang='lat' dir='ltr'>contentio.</span> <span class='ocrx_word' id='word_1_91' title='bbox 1257 1126 1374 1167; x_wconf 86' lang='lat' dir='ltr'>Nam</span> <span class='ocrx_word' id='word_1_92' title='bbox 1397 1125 1643 1180; x_wconf 79' lang='lat' dir='ltr'>complures</span> <span class='ocrx_word' id='word_1_93' title='bbox 1670 1124 1800 1180; x_wconf 66' lang='lat' dir='ltr'>longa</span> 
     </span>
     <span class='ocr_line' id='line_1_13' title="bbox 337 1197 1799 1245; baseline -0.001 -7"><span class='ocrx_word' id='word_1_94' title='bbox 337 1199 528 1239; x_wconf 88' lang='lat' dir='ltr'>oratione</span> <span class='ocrx_word' id='word_1_95' title='bbox 549 1199 593 1238; x_wconf 91' lang='lat' dir='ltr'>in</span> <span class='ocrx_word' id='word_1_96' title='bbox 616 1214 688 1239; x_wconf 90' lang='lat' dir='ltr'>eos</span> <span class='ocrx_word' id='word_1_97' title='bbox 710 1199 1087 1240; x_wconf 89' lang='lat' dir='ltr'>vehementissime</span> <span class='ocrx_word' id='word_1_98' title='bbox 1120 1198 1283 1239; x_wconf 88' lang='lat' dir='ltr'>invecti</span> <span class='ocrx_word' id='word_1_99' title='bbox 1310 1205 1425 1244; x_wconf 84' lang='lat' dir='ltr'>sunt,</span> <span class='ocrx_word' id='word_1_100' title='bbox 1448 1203 1685 1245; x_wconf 81' lang='lat' dir='ltr'>narrantes,</span> <span class='ocrx_word' id='word_1_101' title='bbox 1709 1197 1799 1238; x_wconf 90' lang='lat' dir='ltr'>Lu-</span> 
     </span>
     <span class='ocr_line' id='line_1_14' title="bbox 339 1270 1799 1327; baseline 0.001 -16"><span class='ocrx_word' id='word_1_102' title='bbox 339 1270 453 1311; x_wconf 89' lang='lat' dir='ltr'>theri</span> <span class='ocrx_word' id='word_1_103' title='bbox 475 1278 644 1325; x_wconf 91' lang='lat' dir='ltr'>partem</span> <span class='ocrx_word' id='word_1_104' title='bbox 675 1271 774 1312; x_wconf 87' lang='lat' dir='ltr'>hinc</span> <span class='ocrx_word' id='word_1_105' title='bbox 805 1273 997 1327; x_wconf 87' lang='lat' dir='ltr'>primum</span> <span class='ocrx_word' id='word_1_106' title='bbox 1032 1272 1256 1327; x_wconf 85' lang='lat' dir='ltr'>prodiisse,</span> <span class='ocrx_word' id='word_1_107' title='bbox 1278 1270 1378 1312; x_wconf 89' lang='lat' dir='ltr'>inde</span> <span class='ocrx_word' id='word_1_108' title='bbox 1399 1272 1590 1312; x_wconf 89' lang='lat' dir='ltr'>infinitas</span> <span class='ocrx_word' id='word_1_109' title='bbox 1609 1270 1799 1318; x_wconf 84' lang='lat' dir='ltr'>fraudes,</span> 
     </span>
     <span class='ocr_line' id='line_1_15' title="bbox 338 1343 1801 1400; baseline 0.001 -16"><span class='ocrx_word' id='word_1_110' title='bbox 338 1343 524 1391; x_wconf 81' lang='lat' dir='ltr'>fallacia,</span> <span class='ocrx_word' id='word_1_111' title='bbox 557 1345 865 1400; x_wconf 79' lang='lat' dir='ltr'>exquisitaque</span> <span class='ocrx_word' id='word_1_112' title='bbox 906 1359 1056 1385; x_wconf 91' lang='lat' dir='ltr'>eorum</span> <span class='ocrx_word' id='word_1_113' title='bbox 1094 1344 1278 1385; x_wconf 88' lang='lat' dir='ltr'>artificia</span> <span class='ocrx_word' id='word_1_114' title='bbox 1316 1353 1600 1393; x_wconf 83' lang='lat' dir='ltr'>recensentes,</span> <span class='ocrx_word' id='word_1_115' title='bbox 1636 1345 1801 1400; x_wconf 91' lang='lat' dir='ltr'>quibus</span> 
     </span>
     <span class='ocr_line' id='line_1_16' title="bbox 339 1416 1798 1473; baseline 0.001 -17"><span class='ocrx_word' id='word_1_116' title='bbox 339 1416 590 1457; x_wconf 87' lang='lat' dir='ltr'>Christiano</span> <span class='ocrx_word' id='word_1_117' title='bbox 619 1417 785 1472; x_wconf 91' lang='lat' dir='ltr'>populo</span> <span class='ocrx_word' id='word_1_118' title='bbox 816 1416 1021 1466; x_wconf 88' lang='lat' dir='ltr'>illudunt,</span> <span class='ocrx_word' id='word_1_119' title='bbox 1058 1416 1242 1472; x_wconf 90' lang='lat' dir='ltr'>ideoque</span> <span class='ocrx_word' id='word_1_120' title='bbox 1276 1432 1348 1457; x_wconf 88' lang='lat' dir='ltr'>eos</span> <span class='ocrx_word' id='word_1_121' title='bbox 1380 1432 1559 1473; x_wconf 89' lang='lat' dir='ltr'>prorsus</span> <span class='ocrx_word' id='word_1_122' title='bbox 1594 1418 1798 1458; x_wconf 75' lang='lat' dir='ltr'>extermi-</span> 
     </span>
     <span class='ocr_line' id='line_1_17' title="bbox 336 1489 1799 1538; baseline 0.001 -10"><span class='ocrx_word' id='word_1_123' title='bbox 336 1489 500 1529; x_wconf 89' lang='lat' dir='ltr'>nandos</span> <span class='ocrx_word' id='word_1_124' title='bbox 533 1504 624 1530; x_wconf 91' lang='lat' dir='ltr'>esse</span> <span class='ocrx_word' id='word_1_125' title='bbox 653 1489 986 1538; x_wconf 79' lang='lat' dir='ltr'>contendentes3</span> <span class='ocrx_word' id='word_1_126' title='bbox 1031 1489 1105 1530; x_wconf 90' lang='lat' dir='ltr'>alii</span> <span class='ocrx_word' id='word_1_127' title='bbox 1136 1490 1343 1537; x_wconf 81' lang='lat' dir='ltr'>mitiores,</span> <span class='ocrx_word' id='word_1_128' title='bbox 1379 1505 1528 1530; x_wconf 85' lang='lat' dir='ltr'>eorum</span> <span class='ocrx_word' id='word_1_129' title='bbox 1562 1504 1721 1530; x_wconf 89' lang='lat' dir='ltr'>munus</span> <span class='ocrx_word' id='word_1_130' title='bbox 1755 1491 1799 1530; x_wconf 88' lang='lat' dir='ltr'>in</span> 
     </span>
     <span class='ocr_line' id='line_1_18' title="bbox 340 1560 1800 1617; baseline 0.001 -16"><span class='ocrx_word' id='word_1_131' title='bbox 340 1560 539 1601; x_wconf 84' lang='lat' dir='ltr'>Ecclesia</span> <span class='ocrx_word' id='word_1_132' title='bbox 561 1561 911 1616; x_wconf 88' lang='lat' dir='ltr'>antiquissimum</span> <span class='ocrx_word' id='word_1_133' title='bbox 935 1577 1026 1602; x_wconf 88' lang='lat' dir='ltr'>esse</span> <span class='ocrx_word' id='word_1_134' title='bbox 1050 1561 1351 1608; x_wconf 84' lang='lat' dir='ltr'>ostendebant,</span> <span class='ocrx_word' id='word_1_135' title='bbox 1376 1568 1509 1617; x_wconf 88' lang='lat' dir='ltr'>atque</span> <span class='ocrx_word' id='word_1_136' title='bbox 1531 1561 1574 1601; x_wconf 90' lang='lat' dir='ltr'>in</span> <span class='ocrx_word' id='word_1_137' title='bbox 1603 1561 1800 1603; x_wconf 86' lang='lat' dir='ltr'>Concilio</span> 
     </span>
     <span class='ocr_line' id='line_1_19' title="bbox 336 1633 1798 1688; baseline 0.001 -15"><span class='ocrx_word' id='word_1_138' title='bbox 336 1633 636 1680; x_wconf 86' lang='lat' dir='ltr'>Lateranensi,</span> <span class='ocrx_word' id='word_1_139' title='bbox 659 1633 962 1688; x_wconf 86' lang='lat' dir='ltr'>Lugdunensi,</span> <span class='ocrx_word' id='word_1_140' title='bbox 997 1648 1044 1673; x_wconf 87' lang='lat' dir='ltr'>ac</span> <span class='ocrx_word' id='word_1_141' title='bbox 1065 1633 1302 1674; x_wconf 85' lang='lat' dir='ltr'>Viennensi</span> <span class='ocrx_word' id='word_1_142' title='bbox 1330 1633 1501 1688; x_wconf 86' lang='lat' dir='ltr'>pridem</span> <span class='ocrx_word' id='word_1_143' title='bbox 1522 1634 1798 1688; x_wconf 87' lang='lat' dir='ltr'>permissum,</span> 
     </span>
     <span class='ocr_line' id='line_1_20' title="bbox 338 1705 1800 1762; baseline 0.001 -15"><span class='ocrx_word' id='word_1_144' title='bbox 338 1705 539 1761; x_wconf 85' lang='lat' dir='ltr'>quamvis</span> <span class='ocrx_word' id='word_1_145' title='bbox 556 1705 678 1753; x_wconf 82' lang='lat' dir='ltr'>varii,</span> <span class='ocrx_word' id='word_1_146' title='bbox 698 1707 774 1761; x_wconf 90' lang='lat' dir='ltr'>qui</span> <span class='ocrx_word' id='word_1_147' title='bbox 795 1707 839 1746; x_wconf 91' lang='lat' dir='ltr'>in</span> <span class='ocrx_word' id='word_1_148' title='bbox 856 1720 906 1746; x_wconf 92' lang='lat' dir='ltr'>eo</span> <span class='ocrx_word' id='word_1_149' title='bbox 929 1706 1120 1762; x_wconf 83' lang='lat' dir='ltr'>gerendo</span> <span class='ocrx_word' id='word_1_150' title='bbox 1143 1707 1307 1747; x_wconf 88' lang='lat' dir='ltr'>abusus</span> <span class='ocrx_word' id='word_1_151' title='bbox 1328 1707 1603 1762; x_wconf 88' lang='lat' dir='ltr'>irrepserant,</span> <span class='ocrx_word' id='word_1_152' title='bbox 1622 1707 1800 1750; x_wconf 85' lang='lat' dir='ltr'>fuerant</span> 
     </span>
     <span class='ocr_line' id='line_1_21' title="bbox 337 1777 1800 1834; baseline 0.002 -15"><span class='ocrx_word' id='word_1_153' title='bbox 337 1778 489 1819; x_wconf 88' lang='lat' dir='ltr'>iisdem</span> <span class='ocrx_word' id='word_1_154' title='bbox 523 1777 728 1818; x_wconf 88' lang='lat' dir='ltr'>Conciliis</span> <span class='ocrx_word' id='word_1_155' title='bbox 756 1778 958 1833; x_wconf 83' lang='lat' dir='ltr'>repressi.</span> <span class='ocrx_word' id='word_1_156' title='bbox 1021 1777 1140 1818; x_wconf 90' lang='lat' dir='ltr'>Hinc</span> <span class='ocrx_word' id='word_1_157' title='bbox 1167 1779 1281 1819; x_wconf 88' lang='lat' dir='ltr'>enim</span> <span class='ocrx_word' id='word_1_158' title='bbox 1315 1778 1568 1834; x_wconf 89' lang='lat' dir='ltr'>Hospitalia</span> <span class='ocrx_word' id='word_1_159' title='bbox 1594 1780 1734 1821; x_wconf 88' lang='lat' dir='ltr'>multa</span> <span class='ocrx_word' id='word_1_160' title='bbox 1754 1787 1800 1822; x_wconf 89' lang='lat' dir='ltr'>et</span> 
     </span>
     <span class='ocr_line' id='line_1_22' title="bbox 336 1850 1799 1908; baseline 0.001 -16"><span class='ocrx_word' id='word_1_161' title='bbox 336 1851 423 1892; x_wconf 83' lang='lat' dir='ltr'>alia</span> <span class='ocrx_word' id='word_1_162' title='bbox 443 1851 517 1906; x_wconf 90' lang='lat' dir='ltr'>pia</span> <span class='ocrx_word' id='word_1_163' title='bbox 536 1850 632 1890; x_wconf 89' lang='lat' dir='ltr'>loca</span> <span class='ocrx_word' id='word_1_164' title='bbox 653 1865 706 1891; x_wconf 89' lang='lat' dir='ltr'>ex</span> <span class='ocrx_word' id='word_1_165' title='bbox 728 1850 1011 1906; x_wconf 87' lang='lat' dir='ltr'>eleemosynis</span> <span class='ocrx_word' id='word_1_166' title='bbox 1044 1851 1099 1891; x_wconf 89' lang='lat' dir='ltr'>ab</span> <span class='ocrx_word' id='word_1_167' title='bbox 1126 1851 1178 1891; x_wconf 88' lang='lat' dir='ltr'>iis</span> <span class='ocrx_word' id='word_1_168' title='bbox 1210 1851 1400 1892; x_wconf 87' lang='lat' dir='ltr'>collectis</span> <span class='ocrx_word' id='word_1_169' title='bbox 1429 1851 1686 1892; x_wconf 87' lang='lat' dir='ltr'>sustentari:</span> <span class='ocrx_word' id='word_1_170' title='bbox 1720 1867 1799 1908; x_wconf 89' lang='lat' dir='ltr'>per</span> 
     </span>
     <span class='ocr_line' id='line_1_23' title="bbox 336 1923 1798 1980; baseline 0.001 -14"><span class='ocrx_word' id='word_1_171' title='bbox 336 1939 408 1966; x_wconf 89' lang='lat' dir='ltr'>eos</span> <span class='ocrx_word' id='word_1_172' title='bbox 439 1938 657 1964; x_wconf 88' lang='lat' dir='ltr'>summum</span> <span class='ocrx_word' id='word_1_173' title='bbox 688 1923 942 1965; x_wconf 90' lang='lat' dir='ltr'>Pontificem</span> <span class='ocrx_word' id='word_1_174' title='bbox 974 1923 1286 1980; x_wconf 84' lang='lat' dir='ltr'>indulgentiaS,</span> <span class='ocrx_word' id='word_1_175' title='bbox 1321 1940 1368 1965; x_wconf 89' lang='lat' dir='ltr'>ac</span> <span class='ocrx_word' id='word_1_176' title='bbox 1401 1925 1653 1980; x_wconf 88' lang='lat' dir='ltr'>spiritualia</span> <span class='ocrx_word' id='word_1_177' title='bbox 1683 1925 1798 1967; x_wconf 89' lang='lat' dir='ltr'>dona</span> 
     </span>
     <span class='ocr_line' id='line_1_24' title="bbox 337 1997 1798 2053; baseline 0.001 -15"><span class='ocrx_word' id='word_1_178' title='bbox 337 1997 588 2039; x_wconf 87' lang='lat' dir='ltr'>Christiano</span> <span class='ocrx_word' id='word_1_179' title='bbox 624 1998 791 2053; x_wconf 88' lang='lat' dir='ltr'>populo</span> <span class='ocrx_word' id='word_1_180' title='bbox 824 1997 1113 2047; x_wconf 84' lang='lat' dir='ltr'>distribuere;</span> <span class='ocrx_word' id='word_1_181' title='bbox 1146 1998 1385 2039; x_wconf 89' lang='lat' dir='ltr'>multorum</span> <span class='ocrx_word' id='word_1_182' title='bbox 1419 1999 1686 2039; x_wconf 87' lang='lat' dir='ltr'>conscientiis</span> <span class='ocrx_word' id='word_1_183' title='bbox 1717 1999 1798 2040; x_wconf 87' lang='lat' dir='ltr'>hac</span> 
     </span>
     <span class='ocr_line' id='line_1_25' title="bbox 336 2070 1800 2127; baseline 0 -14"><span class='ocrx_word' id='word_1_184' title='bbox 336 2071 504 2113; x_wconf 83' lang='lat' dir='ltr'>ratione</span> <span class='ocrx_word' id='word_1_185' title='bbox 527 2070 772 2119; x_wconf 85' lang='lat' dir='ltr'>subvenire,</span> <span class='ocrx_word' id='word_1_186' title='bbox 805 2085 955 2111; x_wconf 90' lang='lat' dir='ltr'>eorum</span> <span class='ocrx_word' id='word_1_187' title='bbox 984 2072 1241 2126; x_wconf 68' lang='lat' dir='ltr'>praesertim,</span> <span class='ocrx_word' id='word_1_188' title='bbox 1272 2087 1373 2127; x_wconf 83' lang='lat' dir='ltr'>quae</span> <span class='ocrx_word' id='word_1_189' title='bbox 1409 2072 1452 2112; x_wconf 90' lang='lat' dir='ltr'>in</span> <span class='ocrx_word' id='word_1_190' title='bbox 1484 2072 1663 2112; x_wconf 90' lang='lat' dir='ltr'>remotis</span> <span class='ocrx_word' id='word_1_191' title='bbox 1694 2072 1800 2113; x_wconf 87' lang='lat' dir='ltr'>locis</span> 
     </span>
     <span class='ocr_line' id='line_1_26' title="bbox 336 2142 1796 2200; baseline 0.001 -15"><span class='ocrx_word' id='word_1_192' title='bbox 336 2159 424 2185; x_wconf 90' lang='lat' dir='ltr'>non</span> <span class='ocrx_word' id='word_1_193' title='bbox 446 2142 587 2191; x_wconf 85' lang='lat' dir='ltr'>facile,</span> <span class='ocrx_word' id='word_1_194' title='bbox 607 2143 962 2198; x_wconf 83' lang='lat' dir='ltr'>expatriationis¹</span> <span class='ocrx_word' id='word_1_195' title='bbox 986 2158 1127 2192; x_wconf 86' lang='lat' dir='ltr'>causa,</span> <span class='ocrx_word' id='word_1_196' title='bbox 1144 2144 1289 2200; x_wconf 87' lang='lat' dir='ltr'>ipsum</span> <span class='ocrx_word' id='word_1_197' title='bbox 1307 2159 1526 2185; x_wconf 89' lang='lat' dir='ltr'>summum</span> <span class='ocrx_word' id='word_1_198' title='bbox 1543 2145 1796 2186; x_wconf 88' lang='lat' dir='ltr'>Pontificem</span> 
     </span>
     <span class='ocr_line' id='line_1_27' title="bbox 336 2215 1797 2272; baseline 0 -14"><span class='ocrx_word' id='word_1_199' title='bbox 336 2215 457 2258; x_wconf 87' lang='lat' dir='ltr'>adire</span> <span class='ocrx_word' id='word_1_200' title='bbox 478 2221 672 2270; x_wconf 89' lang='lat' dir='ltr'>possunt.</span> <span class='ocrx_word' id='word_1_201' title='bbox 735 2216 838 2256; x_wconf 90' lang='lat' dir='ltr'>Non</span> <span class='ocrx_word' id='word_1_202' title='bbox 858 2231 950 2257; x_wconf 87' lang='lat' dir='ltr'>esse</span> <span class='ocrx_word' id='word_1_203' title='bbox 970 2216 1048 2257; x_wconf 90' lang='lat' dir='ltr'>hos</span> <span class='ocrx_word' id='word_1_204' title='bbox 1070 2217 1280 2258; x_wconf 67' lang='lat' dir='ltr'>Ecclesiae</span> <span class='ocrx_word' id='word_1_205' title='bbox 1302 2217 1534 2258; x_wconf 85' lang='lat' dir='ltr'>thesauros</span> <span class='ocrx_word' id='word_1_206' title='bbox 1563 2231 1675 2257; x_wconf 92' lang='lat' dir='ltr'>nunc</span> <span class='ocrx_word' id='word_1_207' title='bbox 1695 2232 1797 2272; x_wconf 89' lang='lat' dir='ltr'>sup-</span> 
     </span>
     <span class='ocr_line' id='line_1_28' title="bbox 336 2288 1795 2346; baseline 0.001 -16"><span class='ocrx_word' id='word_1_208' title='bbox 336 2288 597 2345; x_wconf 66' lang='lat' dir='ltr'>prhnendos,</span> <span class='ocrx_word' id='word_1_209' title='bbox 631 2288 707 2330; x_wconf 91' lang='lat' dir='ltr'>sed</span> <span class='ocrx_word' id='word_1_210' title='bbox 741 2289 892 2345; x_wconf 88' lang='lat' dir='ltr'>potius</span> <span class='ocrx_word' id='word_1_211' title='bbox 923 2290 959 2330; x_wconf 92' lang='lat' dir='ltr'>si</span> <span class='ocrx_word' id='word_1_212' title='bbox 993 2290 1100 2345; x_wconf 89' lang='lat' dir='ltr'>quid</span> <span class='ocrx_word' id='word_1_213' title='bbox 1131 2291 1187 2331; x_wconf 91' lang='lat' dir='ltr'>ab</span> <span class='ocrx_word' id='word_1_214' title='bbox 1216 2291 1269 2331; x_wconf 89' lang='lat' dir='ltr'>iis</span> <span class='ocrx_word' id='word_1_215' title='bbox 1301 2291 1345 2331; x_wconf 90' lang='lat' dir='ltr'>in</span> <span class='ocrx_word' id='word_1_216' title='bbox 1379 2289 1575 2331; x_wconf 84' lang='lat' dir='ltr'>fraudem</span> <span class='ocrx_word' id='word_1_217' title='bbox 1610 2290 1795 2346; x_wconf 83' lang='lat' dir='ltr'>geritur,</span> 
     </span>
     <span class='ocr_line' id='line_1_29' title="bbox 337 2362 1798 2419; baseline 0 -15"><span class='ocrx_word' id='word_1_218' title='bbox 337 2362 658 2419; x_wconf 85' lang='lat' dir='ltr'>corrigendum,</span> <span class='ocrx_word' id='word_1_219' title='bbox 675 2369 927 2418; x_wconf 88' lang='lat' dir='ltr'>certamque</span> <span class='ocrx_word' id='word_1_220' title='bbox 942 2363 1154 2404; x_wconf 89' lang='lat' dir='ltr'>rationem</span> <span class='ocrx_word' id='word_1_221' title='bbox 1170 2363 1257 2403; x_wconf 89' lang='lat' dir='ltr'>illis</span> <span class='ocrx_word' id='word_1_222' title='bbox 1272 2363 1452 2419; x_wconf 89' lang='lat' dir='ltr'>posthac</span> <span class='ocrx_word' id='word_1_223' title='bbox 1468 2363 1798 2404; x_wconf 88' lang='lat' dir='ltr'>administrandi</span> 
     </span>
     <span class='ocr_line' id='line_1_30' title="bbox 335 2435 1795 2491; baseline -0.001 -14"><span class='ocrx_word' id='word_1_224' title='bbox 335 2436 467 2491; x_wconf 83' lang='lat' dir='ltr'>hujus</span> <span class='ocrx_word' id='word_1_225' title='bbox 488 2436 678 2476; x_wconf 87' lang='lat' dir='ltr'>muneris</span> <span class='ocrx_word' id='word_1_226' title='bbox 711 2435 1093 2491; x_wconf 77' lang='lat' dir='ltr'>praescribendam,</span> <span class='ocrx_word' id='word_1_227' title='bbox 1125 2442 1176 2476; x_wconf 90' lang='lat' dir='ltr'>ut</span> <span class='ocrx_word' id='word_1_228' title='bbox 1205 2436 1408 2477; x_wconf 91' lang='lat' dir='ltr'>omnibus</span> <span class='ocrx_word' id='word_1_229' title='bbox 1436 2442 1586 2491; x_wconf 88' lang='lat' dir='ltr'>pateat</span> <span class='ocrx_word' id='word_1_230' title='bbox 1606 2436 1795 2476; x_wconf 88' lang='lat' dir='ltr'>officium</span> 
     </span>
     <span class='ocr_line' id='line_1_31' title="bbox 336 2507 1796 2564; baseline 0 -16"><span class='ocrx_word' id='word_1_231' title='bbox 336 2507 416 2548; x_wconf 90' lang='lat' dir='ltr'>hoc</span> <span class='ocrx_word' id='word_1_232' title='bbox 431 2522 517 2548; x_wconf 89' lang='lat' dir='ltr'>non</span> <span class='ocrx_word' id='word_1_233' title='bbox 539 2507 596 2547; x_wconf 88' lang='lat' dir='ltr'>ad</span> <span class='ocrx_word' id='word_1_234' title='bbox 612 2514 843 2563; x_wconf 77' lang='lat' dir='ltr'>quaestum,</span> <span class='ocrx_word' id='word_1_235' title='bbox 865 2507 942 2550; x_wconf 89' lang='lat' dir='ltr'>sed</span> <span class='ocrx_word' id='word_1_236' title='bbox 958 2509 1013 2549; x_wconf 88' lang='lat' dir='ltr'>ad</span> <span class='ocrx_word' id='word_1_237' title='bbox 1029 2510 1239 2564; x_wconf 88' lang='lat' dir='ltr'>pietatem</span> <span class='ocrx_word' id='word_1_238' title='bbox 1256 2524 1347 2551; x_wconf 89' lang='lat' dir='ltr'>esse</span> <span class='ocrx_word' id='word_1_239' title='bbox 1363 2509 1629 2550; x_wconf 88' lang='lat' dir='ltr'>institutum.</span> <span class='ocrx_word' id='word_1_240' title='bbox 1681 2508 1796 2549; x_wconf 90' lang='lat' dir='ltr'>Cum</span> 
     </span>
     <span class='ocr_line' id='line_1_32' title="bbox 337 2580 1796 2637; baseline 0.001 -17"><span class='ocrx_word' id='word_1_241' title='bbox 337 2587 483 2621; x_wconf 87' lang='lat' dir='ltr'>autem</span> <span class='ocrx_word' id='word_1_242' title='bbox 504 2580 549 2620; x_wconf 92' lang='lat' dir='ltr'>in</span> <span class='ocrx_word' id='word_1_243' title='bbox 570 2586 802 2636; x_wconf 90' lang='lat' dir='ltr'>utramque</span> <span class='ocrx_word' id='word_1_244' title='bbox 830 2588 1001 2637; x_wconf 86' lang='lat' dir='ltr'>partem</span> <span class='ocrx_word' id='word_1_245' title='bbox 1027 2582 1169 2624; x_wconf 89' lang='lat' dir='ltr'>multa</span> <span class='ocrx_word' id='word_1_246' title='bbox 1199 2581 1316 2623; x_wconf 89' lang='lat' dir='ltr'>dicta</span> <span class='ocrx_word' id='word_1_247' title='bbox 1347 2581 1526 2630; x_wconf 88' lang='lat' dir='ltr'>fuerint,</span> <span class='ocrx_word' id='word_1_248' title='bbox 1548 2581 1710 2637; x_wconf 84' lang='lat' dir='ltr'>Legati</span> <span class='ocrx_word' id='word_1_249' title='bbox 1731 2581 1796 2622; x_wconf 89' lang='lat' dir='ltr'>ita</span> 
     </span>
     <span class='ocr_line' id='line_1_33' title="bbox 337 2653 1796 2711; baseline 0.001 -18"><span class='ocrx_word' id='word_1_250' title='bbox 337 2668 426 2694; x_wconf 87' lang='lat' dir='ltr'>rem</span> <span class='ocrx_word' id='word_1_251' title='bbox 448 2653 775 2709; x_wconf 86' lang='lat' dir='ltr'>temperandam</span> <span class='ocrx_word' id='word_1_252' title='bbox 799 2662 1073 2704; x_wconf 80' lang='lat' dir='ltr'>censuerant,</span> <span class='ocrx_word' id='word_1_253' title='bbox 1096 2671 1174 2697; x_wconf 88' lang='lat' dir='ltr'>nec</span> <span class='ocrx_word' id='word_1_254' title='bbox 1195 2656 1264 2696; x_wconf 90' lang='lat' dir='ltr'>slt.</span> <span class='ocrx_word' id='word_1_255' title='bbox 1289 2671 1344 2711; x_wconf 91' lang='lat' dir='ltr'>qu</span> <span class='ocrx_word' id='word_1_256' title='bbox 1354 2655 1587 2696; x_wconf 83' lang='lat' dir='ltr'>aestoribus</span> <span class='ocrx_word' id='word_1_257' title='bbox 1613 2654 1708 2695; x_wconf 90' lang='lat' dir='ltr'>istis</span> <span class='ocrx_word' id='word_1_258' title='bbox 1734 2655 1796 2694; x_wconf 87' lang='lat' dir='ltr'>in-</span> 
     </span>
     <span class='ocr_line' id='line_1_34' title="bbox 339 2725 1796 2785; baseline 0.002 -20"><span class='ocrx_word' id='word_1_259' title='bbox 339 2725 585 2781; x_wconf 80' lang='lat' dir='ltr'>dulgentias</span> <span class='ocrx_word' id='word_1_260' title='bbox 608 2727 809 2775; x_wconf 88' lang='lat' dir='ltr'>indicere,</span> <span class='ocrx_word' id='word_1_261' title='bbox 833 2729 988 2785; x_wconf 90' lang='lat' dir='ltr'>stipem</span> <span class='ocrx_word' id='word_1_262' title='bbox 1012 2730 1231 2785; x_wconf 83' lang='lat' dir='ltr'>colligere,</span> <span class='ocrx_word' id='word_1_263' title='bbox 1256 2735 1331 2769; x_wconf 88' lang='lat' dir='ltr'>aut</span> <span class='ocrx_word' id='word_1_264' title='bbox 1353 2728 1594 2784; x_wconf 89' lang='lat' dir='ltr'>quidquam</span> <span class='ocrx_word' id='word_1_265' title='bbox 1617 2742 1796 2783; x_wconf 88' lang='lat' dir='ltr'>prorsus</span> 
     </span>
    </p>
   </div>
   <div class='ocr_carea' id='block_1_3' title="bbox 482 2820 1649 2863">
    <p class='ocr_par' dir='ltr' id='par_1_4' title="bbox 482 2820 1649 2863">
     <span class='ocr_line' id='line_1_35' title="bbox 482 2820 1649 2863; baseline -0.003 -7"><span class='ocrx_word' id='word_1_266' title='bbox 482 2820 490 2836; x_wconf 82' lang='lat'>¹</span> <span class='ocrx_word' id='word_1_267' title='bbox 517 2821 729 2860; x_wconf 68' lang='lat' dir='ltr'>Exprationis,</span> <span class='ocrx_word' id='word_1_268' title='bbox 746 2823 818 2854; x_wconf 90' lang='lat' dir='ltr'>MS.</span> <span class='ocrx_word' id='word_1_269' title='bbox 868 2825 924 2854; x_wconf 82' lang='lat' dir='ltr'>See</span> <span class='ocrx_word' id='word_1_270' title='bbox 941 2824 1101 2863; x_wconf 78' lang='lat' dir='ltr'>Adelung,</span> <span class='ocrx_word' id='word_1_271' title='bbox 1121 2824 1327 2862; x_wconf 80' lang='lat' dir='ltr'>Glossarium,</span> <span class='ocrx_word' id='word_1_272' title='bbox 1346 2824 1447 2853; x_wconf 79' lang='lat' dir='ltr'>under</span> <span class='ocrx_word' id='word_1_273' title='bbox 1462 2828 1649 2862; x_wconf 60' lang='lat' dir='ltr'>arpatrxure.</span> 
     </span>
    </p>
   </div>
   <div class='ocr_carea' id='block_1_4' title="bbox 1866 1275 1905 3254">
    <p class='ocr_par' dir='ltr' id='par_1_5' title="bbox 1866 1275 1905 3254">
     <span class='ocr_line' id='line_1_36' title="bbox 1866 1275 1905 3254; baseline 0 0"><span class='ocrx_word' id='word_1_274' title='bbox 1866 1275 1905 3254; x_wconf 95' lang='lat' dir='ltr'> </span> 
     </span>
    </p>
   </div>
  </div>
 </body>
</html>
