1905 3254
700 267 812 298 sEss.
839 268 900 297 111.
1465 246 1519 289 87

50 376 192 417 victus
226 375 503 417 sacerdotalis
540 382 701 424 carent,
737 390 790 416 an
825 375 912 415 sint
949 372 1239 421 reformanda,
1273 372 1339 412 ita
1374 377 1422 412 ut
1457 385 1512 412 ex

50 448 254 504 pluribus
275 449 418 490 titulis
439 463 555 489 unus
577 455 751 489 tantum
775 448 829 489 ab
852 447 1069 489 ordinario
1091 445 1396 488 constituatur.

108 520 217 562 VII.
265 521 380 562 Cum
421 521 629 562 Rectores
670 520 992 563 Paroehialium
1033 519 1163 560 multi
1215 519 1301 560 sint
1352 532 1509 574 parum

51 593 209 641 idonei,
241 601 297 642 et,
333 594 401 634 vel
433 595 489 635 ob
520 594 785 650 imperitiam
819 593 888 634 vel
921 593 1024 633 vitae
1060 591 1398 647 turpitudinem,
1438 590 1511 631 de-

51 673 222 709 struant
253 668 401 723 potius
431 668 811 724 quam—aedificent
846 667 1094 722 subjectum
1131 666 1214 706 sibi
1247 679 1444 720 gregem,
1469 669 1513 704 et

52 738 288 779 deteriores
320 739 557 794 aliquando
589 739 780 780 habeant
801 738 1011 785 vicarios,
1035 736 1273 778 videndum
1305 743 1385 785 est,
1408 750 1511 791 quo-

53 811 177 854 modo
208 812 308 853 huie
342 813 454 854 malo
481 812 743 854 medendum
764 812 897 853 foret:
931 827 1036 852 num
1060 810 1301 867 expediret,
1326 811 1389 850 eis
1410 809 1513 850 dare

53 882 364 938 coadjutorem,
411 884 503 925 sive
545 883 770 925 Vicarium
814 883 1033 932 idoneum,
1077 897 1172 923 cum
1220 881 1512 937 assignatione

53 960 278 1000 fructuum
303 959 482 1000 arbitrio
504 959 724 1000 ordinarii.

111 1031 244 1073 VIII.
281 1031 528 1073 Ordinariis
569 1047 621 1073 an
663 1032 720 1072 sit
761 1030 1095 1078 concedendum,
1135 1036 1185 1070 ut
1221 1029 1430 1070 beneficia
1471 1036 1515 1070 et

54 1104 244 1160 capellas
265 1110 488 1146 vetustate
511 1105 737 1160 collapsaS‚
753 1118 852 1159 quae
874 1104 930 1144 ob
953 1109 1262 1159 paupertatem
1279 1101 1515 1143 restaurari

53 1184 289 1233 nequeunt,
312 1178 356 1218 in
377 1178 578 1219 matrices
600 1177 818 1218 Ecclesias
838 1177 1072 1218 transferre
1094 1176 1275 1232 possint.

114 1249 201 1290 IX.
235 1251 309 1291 An
340 1249 660 1291 decernendum
693 1250 760 1298 sit,
795 1249 1007 1290 beneficia
1041 1247 1350 1296 commendata,
1384 1247 1515 1288 etiam

56 1322 289 1378 regularia,
313 1322 483 1363 visitari
505 1323 561 1363 ab
583 1321 827 1370 ordinariis,
852 1328 897 1362 et
918 1321 1091 1377 corrigi.

114 1394 176 1435 X.
219 1394 501 1435 Matrimonia
552 1394 833 1442 clandestina,
877 1409 931 1435 an
983 1394 1026 1435 in
1078 1395 1278 1435 futurum
1330 1392 1520 1434 debeant

56 1466 267 1509 declarari
288 1468 414 1509 irrita
435 1483 527 1509 esse
551 1475 596 1509 et
616 1468 750 1508 nulla.

56 1584 62 1590 ,
114 1540 202 1581 ΧΙ.
237 1541 349 1591 Quae
382 1541 648 1583 conditiones
668 1542 753 1582 sint
775 1539 1046 1582 declarandae
1080 1539 1136 1580 ad
1167 1538 1258 1587 hoc,
1289 1546 1339 1580 ut
1370 1539 1519 1580 matri-

56 1614 250 1654 monium
282 1630 367 1656 non
399 1614 573 1656 dicatur
606 1613 940 1662 clandestinum,
973 1612 1050 1654 sed
1085 1614 1128 1653 in
1166 1612 1272 1654 facie
1308 1613 1518 1653 Ecclesiae

57 1694 338 1729 contractum.

111 1761 228 1804 XII.
263 1761 484 1816 Denique,
526 1774 793 1815 magnopere
843 1758 1201 1800 considerandum
1243 1765 1369 1806 esset,
1411 1758 1520 1814 quid

58 1832 411 1875 constituendum
435 1833 504 1880 sit,
528 1833 638 1873 circa
661 1833 941 1882 Quaestorum
963 1847 1048 1872 non
1071 1846 1232 1887 parvos
1253 1831 1431 1872 abusus.

118 1906 371 1962 Composita
390 1906 470 1947 hac
496 1907 588 1961 jam
611 1905 930 1946 reformationis
946 1905 1142 1951 formula,
1160 1911 1293 1960 atque
1309 1905 1522 1946 Caesareis

61 1979 322 2020 Oratoribus
358 1978 565 2035 privatim
598 1993 622 2019 a
652 1978 810 2034 legatis
840 1977 1010 2026 tradita,
1035 1978 1110 2033 qui
1143 1978 1249 2018 satis
1285 1993 1379 2018 eam
1413 1994 1521 2019 com-

60 2051 333 2099 mendarunt,
358 2058 506 2107 coepta
538 2058 616 2099 cst,
651 2065 704 2092 ex
740 2051 997 2092 accuratiori
1035 2050 1387 2098 consideratione,
1420 2051 1522 2092 oriri

59 2124 246 2179 suspicio
276 2138 410 2180 penes
444 2123 614 2179 aliquos
636 2139 689 2164 ex
712 2123 885 2179 legatis,
909 2130 953 2164 et
975 2123 1200 2177 praecipue
1224 2122 1521 2170 Simonettam,

61 2195 104 2236 id
127 2197 317 2252 primum
341 2203 488 2252 caput,
511 2197 589 2237 ubi
611 2196 664 2237 de
688 2195 924 2237 residentia
955 2196 1117 2250 agitur,
1145 2195 1273 2236 nimis
1307 2196 1394 2237 late
1427 2211 1523 2237 con-

62 2274 233 2324 ceptum
256 2284 360 2317 esse,
384 2269 503 2324 quod
524 2269 680 2310 deinde
703 2269 868 2310 occasio
890 2268 1084 2324 praelatis
1107 2267 1201 2308 dari
1223 2270 1359 2323 possit
1380 2269 1522 2325 digre-

61 2341 207 2382 diendi
230 2342 272 2382 in
293 2343 547 2383 remotiores
568 2343 786 2391 materias,
806 2350 850 2384 et
870 2342 1016 2383 omnia
1039 2342 1358 2397 quaestionibus
1380 2344 1523 2398 impli-

63 2414 200 2456 candi.
264 2415 318 2456 Id
349 2416 495 2471 ipsum
526 2423 570 2457 et
607 2423 735 2457 antea
755 2416 898 2457 obiter
920 2416 1185 2471 significasse
1208 2415 1523 2456 Rossancnsem

63 2486 302 2537 dicebatur,
320 2503 373 2530 ne
396 2488 440 2528 id
463 2496 597 2544 caput
619 2492 667 2530 ea
689 2489 926 2530 verborum
950 2488 1132 2530 formula
1154 2487 1372 2529 ederetur.
1423 2487 1524 2530 Coe-

65 2559 130 2614 pit
147 2559 285 2614 igitur
303 2560 548 2602 Simonetta
565 2561 799 2617 diligenter
816 2575 914 2601 cum
939 2560 1036 2600 aliis
1058 2560 1364 2615 legatisagere‚
1382 2567 1432 2601 ut
1448 2560 1527 2601 hoc

65 2640 198 2687 caput
233 2634 405 2675 omnino
442 2649 496 2675 ex
528 2634 711 2675 aliorum
744 2649 927 2674 numero
960 2633 1198 2681 tolleretur,
1222 2640 1455 2688 antequam
1477 2650 1530 2676 ea

70 2702 114 2744 in
134 2707 473 2762 congregatione
497 2706 706 2747 Patribus
729 2712 1094 2761 proponerentur.
1158 2704 1352 2760 Ideoque
1375 2707 1530 2748 acriter

73 2773 150 2816 hac
172 2776 225 2817 dc
247 2793 291 2818 rc
318 2793 475 2833 urgere
496 2779 668 2834 legatos
691 2778 796 2818 alios
817 2777 965 2832 coepit,
992 2784 1040 2817 ut
1062 2777 1124 2817 illi
1146 2785 1287 2818 essent
1318 2779 1355 2818 ei
1388 2793 1528 2820 assen-
