1905 3254
672 294 784 324 sess.
812 294 889 324 vn.
1424 277 1509 317 499

50 399 305 457 probatum:
343 414 486 455 neque
523 400 664 442 multo
699 407 810 456 post,
845 399 889 440 hi
925 399 1244 455 responsionem
1277 396 1506 438 concordes

50 474 285 530 protulere,
309 488 408 529 quae
429 488 525 514 cum
547 473 699 522 literis,
722 480 766 514 et
787 473 978 514 oratione
1001 471 1206 513 Praesidis
1226 476 1360 512 extat.

203 607 373 655 Literae
398 608 458 653 ad
486 606 739 670 Synodum
764 605 1162 653 Christianissiini
1190 605 1347 667 Regis.

467 698 633 745 Oratio
662 699 884 745 Praesidis
912 698 1089 760 Biragi.

52 792 311 855 Responsio
337 791 522 856 Synodi
548 793 626 838 &c
653 809 763 855 quae
792 791 974 854 incipit,
1003 790 1133 837 Cum
1169 789 1501 852 superioribus.

105 917 307 958 Proxime
340 916 405 956 his
437 917 614 957 accessit
657 916 740 956 alia
781 915 1066 956 Consultatio.
1130 914 1248 954 Nam
1290 912 1507 968 Theologi

48 990 342 1031 Lovanienses
377 1004 402 1030 a
434 989 616 1046 Legatis
652 1003 928 1043 summopere
964 986 1298 1033 contendebant,
1334 993 1384 1026 ut
1416 986 1502 1027 Re-

50 1063 152 1119 gina
184 1062 377 1118 Angliae,
413 1068 623 1117 tanquam
652 1061 934 1108 schismatica,
958 1067 1001 1101 et
1032 1059 1248 1106 hae1·etica,
1272 1074 1297 1099 a
1332 1058 1506 1114 Synodo

49 1136 342 1177 declararetur
359 1153 369 1185 3
403 1135 521 1190 quod
542 1135 604 1175 ita
625 1149 703 1189 per
724 1134 873 1175 literas
905 1133 960 1173 ab
990 1133 1218 1188 Episcopis
1241 1131 1399 1187 Anglis
1423 1131 1506 1172 Ca-

48 1209 216 1250 tholicis
237 1208 446 1250 admoniti
467 1214 622 1254 essent,
647 1222 834 1262 quorum
857 1206 988 1246 etiam
1011 1205 1138 1246 multi
1160 1205 1324 1260 captivi
1344 1204 1506 1245 detine-

49 1283 223 1328 bantur,
257 1283 559 1323 existimantes
590 1282 632 1329 ii,
664 1281 789 1321 valde
825 1280 903 1321 hoc
940 1279 1083 1335 Regni
1110 1279 1230 1319 illius
1264 1278 1507 1319 rationibus

50 1355 358 1412 profuturum3
391 1370 489 1395 cum
518 1355 579 1395 ita
611 1353 939 1394 Catholicorum
963 1352 1219 1406 Principum
1244 1349 1390 1391 studia
1410 1365 1507 1406 spe-

49 1434 192 1469 rarent
224 1428 279 1468 ad
312 1434 479 1483 pestem
520 1427 638 1467 illam
677 1441 732 1467 ex
768 1426 820 1466 iis
855 1425 957 1465 locis
994 1423 1337 1479 propulsandam
1370 1423 1509 1464 acrius

50 1516 174 1558 posse
196 1500 468 1541 inflammari.
531 1499 619 1540 Res
654 1500 748 1539 visa
781 1498 864 1539 fuit
900 1504 1071 1538 maturo
1105 1502 1302 1537 accurate
1334 1496 1508 1537 consilio

0 1599 1 1605 κ
50 1574 301 1624 evolvenda,
337 1574 595 1629 priusquam
631 1574 709 1613 Smo
748 1572 806 1613 D.
842 1572 898 1612 N.
943 1586 989 1611 ac
1029 1570 1245 1611 Caesarea}
1282 1570 1511 1625 Majestati

50 1647 418 1689 communicanda.
482 1647 661 1687 Etenim
684 1646 875 1701 suspicio
898 1650 1001 1690 erat,
1026 1659 1093 1691 ne,
1118 1642 1408 1683 declaratione
1431 1642 1509 1683 hac

0 1716 2 1724 ’
51 1721 260 1762 adversus
280 1720 497 1777 Reginam
531 1720 826 1776 promulgata,
851 1718 926 1758 illa
960 1717 1158 1758 acerbius
1191 1716 1345 1763 multo,
1369 1729 1509 1771 usque

50 1795 93 1836 in
114 1809 260 1836 necem
284 1794 624 1842 Catholicorum,
648 1793 827 1834 efferata
849 1791 1033 1832 saeviret.

108 1869 226 1909 Tum
258 1868 312 1909 dc
345 1866 647 1909 constituenda
668 1866 738 1907 die
772 1873 889 1907 certa
913 1864 1111 1911 Sessioni,
1135 1879 1235 1918 quae
1267 1862 1393 1903 toties
1417 1864 1508 1918 jam

51 1938 187 1981 dilata
209 1940 372 1989 fuerat,
406 1954 503 1981 cum
536 1953 799 1994 magnopere
833 1938 946 1978 inter
978 1938 1131 1978 Patres
1164 1942 1308 1975 actum
1341 1934 1507 1982 fuisset,

52 2015 226 2057 tandem
263 2015 308 2055 in
341 2013 456 2055 diem
495 2014 546 2053 15
567 2001 695 2061 Julii,
720 2013 796 2067 qui
829 2012 1004 2052 futurus
1037 2017 1129 2051 erat
1156 2008 1247 2049 dies
1281 2000 1334 2048 Sti
1367 2008 1509 2048 Bona-

54 2095 266 2137 venturae,
289 2103 435 2129 omnes
457 2101 694 2128 convenere
712 2103 722 2136 ;
755 2085 873 2141 quod
906 2085 1091 2125 maxime
1123 2095 1376 2137 congruere,
1398 2081 1511 2121 inter

54 2169 244 2211 caeteros,
277 2162 530 2218 Episcopus
566 2160 808 2207 calvensis,
833 2160 908 2215 qui
945 2164 1037 2199 erat
1073 2156 1234 2197 ordinis
1265 2155 1302 2196 F
1306 2154 1510 2195 rancisca-

52 2251 220 2285 norum,
245 2236 505 2277 affirmavit:
539 2234 712 2290 quando
752 2235 938 2273 Sanetus
975 2232 1283 2272 Bonaventura
1318 2226 1373 2267 ad
1405 2226 1510 2267 Car-

54 2309 209 2351 dinalis
242 2308 429 2366 gradum
465 2307 561 2348 ideo
592 2313 769 2348 evectus
805 2306 971 2352 fuisset,
1007 2311 1057 2344 ut
1094 2301 1288 2343 Concilio
1326 2298 1510 2354 Lugdu-

0 2412 1 2423 *
54 2383 174 2424 nensi
196 2388 417 2438 praeesset,
434 2381 511 2436 qui
528 2380 694 2436 pariter
712 2378 956 2419 Concilium
979 2376 1058 2416 hoc
1079 2380 1274 2415 nostrum
1296 2375 1371 2412 sua
1392 2370 1512 2426 apud

0 2510 2 2515 y
56 2453 200 2496 Deum
229 2454 532 2495 intercessione
561 2460 673 2494 esset
704 2451 1007 2507 adjuvaturuS.
1070 2448 1175 2487 Post
1195 2460 1294 2500 quae
1314 2444 1511 2484 Adamus

57 2525 94 2569 F
97 2542 296 2575 umanus,
321 2527 570 2567 Canonicus
591 2524 867 2571 Veronensis,
890 2521 1117 2563 familiaris
1139 2526 1241 2559 tunc
1264 2516 1511 2557 Cardinalis

58 2599 312 2656 Navagerii,
349 2599 584 2641 Thelesino
626 2597 866 2639 Secretario
908 2594 1140 2650 adjunctus
1180 2591 1277 2637 fuit,
1318 2589 1374 2630 ad
1412 2596 1511 2632 acta

58 2672 217 2729 Synodi
239 2673 559 2715 conscribenda.

114 2747 257 2787 Nulla
293 2762 359 2788 res
393 2754 491 2802 post
532 2743 781 2786 inchoatum
820 2739 1064 2781 Concilium
1105 2736 1366 2778 Christianae
1409 2735 1508 2776 Rei-

59 2819 246 2872 publicae
283 2826 444 2861 statum
481 2820 523 2859 in
560 2822 702 2873 majus
737 2816 965 2857 discrimen
1008 2811 1205 2855 adduxit,
1244 2825 1374 2866 quam
1415 2809 1508 2850 haec

1153 2885 1178 2923 2
1204 2897 1228 2922 Κ
1254 2884 1279 2922 2
