<?xml version="1.0" encoding="UTF-8"?>
<!DOCTYPE html PUBLIC "-//W3C//DTD XHTML 1.0 Transitional//EN"
    "http://www.w3.org/TR/xhtml1/DTD/xhtml1-transitional.dtd">
<html xmlns="http://www.w3.org/1999/xhtml" xml:lang="en" lang="en">
 <head>
  <title>
</title>
<meta http-equiv="Content-Type" content="text/html;charset=utf-8" />
  <meta name='ocr-system' content='tesseract 3.04.00' />
  <meta name='ocr-capabilities' content='ocr_page ocr_carea ocr_par ocr_line ocrx_word'/>
</head>
<body>
  <div class='ocr_page' id='page_1' title='image "actaconciliitrid00paleuoft_0477.png"; bbox 0 0 1905 3254; ppageno 0'>
   <div class='ocr_carea' id='block_1_1' title="bbox 675 280 1519 327">
    <p class='ocr_par' dir='ltr' id='par_1_1' title="bbox 675 280 1519 327">
     <span class='ocr_line' id='line_1_1' title="bbox 675 280 1519 327; baseline -0.007 -1"><span class='ocrx_word' id='word_1_1' title='bbox 675 297 787 327; x_wconf 83' lang='lat' dir='ltr'>sESS.</span> <span class='ocrx_word' id='word_1_2' title='bbox 814 297 889 326; x_wconf 80' lang='lat' dir='ltr'>vu.</span> <span class='ocrx_word' id='word_1_3' title='bbox 1435 280 1519 320; x_wconf 82' lang='lat'>335</span> 
     </span>
    </p>
   </div>
   <div class='ocr_carea' id='block_1_2' title="bbox 35 403 1513 2140">
    <p class='ocr_par' dir='ltr' id='par_1_2' title="bbox 46 403 1513 678">
     <span class='ocr_line' id='line_1_2' title="bbox 104 403 1511 461; baseline 0 -16"><span class='ocrx_word' id='word_1_4' title='bbox 104 403 550 460; x_wconf 87' lang='lat' dir='ltr'>Theanensis—quod</span> <span class='ocrx_word' id='word_1_5' title='bbox 564 410 656 446; x_wconf 89' lang='lat' dir='ltr'>tota</span> <span class='ocrx_word' id='word_1_6' title='bbox 672 405 702 446; x_wconf 89' lang='lat' dir='ltr'><strong>J</strong></span> <span class='ocrx_word' id='word_1_7' title='bbox 706 404 930 446; x_wconf 87' lang='lat' dir='ltr'>urisdictio</span> <span class='ocrx_word' id='word_1_8' title='bbox 946 410 989 446; x_wconf 87' lang='lat' dir='ltr'>et</span> <span class='ocrx_word' id='word_1_9' title='bbox 1005 405 1180 460; x_wconf 88' lang='lat' dir='ltr'>integra</span> <span class='ocrx_word' id='word_1_10' title='bbox 1200 411 1264 446; x_wconf 89' lang='lat' dir='ltr'>est</span> <span class='ocrx_word' id='word_1_11' title='bbox 1284 405 1327 445; x_wconf 92' lang='lat' dir='ltr'>in</span> <span class='ocrx_word' id='word_1_12' title='bbox 1342 405 1511 461; x_wconf 88' lang='lat' dir='ltr'>Papam</span> 
     </span>
     <span class='ocr_line' id='line_1_3' title="bbox 52 477 1513 534; baseline 0 -15"><span class='ocrx_word' id='word_1_13' title='bbox 52 478 204 519; x_wconf 81' lang='lat' dir='ltr'>collata</span> <span class='ocrx_word' id='word_1_14' title='bbox 226 493 251 519; x_wconf 90' lang='lat' dir='ltr'>a</span> <span class='ocrx_word' id='word_1_15' title='bbox 272 477 458 527; x_wconf 84' lang='lat' dir='ltr'>Christo,</span> <span class='ocrx_word' id='word_1_16' title='bbox 488 485 532 519; x_wconf 88' lang='lat' dir='ltr'>et</span> <span class='ocrx_word' id='word_1_17' title='bbox 555 493 605 518; x_wconf 85' lang='lat' dir='ltr'>ea</span> <span class='ocrx_word' id='word_1_18' title='bbox 628 477 856 519; x_wconf 89' lang='lat' dir='ltr'>derivatur</span> <span class='ocrx_word' id='word_1_19' title='bbox 877 478 922 518; x_wconf 90' lang='lat' dir='ltr'>in</span> <span class='ocrx_word' id='word_1_20' title='bbox 951 478 1056 518; x_wconf 91' lang='lat' dir='ltr'>alios</span> <span class='ocrx_word' id='word_1_21' title='bbox 1077 479 1320 534; x_wconf 90' lang='lat' dir='ltr'>Episcopos</span> <span class='ocrx_word' id='word_1_22' title='bbox 1344 479 1399 520; x_wconf 91' lang='lat' dir='ltr'>ab</span> <span class='ocrx_word' id='word_1_23' title='bbox 1418 479 1513 534; x_wconf 90' lang='lat' dir='ltr'>ipso</span> 
     </span>
     <span class='ocr_line' id='line_1_4' title="bbox 46 549 1512 606; baseline 0.001 -16"><span class='ocrx_word' id='word_1_24' title='bbox 46 550 194 606; x_wconf 90' lang='lat' dir='ltr'>Papa;</span> <span class='ocrx_word' id='word_1_25' title='bbox 215 556 259 590; x_wconf 88' lang='lat' dir='ltr'>et</span> <span class='ocrx_word' id='word_1_26' title='bbox 279 550 380 591; x_wconf 82' lang='lat' dir='ltr'>licet</span> <span class='ocrx_word' id='word_1_27' title='bbox 393 550 599 605; x_wconf 88' lang='lat' dir='ltr'>Apostoli</span> <span class='ocrx_word' id='word_1_28' title='bbox 621 565 715 590; x_wconf 87' lang='lat' dir='ltr'>eam</span> <span class='ocrx_word' id='word_1_29' title='bbox 735 549 985 592; x_wconf 84' lang='lat' dir='ltr'>immediate</span> <span class='ocrx_word' id='word_1_30' title='bbox 1013 565 1038 591; x_wconf 89' lang='lat' dir='ltr'>a</span> <span class='ocrx_word' id='word_1_31' title='bbox 1059 549 1235 591; x_wconf 88' lang='lat' dir='ltr'>Christo</span> <span class='ocrx_word' id='word_1_32' title='bbox 1253 551 1512 606; x_wconf 87' lang='lat' dir='ltr'>acceperint,</span> 
     </span>
     <span class='ocr_line' id='line_1_5' title="bbox 50 622 1210 678; baseline 0 -15"><span class='ocrx_word' id='word_1_33' title='bbox 50 629 194 664; x_wconf 86' lang='lat' dir='ltr'>tamen</span> <span class='ocrx_word' id='word_1_34' title='bbox 214 622 451 678; x_wconf 88' lang='lat' dir='ltr'>personalis</span> <span class='ocrx_word' id='word_1_35' title='bbox 466 623 509 663; x_wconf 91' lang='lat' dir='ltr'>in</span> <span class='ocrx_word' id='word_1_36' title='bbox 531 623 593 663; x_wconf 90' lang='lat' dir='ltr'>eis</span> <span class='ocrx_word' id='word_1_37' title='bbox 615 623 712 670; x_wconf 86' lang='lat' dir='ltr'>fuit,</span> <span class='ocrx_word' id='word_1_38' title='bbox 736 637 783 663; x_wconf 87' lang='lat' dir='ltr'>ac</span> <span class='ocrx_word' id='word_1_39' title='bbox 806 637 902 663; x_wconf 88' lang='lat' dir='ltr'>cum</span> <span class='ocrx_word' id='word_1_40' title='bbox 923 623 985 663; x_wconf 89' lang='lat' dir='ltr'>eis</span> <span class='ocrx_word' id='word_1_41' title='bbox 1006 622 1210 663; x_wconf 85' lang='lat' dir='ltr'>extincta.</span> 
     </span>
    </p>

    <p class='ocr_par' dir='ltr' id='par_1_3' title="bbox 41 695 1513 898">
     <span class='ocr_line' id='line_1_6' title="bbox 101 695 1513 752; baseline -0.001 -15"><span class='ocrx_word' id='word_1_42' title='bbox 101 695 703 752; x_wconf 87' lang='lat' dir='ltr'>Mazarensis—questionem</span> <span class='ocrx_word' id='word_1_43' title='bbox 740 696 851 737; x_wconf 87' lang='lat' dir='ltr'>circa</span> <span class='ocrx_word' id='word_1_44' title='bbox 884 696 939 738; x_wconf 67' lang='grc' dir='ltr'>7ιιι</span> <span class='ocrx_word' id='word_1_45' title='bbox 957 695 1180 737; x_wconf 90' lang='lat' dir='ltr'>Canonem</span> <span class='ocrx_word' id='word_1_46' title='bbox 1214 710 1305 736; x_wconf 87' lang='lat' dir='ltr'>esse</span> <span class='ocrx_word' id='word_1_47' title='bbox 1341 696 1513 751; x_wconf 76' lang='lat' dir='ltr'>suppri-</span> 
     </span>
     <span class='ocr_line' id='line_1_7' title="bbox 43 767 1511 824; baseline 0.001 -17"><span class='ocrx_word' id='word_1_48' title='bbox 43 767 255 816; x_wconf 86' lang='lat' dir='ltr'>mendam,</span> <span class='ocrx_word' id='word_1_49' title='bbox 290 784 387 809; x_wconf 90' lang='lat' dir='ltr'>cum</span> <span class='ocrx_word' id='word_1_50' title='bbox 423 770 478 810; x_wconf 91' lang='lat' dir='ltr'>sit</span> <span class='ocrx_word' id='word_1_51' title='bbox 509 768 680 810; x_wconf 89' lang='lat' dir='ltr'>inutilis</span> <span class='ocrx_word' id='word_1_52' title='bbox 714 775 758 809; x_wconf 91' lang='lat' dir='ltr'>et</span> <span class='ocrx_word' id='word_1_53' title='bbox 793 768 938 824; x_wconf 88' lang='lat' dir='ltr'>pariat</span> <span class='ocrx_word' id='word_1_54' title='bbox 979 775 1151 810; x_wconf 90' lang='lat' dir='ltr'>tantum</span> <span class='ocrx_word' id='word_1_55' title='bbox 1193 767 1511 823; x_wconf 83' lang='lat' dir='ltr'>disputationes</span> 
     </span>
     <span class='ocr_line' id='line_1_8' title="bbox 41 841 529 898; baseline 0.004 -17"><span class='ocrx_word' id='word_1_56' title='bbox 41 841 186 882; x_wconf 89' lang='lat' dir='ltr'>otiosis</span> <span class='ocrx_word' id='word_1_57' title='bbox 207 842 529 898; x_wconf 73' lang='lat' dir='ltr'>relinquendas</span> 
     </span>
    </p>

    <p class='ocr_par' dir='ltr' id='par_1_4' title="bbox 38 913 1510 1705">
     <span class='ocr_line' id='line_1_9' title="bbox 97 913 1510 969; baseline 0 -15"><span class='ocrx_word' id='word_1_58' title='bbox 97 913 318 955; x_wconf 87' lang='lat' dir='ltr'>Danesius</span> <span class='ocrx_word' id='word_1_59' title='bbox 348 915 460 956; x_wconf 89' lang='lat' dir='ltr'>circa</span> <span class='ocrx_word' id='word_1_60' title='bbox 481 915 536 957; x_wconf 82' lang='lat'>7¹¹¹</span> <span class='ocrx_word' id='word_1_61' title='bbox 559 914 781 955; x_wconf 85' lang='lat' dir='ltr'>Canonem</span> <span class='ocrx_word' id='word_1_62' title='bbox 807 913 930 963; x_wconf 84' lang='lat' dir='ltr'>dixit,</span> <span class='ocrx_word' id='word_1_63' title='bbox 953 914 1198 969; x_wconf 88' lang='lat' dir='ltr'>Episcopos</span> <span class='ocrx_word' id='word_1_64' title='bbox 1227 929 1310 955; x_wconf 92' lang='lat' dir='ltr'>non</span> <span class='ocrx_word' id='word_1_65' title='bbox 1338 920 1510 954; x_wconf 90' lang='lat' dir='ltr'>tantum</span> 
     </span>
     <span class='ocr_line' id='line_1_10' title="bbox 40 987 1504 1044; baseline 0 -16"><span class='ocrx_word' id='word_1_66' title='bbox 40 1001 132 1028; x_wconf 87' lang='lat' dir='ltr'>esse</span> <span class='ocrx_word' id='word_1_67' title='bbox 153 988 377 1029; x_wconf 90' lang='lat' dir='ltr'>institutos</span> <span class='ocrx_word' id='word_1_68' title='bbox 401 989 502 1044; x_wconf 90' lang='lat' dir='ltr'>jure</span> <span class='ocrx_word' id='word_1_69' title='bbox 524 988 683 1035; x_wconf 89' lang='lat' dir='ltr'>divino,</span> <span class='ocrx_word' id='word_1_70' title='bbox 715 987 790 1029; x_wconf 87' lang='lat' dir='ltr'>sed</span> <span class='ocrx_word' id='word_1_71' title='bbox 817 988 949 1029; x_wconf 85' lang='lat' dir='ltr'>etiam</span> <span class='ocrx_word' id='word_1_72' title='bbox 972 1002 1064 1028; x_wconf 90' lang='lat' dir='ltr'>esse</span> <span class='ocrx_word' id='word_1_73' title='bbox 1087 1002 1215 1042; x_wconf 86' lang='lat' dir='ltr'>pares</span> <span class='ocrx_word' id='word_1_74' title='bbox 1235 988 1279 1028; x_wconf 92' lang='lat' dir='ltr'>in</span> <span class='ocrx_word' id='word_1_75' title='bbox 1301 989 1392 1028; x_wconf 92' lang='lat' dir='ltr'>suis</span> <span class='ocrx_word' id='word_1_76' title='bbox 1415 988 1504 1028; x_wconf 88' lang='lat' dir='ltr'>Ec-</span> 
     </span>
     <span class='ocr_line' id='line_1_11' title="bbox 40 1061 1504 1116; baseline 0 -14"><span class='ocrx_word' id='word_1_77' title='bbox 40 1061 181 1102; x_wconf 90' lang='lat' dir='ltr'>clesiis</span> <span class='ocrx_word' id='word_1_78' title='bbox 209 1062 408 1102; x_wconf 89' lang='lat' dir='ltr'>Pontifici</span> <span class='ocrx_word' id='word_1_79' title='bbox 429 1061 648 1111; x_wconf 81' lang='lat' dir='ltr'>Roman03</span> <span class='ocrx_word' id='word_1_80' title='bbox 681 1062 826 1116; x_wconf 86' lang='lat' dir='ltr'>ipsum</span> <span class='ocrx_word' id='word_1_81' title='bbox 860 1067 1005 1101; x_wconf 87' lang='lat' dir='ltr'>tamen</span> <span class='ocrx_word' id='word_1_82' title='bbox 1033 1075 1123 1101; x_wconf 90' lang='lat' dir='ltr'>esse</span> <span class='ocrx_word' id='word_1_83' title='bbox 1152 1061 1375 1101; x_wconf 84' lang='lat' dir='ltr'>Pastorem</span> <span class='ocrx_word' id='word_1_84' title='bbox 1410 1061 1504 1102; x_wconf 91' lang='lat' dir='ltr'>uni-</span> 
     </span>
     <span class='ocr_line' id='line_1_12' title="bbox 39 1135 1504 1190; baseline 0 -15"><span class='ocrx_word' id='word_1_85' title='bbox 39 1135 253 1176; x_wconf 87' lang='lat' dir='ltr'>versalem</span> <span class='ocrx_word' id='word_1_86' title='bbox 288 1135 471 1176; x_wconf 88' lang='lat' dir='ltr'>aliarum</span> <span class='ocrx_word' id='word_1_87' title='bbox 505 1135 804 1176; x_wconf 89' lang='lat' dir='ltr'>Ecclesiarum</span> <span class='ocrx_word' id='word_1_88' title='bbox 827 1135 1095 1190; x_wconf 90' lang='lat' dir='ltr'>protectione</span> <span class='ocrx_word' id='word_1_89' title='bbox 1119 1140 1162 1175; x_wconf 90' lang='lat' dir='ltr'>ct</span> <span class='ocrx_word' id='word_1_90' title='bbox 1189 1135 1504 1190; x_wconf 84' lang='lat' dir='ltr'>speculatione,</span> 
     </span>
     <span class='ocr_line' id='line_1_13' title="bbox 38 1208 1503 1265; baseline -0.001 -16"><span class='ocrx_word' id='word_1_91' title='bbox 38 1208 144 1249; x_wconf 92' lang='lat' dir='ltr'>dum</span> <span class='ocrx_word' id='word_1_92' title='bbox 176 1215 351 1250; x_wconf 88' lang='lat' dir='ltr'>tenetur</span> <span class='ocrx_word' id='word_1_93' title='bbox 389 1209 636 1265; x_wconf 83' lang='lat' dir='ltr'>invigilare,</span> <span class='ocrx_word' id='word_1_94' title='bbox 671 1223 725 1249; x_wconf 86' lang='lat' dir='ltr'>an</span> <span class='ocrx_word' id='word_1_95' title='bbox 758 1209 907 1249; x_wconf 80' lang='lat' dir='ltr'>caeteri</span> <span class='ocrx_word' id='word_1_96' title='bbox 947 1208 1084 1248; x_wconf 89' lang='lat' dir='ltr'>officio</span> <span class='ocrx_word' id='word_1_97' title='bbox 1125 1223 1205 1248; x_wconf 91' lang='lat' dir='ltr'>suo</span> <span class='ocrx_word' id='word_1_98' title='bbox 1248 1208 1503 1264; x_wconf 84' lang='lat' dir='ltr'>fungantur.</span> 
     </span>
     <span class='ocr_line' id='line_1_14' title="bbox 40 1280 1503 1338; baseline 0 -16"><span class='ocrx_word' id='word_1_99' title='bbox 40 1280 246 1338; x_wconf 88' lang='lat' dir='ltr'>Hincque</span> <span class='ocrx_word' id='word_1_100' title='bbox 289 1283 331 1323; x_wconf 91' lang='lat' dir='ltr'>S.</span> <span class='ocrx_word' id='word_1_101' title='bbox 388 1282 654 1338; x_wconf 84' lang='lat' dir='ltr'>Gregorium</span> <span class='ocrx_word' id='word_1_102' title='bbox 696 1281 887 1322; x_wconf 87' lang='lat' dir='ltr'>vetuisse</span> <span class='ocrx_word' id='word_1_103' title='bbox 932 1281 1076 1322; x_wconf 87' lang='lat' dir='ltr'>vocari</span> <span class='ocrx_word' id='word_1_104' title='bbox 1127 1296 1171 1322; x_wconf 89' lang='lat' dir='ltr'>se</span> <span class='ocrx_word' id='word_1_105' title='bbox 1213 1282 1503 1322; x_wconf 79' lang='lat' dir='ltr'>universalem</span> 
     </span>
     <span class='ocr_line' id='line_1_15' title="bbox 38 1356 1506 1413; baseline 0.001 -16"><span class='ocrx_word' id='word_1_106' title='bbox 38 1356 217 1412; x_wconf 84' lang='lat' dir='ltr'>Papam,</span> <span class='ocrx_word' id='word_1_107' title='bbox 258 1372 312 1398; x_wconf 88' lang='lat' dir='ltr'>ne</span> <span class='ocrx_word' id='word_1_108' title='bbox 353 1357 602 1399; x_wconf 86' lang='lat' dir='ltr'>detraheret</span> <span class='ocrx_word' id='word_1_109' title='bbox 656 1357 889 1413; x_wconf 86' lang='lat' dir='ltr'>Episcopis</span> <span class='ocrx_word' id='word_1_110' title='bbox 935 1357 1291 1413; x_wconf 81' lang='lat' dir='ltr'>particularibus.</span> <span class='ocrx_word' id='word_1_111' title='bbox 1375 1356 1506 1398; x_wconf 86' lang='lat' dir='ltr'>Dixit</span> 
     </span>
     <span class='ocr_line' id='line_1_16' title="bbox 39 1429 1504 1484; baseline 0 -15"><span class='ocrx_word' id='word_1_112' title='bbox 39 1429 182 1478; x_wconf 86' lang='lat' dir='ltr'>etiam,</span> <span class='ocrx_word' id='word_1_113' title='bbox 200 1444 252 1470; x_wconf 87' lang='lat' dir='ltr'>ea</span> <span class='ocrx_word' id='word_1_114' title='bbox 273 1430 420 1479; x_wconf 86' lang='lat' dir='ltr'>verba,</span> <span class='ocrx_word' id='word_1_115' title='bbox 436 1431 477 1470; x_wconf 89' lang='lat' dir='ltr'>in</span> <span class='ocrx_word' id='word_1_116' title='bbox 492 1431 666 1471; x_wconf 88' lang='lat' dir='ltr'>Partem</span> <span class='ocrx_word' id='word_1_117' title='bbox 685 1429 982 1470; x_wconf 85' lang='lat' dir='ltr'>solicitudinis.</span> <span class='ocrx_word' id='word_1_118' title='bbox 1007 1429 1139 1470; x_wconf 90' lang='lat' dir='ltr'>fuisse</span> <span class='ocrx_word' id='word_1_119' title='bbox 1163 1435 1393 1484; x_wconf 85' lang='lat' dir='ltr'>usurpata¹</span> <span class='ocrx_word' id='word_1_120' title='bbox 1417 1429 1504 1484; x_wconf 90' lang='lat' dir='ltr'>pri-</span> 
     </span>
     <span class='ocr_line' id='line_1_17' title="bbox 41 1501 1499 1558; baseline 0.001 -17"><span class='ocrx_word' id='word_1_121' title='bbox 41 1515 158 1542; x_wconf 91' lang='lat' dir='ltr'>mum</span> <span class='ocrx_word' id='word_1_122' title='bbox 179 1517 204 1543; x_wconf 87' lang='lat' dir='ltr'>a</span> <span class='ocrx_word' id='word_1_123' title='bbox 229 1502 388 1548; x_wconf 81' lang='lat' dir='ltr'>Leone,</span> <span class='ocrx_word' id='word_1_124' title='bbox 412 1510 455 1544; x_wconf 83' lang='lat' dir='ltr'>et</span> <span class='ocrx_word' id='word_1_125' title='bbox 478 1503 632 1544; x_wconf 84' lang='lat' dir='ltr'>deinde</span> <span class='ocrx_word' id='word_1_126' title='bbox 656 1503 711 1544; x_wconf 91' lang='lat' dir='ltr'>ab</span> <span class='ocrx_word' id='word_1_127' title='bbox 734 1503 842 1550; x_wconf 88' lang='lat' dir='ltr'>aliis,</span> <span class='ocrx_word' id='word_1_128' title='bbox 866 1501 942 1543; x_wconf 89' lang='lat' dir='ltr'>sed</span> <span class='ocrx_word' id='word_1_129' title='bbox 964 1517 1136 1558; x_wconf 88' lang='lat' dir='ltr'>semper</span> <span class='ocrx_word' id='word_1_130' title='bbox 1156 1502 1308 1544; x_wconf 83' lang='lat' dir='ltr'>referri</span> <span class='ocrx_word' id='word_1_131' title='bbox 1329 1502 1383 1543; x_wconf 86' lang='lat' dir='ltr'>ad</span> <span class='ocrx_word' id='word_1_132' title='bbox 1407 1503 1499 1543; x_wconf 90' lang='lat' dir='ltr'>Pri-</span> 
     </span>
     <span class='ocr_line' id='line_1_18' title="bbox 40 1574 1503 1632; baseline 0.001 -18"><span class='ocrx_word' id='word_1_133' title='bbox 40 1580 189 1623; x_wconf 87' lang='lat' dir='ltr'>mates,</span> <span class='ocrx_word' id='word_1_134' title='bbox 213 1582 292 1616; x_wconf 84' lang='lat' dir='ltr'>aut</span> <span class='ocrx_word' id='word_1_135' title='bbox 308 1575 683 1632; x_wconf 89' lang='lat' dir='ltr'>Archiepiscopos,</span> <span class='ocrx_word' id='word_1_136' title='bbox 714 1576 777 1616; x_wconf 89' lang='lat' dir='ltr'>ita</span> <span class='ocrx_word' id='word_1_137' title='bbox 805 1581 854 1615; x_wconf 89' lang='lat' dir='ltr'>ut</span> <span class='ocrx_word' id='word_1_138' title='bbox 875 1575 904 1614; x_wconf 91' lang='lat' dir='ltr'>ii</span> <span class='ocrx_word' id='word_1_139' title='bbox 928 1574 1126 1615; x_wconf 86' lang='lat' dir='ltr'>dicantur</span> <span class='ocrx_word' id='word_1_140' title='bbox 1146 1574 1310 1615; x_wconf 83' lang='lat' dir='ltr'>habere</span> <span class='ocrx_word' id='word_1_141' title='bbox 1334 1582 1503 1630; x_wconf 87' lang='lat' dir='ltr'>partem</span> 
     </span>
     <span class='ocr_line' id='line_1_19' title="bbox 40 1647 1289 1705; baseline 0 -18"><span class='ocrx_word' id='word_1_142' title='bbox 40 1647 339 1696; x_wconf 87' lang='lat' dir='ltr'>solicitudinis,</span> <span class='ocrx_word' id='word_1_143' title='bbox 358 1657 573 1705; x_wconf 87' lang='lat' dir='ltr'>quatenus</span> <span class='ocrx_word' id='word_1_144' title='bbox 596 1664 742 1689; x_wconf 88' lang='lat' dir='ltr'>curam</span> <span class='ocrx_word' id='word_1_145' title='bbox 765 1654 927 1704; x_wconf 86' lang='lat' dir='ltr'>gerunt</span> <span class='ocrx_word' id='word_1_146' title='bbox 949 1648 1289 1703; x_wconf 85' lang='lat' dir='ltr'>Episcoporum.</span> 
     </span>
    </p>

    <p class='ocr_par' dir='ltr' id='par_1_5' title="bbox 35 1718 1499 2140">
     <span class='ocr_line' id='line_1_20' title="bbox 93 1718 1499 1776; baseline 0.001 -16"><span class='ocrx_word' id='word_1_147' title='bbox 93 1718 767 1776; x_wconf 80' lang='lat' dir='ltr'>Quinqueecclesiensis—Quod</span> <span class='ocrx_word' id='word_1_148' title='bbox 807 1718 1050 1775; x_wconf 88' lang='lat' dir='ltr'>disputatio</span> <span class='ocrx_word' id='word_1_149' title='bbox 1090 1718 1143 1759; x_wconf 87' lang='lat' dir='ltr'>de</span> <span class='ocrx_word' id='word_1_150' title='bbox 1179 1720 1499 1775; x_wconf 85' lang='lat' dir='ltr'>Episcoporum</span> 
     </span>
     <span class='ocr_line' id='line_1_21' title="bbox 35 1791 1499 1848; baseline 0.001 -16"><span class='ocrx_word' id='word_1_151' title='bbox 35 1791 307 1834; x_wconf 80' lang='lat' dir='ltr'>institutione</span> <span class='ocrx_word' id='word_1_152' title='bbox 322 1808 407 1833; x_wconf 90' lang='lat' dir='ltr'>non</span> <span class='ocrx_word' id='word_1_153' title='bbox 430 1800 494 1834; x_wconf 88' lang='lat' dir='ltr'>est</span> <span class='ocrx_word' id='word_1_154' title='bbox 513 1792 644 1848; x_wconf 88' lang='lat' dir='ltr'>hujus</span> <span class='ocrx_word' id='word_1_155' title='bbox 670 1792 763 1839; x_wconf 83' lang='lat' dir='ltr'>loci,</span> <span class='ocrx_word' id='word_1_156' title='bbox 799 1806 877 1832; x_wconf 87' lang='lat' dir='ltr'>nec</span> <span class='ocrx_word' id='word_1_157' title='bbox 908 1792 1144 1846; x_wconf 80' lang='lat' dir='ltr'>temporis3</span> <span class='ocrx_word' id='word_1_158' title='bbox 1178 1791 1385 1846; x_wconf 90' lang='lat' dir='ltr'>quodque</span> <span class='ocrx_word' id='word_1_159' title='bbox 1406 1791 1499 1833; x_wconf 85' lang='lat' dir='ltr'>haec</span> 
     </span>
     <span class='ocr_line' id='line_1_22' title="bbox 36 1863 1497 1920; baseline 0 -16"><span class='ocrx_word' id='word_1_160' title='bbox 36 1863 259 1904; x_wconf 88' lang='lat' dir='ltr'>subtilitas</span> <span class='ocrx_word' id='word_1_161' title='bbox 280 1871 346 1905; x_wconf 86' lang='lat' dir='ltr'>est</span> <span class='ocrx_word' id='word_1_162' title='bbox 367 1864 656 1920; x_wconf 90' lang='lat' dir='ltr'>relinquenda</span> <span class='ocrx_word' id='word_1_163' title='bbox 677 1863 845 1911; x_wconf 88' lang='lat' dir='ltr'>scholis,</span> <span class='ocrx_word' id='word_1_164' title='bbox 882 1878 960 1904; x_wconf 89' lang='lat' dir='ltr'>nec</span> <span class='ocrx_word' id='word_1_165' title='bbox 983 1863 1048 1903; x_wconf 86' lang='lat' dir='ltr'>his</span> <span class='ocrx_word' id='word_1_166' title='bbox 1078 1863 1330 1918; x_wconf 84' lang='lat' dir='ltr'>occupanda</span> <span class='ocrx_word' id='word_1_167' title='bbox 1365 1864 1497 1919; x_wconf 89' lang='lat' dir='ltr'>Syno-</span> 
     </span>
     <span class='ocr_line' id='line_1_23' title="bbox 35 1935 1495 1993; baseline 0 -15"><span class='ocrx_word' id='word_1_168' title='bbox 35 1935 129 1978; x_wconf 90' lang='lat' dir='ltr'>dus.</span> <span class='ocrx_word' id='word_1_169' title='bbox 189 1937 351 1978; x_wconf 85' lang='lat' dir='ltr'>Postea</span> <span class='ocrx_word' id='word_1_170' title='bbox 396 1953 450 1979; x_wconf 88' lang='lat' dir='ltr'>ex</span> <span class='ocrx_word' id='word_1_171' title='bbox 487 1937 754 1979; x_wconf 88' lang='lat' dir='ltr'>authoritate</span> <span class='ocrx_word' id='word_1_172' title='bbox 789 1937 937 1977; x_wconf 83' lang='lat' dir='ltr'>Sancti</span> <span class='ocrx_word' id='word_1_173' title='bbox 979 1936 1241 1992; x_wconf 73' lang='lat' dir='ltr'>Hieronymi</span> <span class='ocrx_word' id='word_1_174' title='bbox 1282 1938 1326 1978; x_wconf 91' lang='lat' dir='ltr'>in</span> <span class='ocrx_word' id='word_1_175' title='bbox 1367 1938 1495 1993; x_wconf 90' lang='lat' dir='ltr'>epist.</span> 
     </span>
     <span class='ocr_line' id='line_1_24' title="bbox 35 2008 1496 2066; baseline 0.001 -16"><span class='ocrx_word' id='word_1_176' title='bbox 35 2014 83 2062; x_wconf 73' lang='lat' dir='ltr'>p⁸</span> <span class='ocrx_word' id='word_1_177' title='bbox 103 2008 157 2050; x_wconf 90' lang='lat' dir='ltr'>ad</span> <span class='ocrx_word' id='word_1_178' title='bbox 193 2010 378 2052; x_wconf 86' lang='lat' dir='ltr'>Galatas</span> <span class='ocrx_word' id='word_1_179' title='bbox 406 2011 605 2052; x_wconf 86' lang='lat' dir='ltr'>distinxit</span> <span class='ocrx_word' id='word_1_180' title='bbox 641 2017 831 2066; x_wconf 85' lang='lat' dir='ltr'>quatuor</span> <span class='ocrx_word' id='word_1_181' title='bbox 855 2024 1019 2065; x_wconf 88' lang='lat' dir='ltr'>genera</span> <span class='ocrx_word' id='word_1_182' title='bbox 1049 2009 1376 2064; x_wconf 89' lang='lat' dir='ltr'>Apostolorum,</span> <span class='ocrx_word' id='word_1_183' title='bbox 1419 2026 1496 2052; x_wconf 90' lang='lat' dir='ltr'>seu</span> 
     </span>
     <span class='ocr_line' id='line_1_25' title="bbox 35 2081 1496 2140; baseline 0.003 -17"><span class='ocrx_word' id='word_1_184' title='bbox 35 2081 359 2140; x_wconf 89' lang='lat' dir='ltr'>Episcoporum</span> <span class='ocrx_word' id='word_1_185' title='bbox 389 2102 400 2135; x_wconf 87' lang='lat'>;</span> <span class='ocrx_word' id='word_1_186' title='bbox 464 2085 769 2140; x_wconf 87' lang='lat' dir='ltr'>subdiditquc,</span> <span class='ocrx_word' id='word_1_187' title='bbox 824 2085 861 2125; x_wconf 87' lang='lat' dir='ltr'><strong>E</strong></span> <span class='ocrx_word' id='word_1_188' title='bbox 870 2085 1069 2140; x_wconf 88' lang='lat' dir='ltr'>piscopos</span> <span class='ocrx_word' id='word_1_189' title='bbox 1109 2091 1275 2125; x_wconf 90' lang='lat' dir='ltr'>nostros</span> <span class='ocrx_word' id='word_1_190' title='bbox 1317 2100 1408 2127; x_wconf 89' lang='lat' dir='ltr'>esse</span> <span class='ocrx_word' id='word_1_191' title='bbox 1452 2087 1496 2127; x_wconf 91' lang='lat' dir='ltr'>in</span> 
     </span>
    </p>
   </div>
   <div class='ocr_carea' id='block_1_3' title="bbox 34 2156 1496 2283">
    <p class='ocr_par' dir='ltr' id='par_1_6' title="bbox 34 2156 1496 2283">
     <span class='ocr_line' id='line_1_26' title="bbox 34 2156 1496 2215; baseline 0.003 -19"><span class='ocrx_word' id='word_1_192' title='bbox 34 2157 220 2198; x_wconf 81' lang='lat' dir='ltr'>secundo</span> <span class='ocrx_word' id='word_1_193' title='bbox 242 2173 416 2215; x_wconf 85' lang='lat' dir='ltr'>genere,</span> <span class='ocrx_word' id='word_1_194' title='bbox 438 2159 519 2199; x_wconf 86' lang='lat' dir='ltr'>viz.</span> <span class='ocrx_word' id='word_1_195' title='bbox 544 2159 694 2199; x_wconf 91' lang='lat' dir='ltr'>missos</span> <span class='ocrx_word' id='word_1_196' title='bbox 717 2172 741 2198; x_wconf 87' lang='lat' dir='ltr'>a</span> <span class='ocrx_word' id='word_1_197' title='bbox 762 2157 872 2206; x_wconf 91' lang='lat' dir='ltr'>Deo,</span> <span class='ocrx_word' id='word_1_198' title='bbox 905 2157 979 2198; x_wconf 87' lang='lat' dir='ltr'>sed</span> <span class='ocrx_word' id='word_1_199' title='bbox 1001 2171 1080 2212; x_wconf 87' lang='lat' dir='ltr'>per</span> <span class='ocrx_word' id='word_1_200' title='bbox 1100 2156 1331 2205; x_wconf 89' lang='lat' dir='ltr'>hominem,</span> <span class='ocrx_word' id='word_1_201' title='bbox 1364 2158 1409 2199; x_wconf 91' lang='lat' dir='ltr'>id</span> <span class='ocrx_word' id='word_1_202' title='bbox 1430 2166 1496 2200; x_wconf 90' lang='lat' dir='ltr'>est</span> 
     </span>
     <span class='ocr_line' id='line_1_27' title="bbox 35 2223 1494 2283; baseline 0.002 -17"><span class='ocrx_word' id='word_1_203' title='bbox 35 2223 216 2282; x_wconf 89' lang='lat' dir='ltr'>Papam,</span> <span class='ocrx_word' id='word_1_204' title='bbox 239 2228 316 2283; x_wconf 90' lang='lat' dir='ltr'>qui</span> <span class='ocrx_word' id='word_1_205' title='bbox 338 2242 410 2268; x_wconf 90' lang='lat' dir='ltr'>eos</span> <span class='ocrx_word' id='word_1_206' title='bbox 427 2227 665 2273; x_wconf 88' lang='lat' dir='ltr'>constituit,</span> <span class='ocrx_word' id='word_1_207' title='bbox 688 2233 732 2267; x_wconf 89' lang='lat' dir='ltr'>et</span> <span class='ocrx_word' id='word_1_208' title='bbox 754 2226 824 2267; x_wconf 91' lang='lat' dir='ltr'>cui</span> <span class='ocrx_word' id='word_1_209' title='bbox 844 2225 1021 2266; x_wconf 88' lang='lat' dir='ltr'>obedire</span> <span class='ocrx_word' id='word_1_210' title='bbox 1042 2224 1216 2266; x_wconf 85' lang='lat' dir='ltr'>debent.</span> <span class='ocrx_word' id='word_1_211' title='bbox 1250 2225 1494 2281; x_wconf 83' lang='lat' dir='ltr'>Disputare</span> 
     </span>
    </p>
   </div>
   <div class='ocr_carea' id='block_1_4' title="bbox 32 2298 1493 2789">
    <p class='ocr_par' dir='ltr' id='par_1_7' title="bbox 32 2298 1493 2789">
     <span class='ocr_line' id='line_1_28' title="bbox 35 2298 1492 2356; baseline 0.001 -17"><span class='ocrx_word' id='word_1_212' title='bbox 35 2305 181 2341; x_wconf 86' lang='lat' dir='ltr'>autem</span> <span class='ocrx_word' id='word_1_213' title='bbox 203 2299 256 2341; x_wconf 85' lang='lat' dir='ltr'>de</span> <span class='ocrx_word' id='word_1_214' title='bbox 279 2302 482 2356; x_wconf 90' lang='lat' dir='ltr'>primatu,</span> <span class='ocrx_word' id='word_1_215' title='bbox 516 2307 559 2341; x_wconf 85' lang='lat' dir='ltr'>et</span> <span class='ocrx_word' id='word_1_216' title='bbox 581 2300 634 2340; x_wconf 88' lang='lat' dir='ltr'>de</span> <span class='ocrx_word' id='word_1_217' title='bbox 656 2299 686 2340; x_wconf 87' lang='lat' dir='ltr'>J</span> <span class='ocrx_word' id='word_1_218' title='bbox 690 2298 981 2347; x_wconf 88' lang='lat' dir='ltr'>urisdictione‚</span> <span class='ocrx_word' id='word_1_219' title='bbox 1004 2299 1063 2339; x_wconf 88' lang='lat' dir='ltr'>nil</span> <span class='ocrx_word' id='word_1_220' title='bbox 1085 2298 1206 2339; x_wconf 88' lang='lat' dir='ltr'>aliud</span> <span class='ocrx_word' id='word_1_221' title='bbox 1228 2313 1335 2347; x_wconf 87' lang='lat' dir='ltr'>esse,</span> <span class='ocrx_word' id='word_1_222' title='bbox 1362 2314 1492 2355; x_wconf 89' lang='lat' dir='ltr'>quam</span> 
     </span>
     <span class='ocr_line' id='line_1_29' title="bbox 33 2371 1493 2430; baseline 0 -16"><span class='ocrx_word' id='word_1_223' title='bbox 33 2386 193 2429; x_wconf 88' lang='lat' dir='ltr'>negare</span> <span class='ocrx_word' id='word_1_224' title='bbox 214 2374 356 2429; x_wconf 90' lang='lat' dir='ltr'>prima</span> <span class='ocrx_word' id='word_1_225' title='bbox 378 2373 595 2430; x_wconf 87' lang='lat' dir='ltr'>principia</span> <span class='ocrx_word' id='word_1_226' title='bbox 616 2373 655 2412; x_wconf 90' lang='lat' dir='ltr'>T</span> <span class='ocrx_word' id='word_1_227' title='bbox 661 2372 901 2427; x_wconf 78' lang='lat' dir='ltr'>heologiae:</span> <span class='ocrx_word' id='word_1_228' title='bbox 934 2372 1081 2426; x_wconf 77' lang='lat' dir='ltr'>potius</span> <span class='ocrx_word' id='word_1_229' title='bbox 1103 2371 1336 2427; x_wconf 83' lang='lat' dir='ltr'>agendum,</span> <span class='ocrx_word' id='word_1_230' title='bbox 1361 2387 1493 2427; x_wconf 90' lang='lat' dir='ltr'>quam</span> 
     </span>
     <span class='ocr_line' id='line_1_30' title="bbox 32 2443 1492 2500; baseline 0 -14"><span class='ocrx_word' id='word_1_231' title='bbox 32 2444 140 2486; x_wconf 85' lang='lat' dir='ltr'>bene</span> <span class='ocrx_word' id='word_1_232' title='bbox 161 2453 445 2487; x_wconf 87' lang='lat' dir='ltr'>exerceantur</span> <span class='ocrx_word' id='word_1_233' title='bbox 462 2445 555 2486; x_wconf 83' lang='lat' dir='ltr'>haec</span> <span class='ocrx_word' id='word_1_234' title='bbox 572 2460 764 2491; x_wconf 86' lang='lat' dir='ltr'>munera,</span> <span class='ocrx_word' id='word_1_235' title='bbox 781 2444 932 2500; x_wconf 90' lang='lat' dir='ltr'>procul</span> <span class='ocrx_word' id='word_1_236' title='bbox 955 2444 1011 2484; x_wconf 90' lang='lat' dir='ltr'>ab</span> <span class='ocrx_word' id='word_1_237' title='bbox 1030 2443 1226 2490; x_wconf 82' lang='lat' dir='ltr'>avaritia,</span> <span class='ocrx_word' id='word_1_238' title='bbox 1244 2444 1299 2484; x_wconf 92' lang='lat' dir='ltr'>ab</span> <span class='ocrx_word' id='word_1_239' title='bbox 1316 2444 1492 2493; x_wconf 86' lang='lat' dir='ltr'>invidia,</span> 
     </span>
     <span class='ocr_line' id='line_1_31' title="bbox 36 2515 1491 2574; baseline -0.001 -15"><span class='ocrx_word' id='word_1_240' title='bbox 36 2530 62 2558; x_wconf 89' lang='lat' dir='ltr'>a</span> <span class='ocrx_word' id='word_1_241' title='bbox 80 2518 195 2559; x_wconf 83' lang='lat' dir='ltr'>fastu</span> <span class='ocrx_word' id='word_1_242' title='bbox 218 2524 261 2559; x_wconf 88' lang='lat' dir='ltr'>et</span> <span class='ocrx_word' id='word_1_243' title='bbox 281 2518 390 2559; x_wconf 90' lang='lat' dir='ltr'>luxu</span> <span class='ocrx_word' id='word_1_244' title='bbox 405 2535 416 2568; x_wconf 83' lang='lat'>3</span> <span class='ocrx_word' id='word_1_245' title='bbox 448 2533 546 2559; x_wconf 90' lang='lat' dir='ltr'>nam</span> <span class='ocrx_word' id='word_1_246' title='bbox 579 2533 776 2574; x_wconf 75' lang='lat' dir='ltr'>quaerere</span> <span class='ocrx_word' id='word_1_247' title='bbox 799 2517 852 2558; x_wconf 87' lang='lat' dir='ltr'>de</span> <span class='ocrx_word' id='word_1_248' title='bbox 881 2515 1152 2558; x_wconf 82' lang='lat' dir='ltr'>authoritate</span> <span class='ocrx_word' id='word_1_249' title='bbox 1190 2516 1491 2572; x_wconf 87' lang='lat' dir='ltr'>Superiorum,</span> 
     </span>
     <span class='ocr_line' id='line_1_32' title="bbox 34 2588 1493 2645; baseline 0 -14"><span class='ocrx_word' id='word_1_250' title='bbox 34 2603 115 2630; x_wconf 91' lang='lat' dir='ltr'>non</span> <span class='ocrx_word' id='word_1_251' title='bbox 142 2590 291 2631; x_wconf 88' lang='lat' dir='ltr'>abesse</span> <span class='ocrx_word' id='word_1_252' title='bbox 323 2589 367 2630; x_wconf 91' lang='lat' dir='ltr'>id</span> <span class='ocrx_word' id='word_1_253' title='bbox 395 2605 420 2630; x_wconf 90' lang='lat' dir='ltr'>a</span> <span class='ocrx_word' id='word_1_254' title='bbox 441 2590 660 2645; x_wconf 86' lang='lat' dir='ltr'>superbia.</span> <span class='ocrx_word' id='word_1_255' title='bbox 723 2589 787 2631; x_wconf 84' lang='lat' dir='ltr'>Et</span> <span class='ocrx_word' id='word_1_256' title='bbox 809 2588 948 2635; x_wconf 89' lang='lat' dir='ltr'>video,</span> <span class='ocrx_word' id='word_1_257' title='bbox 972 2588 1128 2643; x_wconf 85' lang='lat' dir='ltr'>inquit,</span> <span class='ocrx_word' id='word_1_258' title='bbox 1163 2588 1323 2629; x_wconf 91' lang='lat' dir='ltr'>multos</span> <span class='ocrx_word' id='word_1_259' title='bbox 1355 2591 1493 2631; x_wconf 81' lang='lat' dir='ltr'>teneri</span> 
     </span>
     <span class='ocr_line' id='line_1_33' title="bbox 34 2661 1490 2718; baseline 0.003 -17"><span class='ocrx_word' id='word_1_260' title='bbox 34 2675 194 2718; x_wconf 88' lang='lat' dir='ltr'>magna</span> <span class='ocrx_word' id='word_1_261' title='bbox 213 2663 487 2705; x_wconf 88' lang='lat' dir='ltr'>solicitudine</span> <span class='ocrx_word' id='word_1_262' title='bbox 507 2670 558 2704; x_wconf 91' lang='lat' dir='ltr'>ut</span> <span class='ocrx_word' id='word_1_263' title='bbox 579 2661 814 2704; x_wconf 86' lang='lat' dir='ltr'>defendant</span> <span class='ocrx_word' id='word_1_264' title='bbox 836 2661 1146 2702; x_wconf 78' lang='lat' dir='ltr'>authoritatem</span> <span class='ocrx_word' id='word_1_265' title='bbox 1169 2662 1490 2717; x_wconf 86' lang='lat' dir='ltr'>Episcoporum</span> 
     </span>
     <span class='ocr_line' id='line_1_34' title="bbox 36 2734 1490 2789; baseline 0.002 -13"><span class='ocrx_word' id='word_1_266' title='bbox 36 2735 238 2778; x_wconf 88' lang='lat' dir='ltr'>adversus</span> <span class='ocrx_word' id='word_1_267' title='bbox 259 2735 562 2779; x_wconf 88' lang='lat' dir='ltr'>Lutheranos:</span> <span class='ocrx_word' id='word_1_268' title='bbox 600 2737 676 2777; x_wconf 89' lang='lat' dir='ltr'>sed</span> <span class='ocrx_word' id='word_1_269' title='bbox 697 2751 773 2777; x_wconf 90' lang='lat' dir='ltr'>cur</span> <span class='ocrx_word' id='word_1_270' title='bbox 794 2750 877 2776; x_wconf 91' lang='lat' dir='ltr'>non</span> <span class='ocrx_word' id='word_1_271' title='bbox 905 2735 1031 2775; x_wconf 85' lang='lat' dir='ltr'>etiam</span> <span class='ocrx_word' id='word_1_272' title='bbox 1058 2734 1228 2789; x_wconf 86' lang='lat' dir='ltr'>Capitis</span> <span class='ocrx_word' id='word_1_273' title='bbox 1255 2735 1323 2776; x_wconf 90' lang='lat' dir='ltr'>sui</span> <span class='ocrx_word' id='word_1_274' title='bbox 1345 2751 1490 2778; x_wconf 89' lang='lat' dir='ltr'>curam</span> 
     </span>
    </p>
   </div>
   <div class='ocr_carea' id='block_1_5' title="bbox 372 2822 1152 2863">
    <p class='ocr_par' dir='ltr' id='par_1_8' title="bbox 372 2822 1152 2863">
     <span class='ocr_line' id='line_1_35' title="bbox 372 2822 1152 2863; baseline -0.004 -10"><span class='ocrx_word' id='word_1_275' title='bbox 372 2823 378 2840; x_wconf 82' lang='lat'>¹</span> <span class='ocrx_word' id='word_1_276' title='bbox 405 2824 446 2853; x_wconf 78' lang='lat' dir='ltr'>So</span> <span class='ocrx_word' id='word_1_277' title='bbox 465 2824 495 2853; x_wconf 82' lang='lat' dir='ltr'>in</span> <span class='ocrx_word' id='word_1_278' title='bbox 515 2824 555 2853; x_wconf 82' lang='lat' dir='ltr'>Le</span> <span class='ocrx_word' id='word_1_279' title='bbox 572 2825 660 2861; x_wconf 64' lang='lat' dir='ltr'>plat,</span> <span class='ocrx_word' id='word_1_280' title='bbox 686 2825 709 2854; x_wconf 80' lang='lat' dir='ltr'>it</span> <span class='ocrx_word' id='word_1_281' title='bbox 727 2824 751 2853; x_wconf 64' lang='lat' dir='ltr'>is</span> <span class='ocrx_word' id='word_1_282' title='bbox 768 2823 948 2863; x_wconf 69' lang='lat' dir='ltr'>usurpanda</span> <span class='ocrx_word' id='word_1_283' title='bbox 964 2823 994 2852; x_wconf 81' lang='lat' dir='ltr'>in</span> <span class='ocrx_word' id='word_1_284' title='bbox 1013 2822 1062 2851; x_wconf 77' lang='lat' dir='ltr'>llic</span> <span class='ocrx_word' id='word_1_285' title='bbox 1082 2823 1152 2851; x_wconf 69' lang='lat' dir='ltr'>MS.</span> 
     </span>
    </p>
   </div>
  </div>
 </body>
</html>
