1905 3254
403 266 486 306 416
1032 281 1137 311 snss.
1163 281 1239 311 vu.

405 388 599 430 tionibus
616 394 706 428 tam
721 401 938 428 sacrorum
949 387 1251 434 Conciliorum,
1267 391 1309 427 et
1323 385 1565 442 praesertim
1581 391 1776 441 tempore
1786 385 1853 427 fel.

404 477 488 502 rec.
512 461 640 502 Pauli
655 461 758 508 III.,
774 475 905 516 quam
926 461 1202 500 Sunnnorum
1217 460 1492 507 Pontificum,
1512 458 1695 500 diversae
1712 473 1856 513 poenae

404 535 448 574 in
481 549 552 575 eos
583 541 760 574 statutae
794 540 911 580 sunt,
944 533 1020 588 qui
1041 532 1107 573 sui
1129 532 1318 572 muneris
1339 532 1467 572 obliti
1499 538 1625 572 extra
1653 531 1857 572 Dioceses

405 622 504 647 suas
526 614 689 647 temere
712 613 954 661 vagantur3
989 606 1193 661 quoniam
1216 613 1358 646 tamen
1381 606 1523 645 multa
1542 620 1595 646 ex
1616 604 1668 644 iis
1690 604 1856 645 clariori

403 679 706 728 declaratione,
741 679 1031 734 ampliorique
1065 679 1307 734 provisione
1336 678 1533 734 indigere
1566 684 1721 733 postea
1745 692 1854 718 coln-

403 760 576 808 pertum
599 759 675 800 est,
712 753 872 793 Sancta
895 752 1095 807 Synodus
1118 752 1290 807 plenius
1312 751 1378 791 his
1402 751 1606 791 omnibus
1635 751 1854 791 consulere

400 826 591 880 cupiens,
609 825 810 873 decernit,
835 840 881 865 ac
902 825 1074 873 statuit,
1112 832 1161 865 ut
1182 825 1343 864 nemini
1372 822 1683 869 patriai-chiali,
1702 822 1855 863 Primi-

399 897 507 944 tiali,
550 896 919 952 BIetropoHtanae,
968 903 1044 937 aut
1086 896 1341 936 Cathedrali
1381 895 1589 936 Ecclesiae
1640 894 1852 935 Praefecto

397 969 528 1009 liceat
550 969 606 1008 ab
629 983 693 1016 ea,
727 968 809 1008 nisi
830 983 884 1008 ex
913 967 1195 1024 infrascriptis
1227 968 1379 1013 causis,
1418 982 1528 1022 quas
1555 969 1695 1023 justas
1726 968 1853 1008 ratio-

399 1044 657 1099 nabilesque
680 1042 902 1083 habendas
925 1043 1131 1099 praesenti
1151 1042 1323 1083 decreto
1346 1041 1549 1089 declarat,
1575 1042 1737 1083 abesse.

457 1116 503 1156 Si
525 1116 621 1172 quis
643 1131 668 1156 a
690 1116 776 1155 ΒΠιο
797 1114 921 1170 Papa
953 1122 1143 1162 vocatus,
1179 1114 1296 1170 quod
1328 1121 1472 1155 tamen
1496 1130 1549 1154 ex
1573 1114 1696 1170 gravi
1727 1114 1849 1155 dum·

396 1196 519 1229 taxat
567 1204 709 1237 causa,
752 1196 796 1230 et
832 1203 931 1244 quae
965 1192 1060 1243 ejus
1093 1187 1373 1243 praesentiam
1409 1202 1456 1227 ac
1486 1186 1747 1227 industriam
1768 1201 1852 1227 non

395 1262 525 1317 longo
547 1270 741 1318 tempore
763 1263 972 1317 requirat,
1008 1262 1224 1302 facturum
1259 1260 1446 1308 confidit,
1484 1261 1693 1316 quamdiu
1731 1261 1849 1317 apud

396 1349 497 1375 eum
519 1335 663 1383 fuerit,
697 1342 775 1375 aut
797 1349 1057 1390 quocunque
1078 1334 1122 1374 in
1142 1333 1246 1380 loco,
1270 1348 1347 1374 seu
1368 1348 1561 1380 munere,
1596 1334 1669 1373 Stas
1690 1349 1770 1375 sua
1801 1349 1850 1375 eo
1904 1364 1905 1373 ,

395 1407 459 1448 uti
482 1408 683 1455 voluerit,
706 1407 833 1448 modo
856 1408 948 1462 ipse
971 1406 1238 1447 vocationem
1275 1405 1386 1446 hanc
1420 1421 1505 1446 non
1527 1407 1849 1461 procuraverit:
1904 1407 1905 1414 ’

397 1480 442 1519 Si
465 1480 561 1535 quis
585 1479 746 1535 Synodi
765 1495 908 1526 causa,
935 1478 1179 1525 Generalis,
1218 1478 1286 1518 vel
1311 1478 1594 1518 Provincialis
1626 1478 1848 1519 abfuerit:

396 1553 442 1592 Si
466 1553 564 1608 quis
587 1553 712 1608 gravi
738 1551 999 1608 {egritudine
1030 1557 1153 1591 extra
1185 1551 1404 1591 Diocesim
1440 1558 1676 1606 correptus,
1711 1567 1848 1592 acces-

394 1641 489 1665 sum
513 1641 640 1666 suum
664 1626 877 1680 tantisper
899 1624 1071 1665 differre
1107 1625 1162 1665 sit
1194 1631 1379 1671 coactus,
1420 1630 1496 1664 aut
1524 1624 1714 1665 Diocesis
1750 1640 1847 1680 pro-

393 1698 491 1753 pria
513 1698 568 1738 ab
591 1697 739 1738 hostili
760 1698 995 1744 invasione,
1030 1704 1107 1738 aut
1135 1703 1274 1752 peste,
1297 1696 1436 1737 aliove
1460 1698 1585 1752 gravi
1607 1698 1757 1738 morbo
1788 1699 1847 1738 in-

392 1771 592 1819 festetur,
628 1771 732 1811 dum
766 1777 913 1811 tamen
944 1770 1114 1811 interim
1139 1785 1192 1810 ex
1216 1770 1414 1810 absentia
1441 1784 1522 1810 sua
1544 1785 1647 1811 oves
1667 1786 1751 1811 non
1772 1787 1845 1827 pe·

390 1845 633 1886 riclitentur
652 1861 660 1885 :
695 1845 742 1885 Si
763 1843 1059 1899 Imperatoris,
1098 1850 1174 1884 aut
1209 1844 1358 1899 Regis,
1396 1850 1471 1883 aut
1507 1843 1734 1899 Principis,
1770 1852 1845 1886 aut

391 1917 682 1973 Reipublicae,
717 1917 762 1957 in
795 1918 919 1972 eujus
955 1916 1118 1957 ditione
1158 1917 1389 1972 reperitur,
1431 1916 1648 1957 occasione
1684 1917 1845 1973 aliqua,
1899 1912 1903 1960 :³

390 2006 474 2031 non
502 1998 647 2032 tamen
684 1990 1069 2031 administrationis
1106 1989 1394 2045 suscipiendae
1430 1996 1507 2030 aut
1541 1991 1735 2031 muneris
1769 1991 1845 2031 ali-

390 2066 511 2120 cujus
533 2064 699 2120 publici
720 2064 938 2119 privative
956 2063 1063 2103 alibi
1078 2062 1307 2103 exercendi
1324 2078 1466 2112 causa,
1483 2063 1538 2103 ab
1553 2064 1654 2104 Ecca
1675 2079 1844 2106 amove·
1898 2071 1899 2077 ’

390 2145 546 2179 antur:
598 2137 645 2177 Si
687 2136 840 2177 similis
882 2136 966 2176 alia
1005 2136 1116 2176 ratio
1156 2151 1209 2176 ex
1254 2136 1457 2176 Ecclesiae
1510 2137 1716 2185 utilitate,
1769 2144 1844 2178 aut
1896 2156 1900 2187 ς

389 2211 569 2252 honesta
590 2210 676 2250 alia
697 2224 838 2257 causa,
856 2208 912 2248 ad
928 2208 1145 2249 modicum
1161 2215 1336 2264 tempus
1353 2224 1452 2250 eum
1471 2210 1620 2250 abesse
1637 2211 1841 2266 postulet,

390 2299 489 2340 quae
524 2291 668 2324 tamen
692 2289 791 2323 ante
813 2283 908 2337 ejus
929 2281 1162 2322 discessum
1185 2297 1238 2322 ex
1259 2281 1433 2330 diocesi,
1458 2290 1533 2323 aut
1555 2284 1709 2325 saltem
1730 2285 1843 2326 intra
1896 2298 1899 2321 ῖ

389 2358 546 2400 mensis
567 2357 775 2413 spatium,
814 2356 848 2396 si
881 2356 1031 2396 subita
1066 2355 1363 2411 proficiscendi
1385 2357 1619 2397 necessitas
1645 2372 1744 2398 eum
1766 2359 1841 2398 im·

386 2431 564 2487 pulerit,
601 2444 625 2470 a
648 2430 706 2470 Ste
734 2443 824 2476 sua,
860 2434 935 2469 aut
961 2443 985 2468 a
1007 2428 1361 2483 Metropolitano,
1386 2429 1491 2478 sive,
1515 2444 1565 2470 eo
1588 2430 1784 2478 absente,
1817 2446 1842 2471 a
1894 2444 1896 2466 ὲ

390 2505 679 2560 Suffraganeo
704 2504 813 2558 Epo,
836 2502 1081 2557 antiquiori,
1103 2501 1319 2542 residente
1342 2502 1385 2542 in
1408 2503 1578 2558 scriptis
1606 2504 1661 2544 sit
1683 2518 1839 2560 appro-

388 2578 543 2619 banda.
607 2577 775 2617 Praeter
794 2575 1067 2631 supradictas
1096 2581 1243 2615 autem
1266 2590 1431 2624 causas,
1455 2577 1491 2616 si
1514 2577 1613 2632 quis
1636 2577 1838 2626 abfuerit,
1891 2626 1894 2635 ἢ

390 2651 449 2690 Sta
471 2649 670 2705 Synodus
691 2647 897 2695 declarat,
918 2662 1016 2687 eum
1032 2646 1284 2687 nullatenus
1302 2646 1358 2686 ad
1375 2662 1682 2703 quemcunque
1705 2648 1837 2689 alium

388 2728 645 2776 praetextum
669 2726 744 2761 aut
774 2720 1037 2760 occasionem
1061 2718 1333 2773 probandam
1356 2718 1516 2759 debere
1539 2718 1692 2759 audiri.
1755 2719 1836 2761 Ve-
1891 2709 1893 2749 Ῐ

386 2808 483 2834 rum
506 2808 555 2834 eo
576 2793 683 2848 ipso,
698 2807 781 2833 non
796 2798 967 2833 tantum
986 2791 1211 2832 amissione
1233 2791 1470 2838 fructuum,
1495 2791 1679 2847 aliisque
1698 2791 1836 2847 poenis
1889 2795 1893 2834 J
