1905 3254
373 266 430 305 44
1022 279 1131 309 sEss.
1157 280 1200 311 11.

375 403 471 429 cum
489 387 710 443 aliquibus
727 401 779 428 ex
795 387 1012 443 patribus,
1031 401 1260 434 sermoneS,
1279 386 1355 443 qui
1378 400 1502 441 aequo
1525 385 1667 426 animo
1688 385 1829 426 omnia

376 461 431 502 ab
453 461 517 509 iis,
541 460 671 502 etiam
693 460 947 516 petulanter
968 459 1097 509 dicta,
1115 460 1270 509 ferant,
1300 458 1501 514 exemplo
1516 457 1681 499 Christi
1695 458 1831 513 patris

377 533 526 573 nostri.

437 605 740 647 Cremonensis
763 605 1105 647 Celerius—non
1125 621 1250 662 posse
1273 604 1353 645 hoc
1384 605 1607 661 negotium
1649 604 1830 652 absolvi,

375 694 505 735 quam
542 679 577 719 si
611 679 811 735 patribus
846 679 1071 734 aliquibus
1118 678 1296 719 delectis
1332 677 1377 718 id
1413 676 1712 725 demandetur,
1754 677 1832 733 qui

376 758 528 808 postea
569 751 624 793 ad
659 752 881 808 Synodum
924 753 1114 793 referant
1154 752 1272 808 quod
1311 753 1423 793 inter
1463 767 1535 792 eos
1575 757 1832 793 conventum

376 826 521 867 fuerit.
585 825 739 867 Fidem
761 826 985 882 publicam
1008 826 1210 867 omnibus
1232 825 1432 874 dandam,
1455 840 1551 866 cum
1577 824 1685 865 nihil
1709 839 1833 880 aeque

377 899 522 940 valeat
548 898 603 939 ad
624 898 912 939 conciliandas
933 897 1156 939 hominum
1179 906 1355 948 mentes,
1391 913 1437 939 ac
1465 914 1561 939 cum
1584 898 1768 940 officium
1791 904 1834 939 et

378 971 573 1012 studium
597 987 704 1028 erga
724 972 1012 1027 illosprolixe
1035 972 1342 1027 significamus

436 1044 592 1085 Abbas
614 1043 924 1085 Benedictinus
962 1044 1209 1099 Stephanus
1244 1045 1679 1095 Novariensis—Qui
1708 1045 1833 1086 electi

377 1117 541 1158 fuerint
563 1133 588 1158 a
609 1118 804 1174 Legatis,
838 1117 1119 1158 consideratis
1155 1118 1347 1158 censuris
1381 1125 1423 1159 ct
1445 1119 1627 1159 Patrum
1661 1125 1832 1159 senten-

377 1190 463 1238 tiis,
500 1205 713 1231 summam
755 1192 890 1232 totius
922 1191 1101 1247 negotii,
1139 1198 1183 1231 et
1221 1191 1413 1247 aliquam
1447 1192 1661 1233 librorum
1696 1192 1833 1247 parti-

378 1263 554 1312 tionem,
584 1271 742 1305 sanctae
777 1263 949 1320 Synodo
985 1271 1241 1319 proponant,
1275 1279 1373 1320 quae
1395 1271 1546 1320 postea
1568 1264 1834 1320 provinciam

380 1333 615 1375 demandet
637 1335 858 1390 aliquibus
880 1335 1064 1376 eruditis
1086 1336 1468 1392 prudentibusque
1490 1337 1605 1385 viris,
1629 1336 1705 1393 qui
1726 1338 1836 1393 ejus·

380 1406 496 1448 modi
516 1407 649 1448 libros
670 1408 713 1448 in
736 1408 934 1463 proprias
957 1409 1110 1449 classes
1131 1409 1344 1465 redigant,
1362 1409 1416 1450 de
1438 1411 1600 1465 quibus
1615 1410 1835 1452 decretum

381 1495 460 1520 suo
481 1487 678 1536 tempore
714 1481 972 1522 conficiatur.
1036 1482 1292 1522 Invitandos
1325 1497 1483 1531 omnes,
1520 1498 1598 1524 sua
1630 1484 1837 1524 interesse

380 1558 588 1606 putantes
609 1567 694 1592 non
717 1558 926 1608 tanquam
952 1554 1007 1594 ad
1038 1554 1292 1604 tribunalia,
1328 1553 1404 1594 sed
1438 1554 1493 1595 ad
1525 1556 1696 1610 regales
1724 1570 1836 1611 nup-

380 1625 476 1672 tias,
500 1640 596 1666 cum
621 1625 888 1681 amplissima
922 1626 1021 1667 fidei
1050 1627 1238 1682 publicae
1258 1628 1598 1683 interpositione.
1661 1629 1838 1670 Debere

379 1711 455 1737 nos
475 1697 620 1754 lapsos
641 1713 939 1753 quoscunque,
961 1713 1047 1739 non
1069 1699 1209 1739 solum
1233 1700 1288 1740 ad
1319 1701 1605 1755 penitentiam
1629 1701 1835 1757 recipere,

381 1770 458 1811 sed
505 1770 685 1818 hortari,
722 1785 893 1827 urgere,
937 1777 980 1811 et
1021 1771 1295 1827 compellere,
1338 1787 1598 1828 omnemque
1638 1773 1837 1814 humani-

380 1848 515 1883 tatem
539 1843 602 1883 eis
624 1842 834 1898 polliceri,
859 1849 902 1883 et
932 1849 1126 1884 materna
1148 1844 1324 1892 viscera,
1348 1852 1638 1900 paternosque
1660 1846 1839 1886 affectus

379 1915 601 1956 cumulate
623 1922 846 1971 praestare.

440 1989 671 2029 Generalis
693 1989 1051 2045 Augustinianus
1084 1990 1301 2046 Magister
1337 1990 1680 2048 Christophorus
1707 1993 1837 2034 Pata-

377 2062 643 2103 vinus-aut
666 2063 739 2118 agi
771 2063 824 2104 de
860 2078 972 2104 novo
996 2063 1144 2104 Indice
1167 2064 1475 2119 componendo,
1512 2072 1590 2106 aut
1617 2065 1671 2107 de
1695 2067 1833 2108 veteri

378 2133 674 2189 approbando,
698 2142 776 2175 aut
799 2136 938 2176 veteri
960 2135 1242 2176 emendando.
1308 2137 1362 2178 Se
1397 2138 1543 2193 ipsum
1567 2139 1705 2180 veteri
1741 2154 1837 2180 con-

377 2205 557 2247 ficiendo
598 2206 858 2255 interfuisse,
915 2223 1053 2263 eoque
1103 2215 1298 2264 tempore
1341 2225 1486 2251 omnes
1537 2209 1838 2252 haereticorum

1893 126 1898 140 ν
1891 0 1905 117 ’ω’-ειε-

1900 1828 1905 1841 ·
1900 1759 1903 1770 Α
1900 1721 1905 1748 -..
1900 1691 1905 1708 .-
1900 1646 1904 1677 -
1900 1630 1902 1633 -
1899 1470 1905 1617 --‹›-r-.-
1898 1346 1905 1459 —---—⁴
1898 1258 1905 1343 ἥκοι-«Η
1898 1148 1905 1243 .μ-ρ.,-,
1898 1093 1905 1136 ‹.-—,
1898 992 1904 1085 -sfffw
1897 916 1903 974 aq„
1899 892 1902 899 ,,
1897 853 1903 867 .,

380 2277 518 2317 libros
540 2292 592 2318 ex
614 2278 826 2319 Vaticana
862 2279 1134 2321 Bibliotheca
1168 2280 1347 2322 eductos
1379 2282 1529 2330 fuisse,
1559 2289 1692 2338 atque
1727 2282 1841 2325 inter
1900 2288 1905 2307 ³

381 2350 524 2391 varias
560 2350 791 2406 religiones
824 2351 1090 2407 dispertitos,
1119 2367 1353 2408 omnesque
1390 2360 1590 2396 accurate
1623 2370 1838 2403 excussos,

380 2439 659 2479 quoscunque
682 2425 813 2465 etiam
836 2425 1020 2466 aliarum
1043 2426 1367 2480 provinciarum
1406 2427 1576 2469 Indices
1609 2428 1838 2484 inspectos,

380 2503 423 2537 et
442 2496 618 2537 tandem
637 2497 769 2537 istum
788 2497 1020 2538 conflatum
1039 2513 1198 2553 magna
1214 2498 1454 2555 diligentia.
1501 2500 1630 2541 Unde
1647 2501 1840 2543 laborem

383 2569 545 2625 Synodi
566 2569 774 2610 leviorem
796 2570 936 2610 multo
957 2570 1170 2619 futurum,
1204 2586 1251 2612 ac
1273 2571 1475 2628 plerique
1497 2580 1668 2628 putant.
1721 2574 1840 2615 Non-

380 2643 506 2684 nulla
519 2642 697 2698 quidem
712 2643 755 2683 in
770 2657 820 2684 eo
843 2642 1093 2690 desiderari,
1110 2644 1250 2684 veluti
1271 2646 1456 2693 nomina,
1481 2647 1745 2702 cognomina,
1769 2663 1840 2688 an-

382 2730 628 2771 norumque
650 2722 860 2771 tempora,
894 2716 1057 2771 quibus
1078 2716 1108 2756 ii
1131 2716 1354 2758 Authores
1387 2719 1666 2774 scripserunt,
1705 2736 1841 2777 quan·
1900 2718 1903 2753 ἶ

382 2795 476 2829 tum
499 2803 594 2828 cum
618 2803 733 2844 saepe
751 2788 931 2835 accidat,
956 2795 1006 2828 ut
1027 2788 1138 2829 alius
1160 2788 1309 2830 eodem
1332 2792 1514 2837 nomine,
1542 2792 1662 2834 aliud
1683 2794 1840 2849 proba-
