1905 3254
644 312 754 344 sess.
782 313 856 344 vn.
1396 300 1471 341 511

22 420 122 463 laris
152 420 306 476 judicii
338 419 537 476 fugiendi
570 419 738 467 fraude,
777 420 852 461 sed
889 426 939 461 ut
973 419 1070 461 Deo
1104 420 1275 461 fidelem
1309 422 1475 462 cultum

24 493 232 550 praebent,
254 492 332 533 hoc
355 493 458 533 vitae
480 507 622 548 genus
645 493 843 548 elegisse.

77 566 116 606 6.
150 565 222 606 Ad
242 566 426 606 minores
456 565 625 606 ordines
658 565 942 620 promovendi
974 566 1137 606 bonum
1160 581 1185 605 a
1206 565 1410 614 Parocho,
1433 572 1477 607 et

22 655 48 681 a
67 639 282 696 Magistro
305 638 474 679 Scholae
495 639 539 678 in
563 654 651 693 qua
673 638 930 685 educantur,
948 638 1241 678 testimonium
1265 638 1474 679 habeant.

21 712 93 754 Ad
127 712 326 768 singulos
368 726 472 752 vero
513 715 701 767 majores
743 710 1004 757 assumendi,
1038 725 1117 765 per
1149 725 1340 750 mensem
1376 717 1476 750 ante

21 784 334 828 ordinationem
370 799 510 826 coram
544 785 764 840 Episcopo
792 799 836 824 se
858 789 1139 839 praesentent,
1163 783 1241 837 qui
1263 781 1474 830 Parocho,

21 865 95 900 aut
131 857 270 904 alteri,
308 858 377 898 cui
412 858 553 913 magis
595 856 801 912 expedire
842 855 1079 902 videbitur,
1116 856 1373 904 committat,
1410 862 1476 904 ut,

19 930 266 972 nominibus
299 945 346 971 ae
379 929 592 971 desiderio
618 944 781 977 eorum,
806 929 885 985 qui
908 929 1056 970 volent
1079 929 1338 984 promoveri,
1362 929 1475 984 pub-

18 1003 96 1045 lice
117 1003 160 1043 in
182 1004 379 1044 Ecclesia
402 1004 649 1059 propositis,
673 1003 726 1044 de
743 1003 936 1058 ipsorum
959 1001 1300 1043 ordinandorum
1321 1001 1475 1042 natali-

18 1076 112 1125 bus,
131 1084 274 1124 aetate,
294 1077 500 1125 moribus,
516 1083 559 1117 et
576 1077 680 1123 vita,
699 1092 723 1116 a
743 1076 828 1116 fide
848 1075 992 1132 dignis
1013 1074 1246 1131 diligenter
1268 1074 1474 1129 inquirat,

18 1156 61 1191 et
83 1150 230 1191 literas
264 1150 588 1198 testimoniales,
624 1150 763 1204 ipsam
797 1148 1122 1204 inquisitionem
1158 1147 1312 1188 factam
1345 1146 1474 1187 conti-

16 1230 178 1272 nentes,
204 1222 260 1264 ad
280 1224 430 1280 Epum
452 1224 598 1278 ipsum
624 1222 949 1277 quamprimum
971 1221 1141 1261 referat.

74 1296 125 1338 7.¹
160 1296 328 1336 Nullus
348 1296 488 1351 prima
512 1294 716 1335 Clericali
738 1301 914 1335 tonsura
942 1292 1153 1339 initiatus,
1179 1292 1308 1332 etiam
1333 1292 1376 1332 in
1398 1292 1474 1332 mi-

0 1369 195 1411 *noribus
227 1368 453 1410 ordinibus
487 1368 762 1415 constitutus,
798 1374 896 1407 ante
929 1372 1134 1421 quartum
1163 1365 1377 1405 decimum
1402 1379 1474 1405 an-

0 1458 134 1491 ¹num,
168 1443 423 1484 beneficium
456 1442 593 1498 possit
628 1441 838 1481 obtinere.
885 1440 928 1480 Is
951 1440 1079 1480 etiam
1102 1439 1220 1479 nullo
1243 1438 1477 1494 privilegio

19 1515 220 1558 Clericali
258 1516 464 1572 gaudeat,
487 1514 570 1555 nisi
606 1513 872 1554 Beneficium
911 1512 1264 1553 Ecclesiastieum
1298 1511 1473 1559 habeat,

19 1596 94 1631 aut
117 1589 374 1631 Clericalem
395 1588 599 1629 habitum
623 1593 666 1627 et
688 1593 909 1627 tonsuram
934 1584 1141 1628 deferens,
1170 1584 1298 1625 alicui
1324 1584 1473 1625 Eccle-

17 1663 90 1705 siae
130 1678 183 1704 cx
219 1662 425 1703 mandato
468 1660 679 1716 Episcopi
720 1659 944 1703 inserviat,
979 1657 1049 1698 vel
1081 1657 1382 1698 Universitate
1419 1656 1473 1697 de

17 1735 190 1779 licentia
211 1736 437 1793 Episcopi,
461 1735 586 1790 quasi
613 1734 657 1773 in
680 1733 751 1773 via
784 1731 839 1773 ad
872 1735 1058 1786 majores
1091 1729 1260 1770 ordines
1292 1730 1473 1786 suscipi-

18 1809 159 1858 endOS,
183 1816 391 1851 versetur.
454 1808 507 1848 In
531 1807 714 1848 Clericis
738 1820 841 1847 vero
875 1803 1118 1860 conjugatis
1140 1810 1338 1843 servetur
1361 1802 1472 1843 Con-

18 1882 184 1924 stitutio
207 1881 419 1922 Bonifacii
441 1879 576 1922 VIII.
601 1894 701 1934 quae
723 1877 887 1933 incipit,
913 1876 1071 1917 Clerici
1093 1875 1169 1930 qui
1200 1889 1298 1915 cum
1322 1875 1472 1924 unicis,

19 1956 141 1998 modo
161 1955 207 1997 hi
231 1955 388 1996 Clerici
410 1955 592 2010 alicujus
612 1952 822 1994 Ecclesia>
854 1951 1029 1991 servitio
1059 1949 1129 1989 vel
1158 1948 1396 1989 ministerio
1417 1949 1473 1989 ab

19 2027 239 2085 Episcopo
256 2028 472 2084 deputati,
490 2026 630 2068 eidem
653 2026 864 2067 Ecclesiae
888 2023 1095 2070 serviant,
1119 2021 1190 2062 vel
1211 2021 1471 2070 ministrent,

21 2107 64 2143 et
85 2102 289 2144 Clericali
316 2102 473 2143 habitu
496 2108 539 2142 et
559 2107 739 2141 tonsura
760 2104 957 2145 utantur,
982 2095 1155 2143 nemini,
1179 2093 1295 2150 quod
1317 2093 1373 2134 ad
1394 2093 1473 2135 hoc

20 2174 266 2231 privilegio,
289 2173 604 2215 consuetudine
627 2173 759 2213 etiam
782 2167 1131 2216 immemorabili,
1156 2166 1438 2222 suffragante.

77 2244 171 2303 [8.]²‘
204 2249 361 2289 Sancta
382 2246 585 2303 Synodus
603 2245 827 2286 Canonem
852 2242 1037 2284 Concilii
1060 2239 1381 2288 Nannetensis,³
1403 2238 1473 2279 cui

20 2319 267 2362 inhaerendo
301 2336 403 2361 eum
437 2320 492 2360 ab
529 2319 731 2360 omnibus
767 2316 1031 2358 servandum
1066 2314 1270 2360 decernit,
1307 2312 1383 2367 qui
1414 2312 1473 2352 sic

21 2391 173 2435 habet:
218 2392 407 2444 Quando
444 2393 696 2449 Episcopus
729 2389 1046 2431 ordinationem
1088 2387 1226 2427 facere
1267 2384 1471 2439 disponit,

21 2478 164 2508 omnes
185 2467 260 2522 qui
282 2465 338 2507 ad
367 2480 537 2507 sacrum
562 2464 852 2505 ministerium
886 2459 1086 2501 accedere
1111 2456 1342 2506 voluerint,
1364 2455 1472 2496 feria

22 2545 176 2593 quarta
195 2546 296 2581 ante
327 2539 467 2595 ipsam
495 2537 810 2579 ordinationem
834 2532 1017 2575 vocandi
1039 2529 1094 2572 ad
1122 2529 1363 2570 Civitatem
1383 2542 1473 2569 una

63 2675 73 2694 ¹
95 2671 172 2703 This
187 2673 212 2703 is
227 2673 270 2704 Le
286 2673 383 2704 Plat‘s
402 2673 483 2703 llth.
862 2667 874 2685 ²
897 2669 940 2698 Le
956 2665 1051 2696 Plat's
1067 2663 1131 2694 7th.

60 2722 75 2742 ⁸
97 2725 137 2756 So
162 2726 186 2756 it
210 2726 323 2758 should
343 2727 391 2765 be,
409 2727 528 2766 though
551 2726 603 2756 the
628 2726 698 2756 MS.
725 2725 750 2755 is
777 2722 890 2761 hardly
913 2720 1053 2751 distinct.
1102 2718 1138 2747 In
1164 2716 1215 2747 the
1239 2715 1346 2747 deci-ee
1368 2719 1401 2746 at
1424 2715 1474 2746 the

22 2775 139 2808 Seu-ion
156 2778 180 2808 it
193 2779 226 2817 is,
241 2780 444 2820 antiquorum
462 2790 618 2825 canonan
635 2778 773 2818 vestigiis
789 2774 975 2808 inhaerendo.
1022 2773 1080 2802 See
1098 2770 1177 2801 Dist.
1190 2770 1230 2800 24
1243 2770 1279 2800 of
1289 2768 1340 2800 the
1352 2769 1474 2810 Corpus

20 2828 102 2861 suris
115 2831 234 2863 Canon.
285 2834 326 2863 Le
343 2834 413 2864 Plat
428 2834 492 2870 has,
510 2834 686 2863 innovando.
