1905 3254
645 269 754 301 SEss.
781 271 843 300 111.
1410 258 1482 297 111

38 379 166 420 sacris
197 379 335 421 literis
367 379 455 420 Dei
485 379 623 435 ipsius
655 393 727 420 ore
761 385 993 435 praecepta,
1022 379 1065 419 in
1094 393 1191 435 quae
1214 385 1360 420 tamen
1383 393 1489 434 quo-

37 450 142 492 tidie
173 451 459 493 offendimus?
520 452 693 502 Quotus
725 451 911 506 quisque
945 458 1022 499 est,
1057 451 1134 507 qui
1162 466 1207 492 se
1241 467 1265 492 a
1293 452 1491 507 concupi-

37 525 212 574 scentia,
245 525 540 573 fornicatione,
569 525 687 567 furto
720 539 768 565 ac
799 525 1014 566 similibus
1047 524 1278 573 abstineat,
1302 540 1491 580 quorum

37 605 182 640 tamen
223 613 268 640 se
308 600 351 639 in
392 599 698 655 gravissimum
741 597 953 639 vindicem
996 598 1195 639 futurum
1231 598 1357 639 Deus
1398 599 1493 654 ipse

37 678 221 714 testatus
253 679 344 722 est3
378 679 594 728 praeterea
626 678 734 728 quot
767 671 852 712 alia
887 672 1049 727 passim
1082 672 1126 712 in
1159 672 1336 713 Divinis
1371 672 1495 712 libris

37 746 242 787 mandata
268 746 470 802 legimUS,
494 761 593 802 quae
625 761 721 787 cum
756 746 867 786 inter
902 745 1134 786 familiaria
1163 745 1340 801 negotia
1371 745 1495 786 nobis

38 818 231 875 quotidie
263 826 507 868 occurrunt,
541 834 592 861 ea
621 820 713 875 jam
737 817 991 860 assiduitate
1021 819 1117 874 ipsa
1139 819 1266 874 quasi
1288 819 1495 860 sordent?

39 892 134 933 Imo
150 906 266 947 saepe
284 907 367 933 usu
385 893 533 934 venire
551 892 764 941 videmus,
784 899 833 933 ut
850 891 1058 933 adversus
1075 892 1223 933 divina
1244 892 1494 948 procliviuS,

36 981 167 1022 quam
210 966 254 1006 in
292 973 447 1007 caetera
480 981 732 1021 peccemus:
776 981 874 1006 nam
918 965 1200 1007 Sacerdotum
1243 966 1495 1022 conjugium

36 1038 242 1089 humano,
260 1047 309 1081 ut
322 1041 452 1081 multi
474 1041 644 1088 volunt,
663 1046 833 1081 tantum
853 1044 953 1095 jure
976 1038 1259 1094 prohibitum,
1280 1040 1380 1094 quis
1402 1054 1496 1080 nos-

37 1121 154 1156 trum
176 1128 261 1154 non
282 1113 461 1156 horret?
523 1113 877 1154 Concubinatum
901 1129 1002 1153 vcro
1022 1113 1170 1154 divino
1199 1113 1496 1161 interdictum,

38 1187 203 1228 utinam
235 1202 359 1242 aeque
392 1201 538 1228 omnes
570 1186 915 1227 reformidarent.
980 1185 1186 1241 Denique
1220 1186 1332 1242 legis
1360 1187 1499 1242 expli-

38 1261 147 1302 catio
188 1260 354 1301 nudum
396 1265 492 1316 ejus
532 1275 704 1301 sensum
744 1259 922 1315 detegit,
964 1258 1017 1299 dc
1059 1273 1147 1314 quo
1187 1273 1264 1299 nos
1305 1258 1373 1299 hic
1414 1273 1498 1299 non

37 1334 303 1381 laboramus,
325 1333 499 1374 nullum
524 1341 669 1375 autem
694 1333 747 1374 ad
770 1335 862 1389 ejus
885 1331 1091 1373 mandata
1123 1331 1347 1387 implenda
1369 1347 1496 1373 usum

39 1408 173 1456 addit,
195 1408 314 1464 quod
333 1423 446 1449 nunc
478 1423 555 1448 nos
583 1409 778 1464 agimus:
811 1407 1110 1448 necessitatem
1144 1407 1334 1447 muneris
1366 1406 1502 1463 hujus

37 1497 120 1524 non
142 1483 246 1524 satis
267 1483 553 1538 agnoscimus,
585 1482 837 1523 facultatem
862 1483 956 1538 ejus
983 1481 1177 1522 obeundi
1207 1487 1378 1522 tantuin
1402 1495 1499 1536 pcr—

40 1556 278 1611 quirimus;
310 1555 399 1596 haec
431 1562 473 1597 ct
503 1557 713 1612 ipsismet,
744 1555 821 1610 qui
853 1555 936 1594 ista
966 1560 1227 1609 proponunt,
1261 1555 1366 1595 satis
1398 1561 1500 1594 nota

38 1636 166 1680 sunt3
190 1630 330 1671 nescio
352 1637 498 1670 tamen
519 1645 605 1685 quo
627 1628 772 1669 studio
795 1628 972 1682 impulsi
994 1627 1205 1682 (pietatis,
1221 1642 1298 1668 seu
1316 1628 1500 1683 justitia}

38 1701 324 1758 implorandae
347 1703 509 1758 specie)
530 1702 583 1742 dc
603 1708 747 1742 vestra
767 1700 846 1741 hac
867 1700 910 1739 in
934 1713 978 1739 rc
1002 1699 1228 1740 voluntate
1252 1700 1499 1754 periculum

43 1776 184 1817 facere
216 1776 452 1817 delectatis.
517 1776 580 1815 At
601 1780 812 1830 cuperent
848 1774 1027 1814 fortasse
1064 1773 1137 1813 isti
1173 1773 1319 1827 potius
1352 1780 1502 1828 aperte

41 1850 261 1898 constitui,
284 1849 550 1890 curationem
582 1848 824 1889 animarum
848 1846 937 1887 sinc
960 1845 1136 1886 assidua
1158 1846 1368 1902 Episcopi
1391 1861 1502 1902 prae-

41 1924 180 1964 sentia
206 1923 250 1963 in
272 1922 464 1963 Dioecesi
490 1936 575 1962 non
604 1935 729 1976 posse
753 1920 957 1961 exerceri.
1011 1918 1177 1959 Verum
1211 1919 1427 1960 falluntur
1457 1919 1502 1960 hi

41 1997 357 2053 proculdubio;
388 2010 488 2036 nam
519 1995 553 2036 si
585 1994 774 2036 residere
806 1992 919 2033 illud
942 2000 1020 2039 est,
1045 1991 1163 2047 quod
1193 2007 1372 2049 gregem
1405 2008 1502 2049 pas-

42 2085 148 2117 cere,
191 2070 268 2126 qui
299 2069 504 2125 proprius
544 2074 611 2110 cst
643 2067 855 2124 Episcopi
897 2066 1005 2113 finis,
1047 2080 1131 2106 non
1166 2065 1292 2107 video
1325 2082 1401 2107 cur
1432 2082 1503 2108 eos

44 2151 210 2186 tantum
248 2143 435 2185 residere
466 2143 674 2190 dicamus,
709 2142 784 2197 qui
818 2155 997 2196 corpore
1036 2139 1206 2188 adsunt,
1241 2147 1285 2181 et
1314 2155 1397 2181 non
1431 2156 1504 2182 cos

44 2220 189 2276 potius
211 2233 321 2274 quos
342 2217 487 2274 gregis
509 2217 575 2257 sui
596 2215 826 2257 solicitudo
844 2214 1010 2269 ubique
1033 2213 1187 2268 tangit.
1236 2213 1356 2262 Quid
1376 2213 1504 2254 illum

46 2306 171 2333 voces
192 2291 475 2347 Episcopum,
498 2293 624 2345 cujus
657 2288 893 2343 praescntia
915 2285 1082 2326 inutilis
1104 2285 1332 2340 otiosaque
1353 2286 1503 2327 Eccle-

46 2366 120 2407 siae
153 2380 243 2407 suae
279 2363 641 2421 deprehenditur,
677 2362 753 2418 qui
789 2361 873 2402 alio
909 2359 1194 2415 cogitationes
1225 2373 1325 2399 suas
1356 2374 1505 2400 omnes

47 2438 262 2480 intendit?
293 2445 337 2480 et
358 2453 442 2479 non
475 2451 577 2479 eum
612 2436 772 2484 verius,
807 2435 884 2490 qui
910 2434 1039 2474 etiam
1067 2434 1111 2473 in
1134 2432 1309 2473 remotis
1331 2432 1434 2473 locis
1455 2447 1506 2474 ea

48 2519 190 2554 tamen
212 2527 384 2569 semper
406 2511 549 2553 animo
571 2509 725 2560 volvit,
747 2524 794 2550 ac
815 2507 1048 2563 diligentia
1070 2506 1303 2561 perquirit,
1328 2520 1428 2561 quae
1451 2506 1506 2547 ad

48 2587 203 2643 populi
224 2587 291 2628 sui
312 2586 548 2627 utilitatem
571 2581 848 2639 pertineant?
886 2582 988 2637 Ego
1010 2594 1111 2620 sane
1135 2593 1283 2620 veram
1306 2579 1440 2628 illam,
1462 2587 1506 2621 et

43 2661 204 2716 justam
226 2659 502 2702 residentiam
537 2655 871 2713 interpretabor,
905 2669 1005 2710 quac
1030 2653 1172 2694 animo
1205 2667 1251 2692 ac
1276 2652 1507 2708 vigilantia

51 2733 106 2775 sit
140 2734 327 2783 assidua,
369 2747 455 2774 non
496 2732 612 2772 inani
658 2730 889 2771 simulacro
939 2728 1126 2783 depicta,
1176 2725 1250 2766 scd
1299 2727 1506 2782 operibus

52 2807 241 2855 affluens,
270 2807 578 2861 fructibusque
611 2803 870 2845 redundans.
934 2801 1146 2841 Testatur
1181 2797 1259 2839 hoc
1292 2800 1506 2840 communi
