1905 3254
339 319 422 361 328
960 334 1072 365 sess.
1095 335 1170 364 vn.

343 454 466 480 versa
488 455 513 480 a
534 440 671 480 forma
693 439 1052 488 Consecrationis,
1077 455 1176 481 nam
1201 440 1339 496 prima
1372 440 1592 496 profertur
1622 440 1665 481 in
1696 454 1791 496 per-

341 525 444 551 sona
474 512 624 567 Papae,
658 511 847 553 secunda
877 519 1085 568 tanquam
1118 528 1142 553 a
1164 513 1274 554 Deo.
1335 512 1466 555 Unde
1487 518 1531 553 et
1552 510 1794 553 sacerdotes

341 583 539 625 dicantur
561 585 650 633 Dii,
674 592 718 627 et
741 585 926 626 audiunt
947 587 1234 627 confessiones
1257 593 1464 642 tanquam
1482 585 1620 626 Deus.

401 657 607 699 Civitatis
644 659 917 700 Bellunensis
957 659 1115 701 habuit
1152 660 1390 701 orationem
1430 658 1793 716 praemeditatam,

341 746 442 772 nam
479 732 563 773 fuit
595 731 663 773 hic
696 733 865 788 primus
899 731 1004 780 dies,
1041 747 1126 788 quo
1163 734 1282 774 venit
1313 734 1356 773 in
1384 733 1792 789 congregationem3

343 802 442 844 inde
465 802 577 844 dixit
599 804 735 844 satius
756 804 886 844 fuisse
912 819 1042 860 agere
1065 805 1117 846 de
1145 806 1427 847 irreverentia
1449 821 1549 861 quae
1573 805 1794 860 praebetur

341 875 443 916 huic
482 884 750 917 sacramento
794 877 980 925 Ordinis,
1023 893 1046 918 e
1088 892 1174 932 qua
1216 877 1433 932 prodeunt
1472 877 1613 917 multa
1653 877 1792 926 mala;

343 963 473 1004 quam
498 949 583 989 alia
606 948 847 1004 disputare,
872 965 924 990 ex
947 951 1111 1005 quibus
1135 951 1284 991 nullus
1307 951 1455 991 existit
1478 950 1657 990 fructus.

402 1021 610 1063 Cavensis
647 1024 717 1063 2¹¹³»
753 1022 1273 1079 Casellus-—Episcopos
1305 1023 1532 1064 succedere
1569 1023 1611 1063 in
1648 1023 1792 1063 locum

341 1094 664 1149 Apostolorum,
698 1110 784 1136 non
818 1103 963 1137 tamen
991 1096 1192 1137 omnibus
1213 1097 1254 1136 in
1283 1097 1425 1137 rebus.
1489 1096 1682 1152 Ideoque
1704 1110 1794 1136 rem

340 1182 470 1222 egere
492 1167 793 1210 declaratione.
858 1169 965 1210 Inde
987 1169 1224 1224 explicavit
1256 1169 1393 1210 verba
1417 1168 1452 1209 C
1457 1169 1629 1225 ypriani
1651 1168 1791 1209 dicen-

341 1241 409 1289 tis,
435 1242 748 1298 quiE1=isco13i
780 1243 945 1283 habent
967 1243 1009 1282 in
1032 1242 1219 1283 solidum
1251 1249 1528 1299 potestatem,
1561 1257 1645 1282 non
1677 1242 1792 1282 enim

340 1314 385 1355 id
407 1316 543 1371 accipi
565 1331 688 1372 posse
711 1316 763 1357 de
786 1317 815 1358 J
823 1316 1111 1364 urisdictione,
1144 1317 1250 1372 quia
1281 1324 1552 1358 everteretur
1584 1323 1674 1357 tota
1706 1331 1793 1357 mo-

341 1388 528 1438 narchia,
566 1405 716 1430 verum
746 1389 1045 1431 tantummodo
1078 1389 1131 1430 de
1167 1390 1329 1439 ordine,
1353 1397 1411 1443 ‚ut
1445 1390 1566 1445 apud
1596 1396 1792 1431 sanctum

343 1460 496 1501 Thom.
521 1461 592 1501 lib.
616 1463 658 1503 4.
683 1469 829 1503 contra
854 1462 1054 1503 Gentiles
1077 1477 1168 1517 capr
1193 1462 1258 1502 26.
1282 1463 1320 1502 9.

401 1535 866 1591 Clodiensis——Papam
890 1551 981 1576 esse
1006 1537 1235 1576 Summum
1265 1534 1545 1576 Monarcham
1564 1553 1574 1585 3
1606 1534 1791 1590 ideoque

340 1608 552 1648 rationem
577 1608 850 1649 Hierarchiae
875 1609 1065 1664 exigere,
1090 1616 1139 1649 ut
1165 1609 1220 1649 ab
1253 1624 1302 1649 eo
1337 1624 1484 1649 omnes
1519 1608 1616 1649 aliae
1652 1615 1794 1663 potes-

341 1688 466 1728 tates,
499 1688 706 1736 tanquam
740 1682 824 1722 rivi
858 1697 881 1722 a
917 1682 1048 1730 fonte,
1086 1688 1129 1722 et
1163 1681 1274 1721 radii
1307 1696 1332 1722 a
1365 1682 1467 1730 sole,
1489 1680 1713 1738 prodeant,
1743 1689 1793 1723 ut

341 1753 461 1809 apud
484 1752 755 1808 Cyprianum
783 1753 843 1794 17.
870 1761 912 1809 qe
941 1754 978 1793 4.
1014 1754 1142 1795 Unde
1175 1755 1305 1795 Petro
1334 1753 1499 1795 dictum
1521 1769 1612 1795 csse
1633 1754 1796 1810 simpli-

340 1826 456 1874 citer,
490 1826 638 1871 Pasce,
671 1842 717 1866 ac
741 1826 974 1882 Episcopis
996 1826 1174 1875 dictum,
1199 1827 1382 1874 Pascite,
1408 1828 1483 1884 qui
1504 1828 1547 1868 in
1569 1827 1692 1868 vobis
1715 1833 1790 1876 est,

342 1901 548 1956 Gregem.
613 1899 721 1940 Inde
745 1900 830 1940 alia
854 1900 993 1941 multa
1015 1900 1126 1941 dixit
1149 1900 1201 1942 de
1224 1901 1449 1943 Potestate
1472 1902 1622 1957 Papae,
1655 1908 1697 1943 et
1718 1902 1792 1943 tri-

339 1974 441 2029 plici
462 1974 602 2029 specie
625 1974 655 2015 J
661 1973 973 2023 urisdictionis3
1008 1981 1052 2015 et
1082 1974 1200 2030 quod
1225 1974 1279 2015 ad
1302 1975 1523 2017 Canonem
1544 1977 1792 2031 septimum,

340 2054 389 2088 ut
411 2047 599 2088 addatur
632 2047 686 2088 ad
719 2047 960 2102 superiores
983 2062 1036 2088 ex
1053 2047 1202 2088 divina
1223 2048 1334 2104 lege,
1357 2056 1488 2104 prout
1515 2049 1636 2105 apud
1664 2050 1793 2090 Sanc-

340 2127 433 2160 tum
459 2120 651 2160 Leonem
675 2120 800 2175 epist.
828 2119 891 2159 16.

396 2194 426 2234 J
431 2193 956 2249 ustinopolitanus—cum
988 2193 1127 2249 aliqui
1158 2195 1338 2235 Praelati
1371 2195 1573 2243 dixerint,
1610 2195 1793 2251 Episco-

339 2281 415 2321 pos
437 2281 526 2307 esse
550 2267 580 2308 J
584 2266 673 2307 uris
695 2266 844 2313 divini,
879 2281 962 2322 ego
991 2268 1257 2307 contrarium
1281 2283 1469 2309 asserere
1502 2268 1791 2316 formidarem,

337 2339 420 2379 nisi
441 2340 602 2380 multos
623 2354 792 2380 mecum
826 2338 1032 2380 authores
1060 2338 1284 2388 haberem,
1321 2342 1611 2382 sanctissimos
1644 2349 1794 2383 contra

338 2413 585 2461 sentienteS,
608 2421 658 2454 ut
682 2414 723 2454 S.
747 2412 913 2459 Thom.,
948 2413 1128 2454 Petrum
1152 2413 1203 2454 de
1228 2414 1409 2461 Palude,
1439 2422 1481 2456 et
1502 2415 1533 2456 J
1536 2431 1715 2456 oannem
1739 2415 1794 2456 de

340 2486 613 2534 Turrecrem,
636 2494 680 2527 et
702 2486 820 2527 alios.
882 2486 975 2526 Nos
997 2485 1233 2541 loquimur,
1257 2501 1337 2528 non
1364 2487 1417 2528 de
1441 2487 1588 2530 ordine
1610 2489 1792 2544 Episco-

339 2559 442 2615 pali,
470 2559 545 2600 sed
566 2559 618 2600 de
641 2559 875 2615 Episcopis
896 2559 1064 2606 creatis,
1087 2566 1131 2600 et
1153 2560 1279 2600 sicuti
1300 2561 1331 2601 J
1335 2561 1532 2616 ejunium
1554 2562 1641 2603 fuit
1672 2562 1792 2603 insti-

340 2639 487 2672 tutum
518 2648 543 2673 a
571 2631 682 2680 Deo,
715 2638 759 2673 et
781 2638 926 2672 tamen
946 2646 1029 2672 non
1052 2631 1113 2672 ita
1135 2631 1317 2672 dicimus
1352 2633 1383 2674 J
1387 2633 1585 2689 ejunium
1609 2633 1793 2689 quadra·

340 2705 549 2759 gesimale
587 2719 611 2745 a
641 2704 739 2745 Deo
769 2711 1064 2760 praeceptum3
1098 2710 1141 2745 et
1169 2705 1535 2760 quemadmodum
1559 2706 1679 2762 quod
1712 2721 1792 2762 pu-

339 2776 516 2819 niantur
537 2777 844 2834 delinquentes
866 2784 930 2819 est
954 2793 978 2819 a
999 2779 1029 2819 J
1034 2793 1112 2818 ure
1133 2779 1335 2827 naturali,
1360 2779 1477 2834 quod
1499 2795 1600 2821 vero
1631 2779 1700 2820 hic
1723 2780 1795 2821 vel

339 2848 413 2889 ille
435 2850 726 2904 suspendatur
747 2851 881 2899 furca,
905 2858 947 2891 ct
970 2866 993 2891 a
1010 2855 1108 2906 Jurc
1134 2851 1339 2899 humano,
1375 2853 1432 2893 sic
1466 2852 1519 2894 de
1553 2853 1789 2909 Episcopis
