1905 3254
360 245 412 286 74
999 261 1110 291 sess.
1138 260 1182 289 11.

364 368 571 413 bituram,
611 364 896 421 ejusdemque
933 365 1100 404 roboris
1133 365 1342 410 futuram,
1388 378 1434 404 ae
1476 364 1512 403 si
1553 363 1596 403 in
1639 363 1818 417 publica

363 441 550 481 sessione
573 437 676 479 data
699 444 742 478 et
764 437 935 478 decreta
957 437 1126 477 suisset.

422 513 544 560 Inde,
588 512 754 567 rogatis
796 512 981 552 Patrum
1016 510 1257 557 sententiis,
1299 523 1446 549 omnes
1482 507 1816 563 responderunt,

364 583 525 630 Placet,
551 582 742 637 exceptis
766 582 841 637 qui
864 589 1123 637 sequuntur.

428 656 655 712 ArchiesJS.
682 656 967 696 Granatensis
984 655 1108 703 dixit,
1124 670 1168 695 se
1182 668 1341 709 cupere
1353 654 1397 693 in
1413 653 1543 694 titulo
1561 652 1660 693 addi
1673 652 1821 699 verba,

365 745 464 785 quae
490 729 593 770 alias
621 729 746 776 dixit,
776 729 856 769 viz.
890 728 1183 769 universalem
1215 727 1455 768 Ecclesiam
1487 732 1819 782 representans:

364 809 521 843 caetera
542 802 727 857 placent.

423 875 715 916 Messanensis
737 874 903 914 remisit
926 888 971 913 se
995 872 1050 913 ad
1077 887 1140 921 ea,
1165 887 1266 927 quae
1289 872 1403 913 dixit
1439 873 1484 913 in
1516 872 1675 913 ultima
1709 871 1822 912 Con-

367 947 640 1003 gregatione,
672 947 771 993 viz„
809 945 927 1000 quod
964 945 1208 1000 publicatio
1238 944 1396 984 Indicis
1422 960 1536 985 nunc
1570 959 1653 984 non
1685 945 1822 992 fieret,

366 1020 502 1060 donec
537 1033 749 1074 pcrsonae,
786 1018 968 1058 delectae
1003 1016 1057 1057 ad
1090 1016 1184 1065 hoc,
1217 1032 1329 1072 opus
1361 1032 1489 1057 suum
1527 1016 1824 1072 complerent3

364 1093 447 1133 nisi
471 1107 494 1132 a
515 1092 669 1147 majori
691 1097 814 1147 parte
843 1092 1026 1131 Patrum
1055 1096 1169 1130 esset
1204 1089 1474 1130 declaratum
1509 1089 1552 1129 in
1586 1089 1673 1129 alia
1711 1087 1823 1128 Con-

367 1163 638 1219 gregatione,
662 1161 782 1217 quod
817 1161 1022 1202 authores
1053 1161 1266 1202 librorum
1300 1163 1342 1202 in
1371 1176 1530 1217 genere
1565 1168 1826 1201 vocarentur

368 1233 423 1274 ad
464 1233 771 1273 discussionem
815 1232 1027 1273 librorum
1064 1248 1271 1273 suorum:
1319 1233 1633 1274 concessionem
1676 1239 1825 1273 autem

368 1305 557 1361 publicae
580 1304 682 1345 fidei
704 1305 749 1344 in
772 1304 898 1344 aliam
925 1305 1323 1361 Congregationem
1351 1305 1650 1346 differendam.

424 1378 675 1434 Episcopus
692 1377 929 1418 Leiriensis
942 1377 1068 1426 dixit,
1086 1379 1237 1419 Placet
1260 1393 1310 1419 eo
1334 1378 1459 1418 modo
1483 1394 1569 1434 quo
1592 1379 1759 1434 placuit
1781 1380 1825 1419 in

371 1451 740 1507 Congregatione.

425 1522 678 1578 Aliphanus
718 1523 842 1570 dixit,
881 1523 1113 1578 displicent
1155 1539 1207 1564 ea.
1242 1524 1390 1569 verba,
1424 1528 1511 1564 “et
1547 1524 1826 1579 inquinatam

372 1596 610 1636 doctrinam
637 1595 880 1636 Catholicae
903 1595 1047 1636 fidei.''

543 1726 701 1767 Postea
722 1726 881 1767 lectum
904 1725 1000 1766 2du¹¹¹
1025 1726 1265 1767 Decretum
1282 1728 1326 1767 in
1349 1727 1441 1768 haee
1466 1727 1615 1768 verba.

1904 990 1905 1035 l

426 1814 598 1856 Eadem
624 1815 905 1856 Sacrosancta
919 1815 1182 1856 Tridentina
1203 1815 1403 1870 Synodus
1419 1816 1462 1855 in
1483 1815 1651 1870 Spiritu
1671 1815 1829 1856 Sancto
1891 1768 1905 2614 Ι

367 1889 566 1944 legitime
591 1895 870 1945 congregata,
896 1888 1236 1943 praesidentibus
1257 1889 1299 1929 in
1319 1904 1370 1929 ea
1384 1889 1544 1930 eisdem
1561 1889 1828 1944 Apostolicae

372 1959 496 2000 Sedis
519 1960 715 2015 LegatiS,
741 1960 899 2001 statuit
929 1967 973 2001 et
1006 1960 1214 2009 decrevit,
1244 1961 1489 2016 proximam
1512 1960 1708 2001 futuram
1745 1976 1828 2001 ses-

370 2034 533 2074 sionem
553 2033 800 2074 habendam
833 2041 875 2074 et
907 2033 1210 2074 celebrandam
1233 2049 1325 2074 esse
1347 2033 1455 2074 feria
1477 2033 1548 2075 Vta
1573 2041 1672 2089 post
1693 2049 1829 2076 sacra-

370 2106 584 2146 tissimum
608 2106 781 2154 festum,
806 2107 1115 2147 Ascensionem
1144 2105 1249 2153 Dni,
1274 2121 1374 2161 quae
1398 2107 1479 2147 erit
1503 2106 1669 2147 decima
1700 2108 1832 2148 tertia

372 2178 539 2219 Eleusis
563 2178 686 2218 Maii.

427 2252 582 2292 Patres
605 2267 751 2292 omncs
774 2251 1107 2307 responderunt,
1130 2251 1296 2299 Placet,
1312 2254 1505 2308 exceptis
1527 2253 1827 2308 infrascriptis,
1876 2256 1881 2262 ’

431 2324 875 2365 Granatcnsis-—cum
905 2324 1202 2365 moderatione
1241 2324 1355 2365 dict-21
1384 2326 1428 2365 in
1462 2325 1829 2382 Congregatione,

370 2404 413 2438 et
436 2397 740 2445 declaratione,
764 2397 999 2437 dummodo
1023 2397 1134 2437 circa
1155 2398 1506 2439 reformationem
1531 2406 1574 2439 et
1595 2414 1734 2440 mores
1756 2400 1831 2440 ali-

372 2469 478 2524 quid
500 2469 590 2510 fiat.

430 2542 719 2591 BracarensiS,
757 2542 918 2590 Placet,
954 2541 1189 2583 dummodo
1222 2544 1397 2584 interim
1436 2551 1651 2585 tractetur
1680 2544 1733 2586 de
1767 2561 1831 2586 re·

427 2686 702 2742 Reginensis,
728 2687 894 2735 Placet,
918 2686 1155 2728 dummodo
1177 2689 1351 2729 interim
1376 2690 1546 2745 aliquid
1567 2691 1657 2732 fiat.

429 2763 736 2812 Messanensis,
764 2765 927 2813 Placet,
951 2765 1188 2805 dummodo
1213 2765 1380 2821 aliquid
1407 2768 1579 2808 interim
1610 2768 1686 2809 fiat
1719 2769 1831 2809 circa

373 2849 524 2876 moreS.

371 2614 624 2654 formatione
646 2629 830 2660 morum,
855 2614 956 2654 licet
977 2629 1061 2655 non
1084 2615 1137 2655 de
1160 2615 1454 2670 dogmatibus.
1888 2629 1901 2901 ι

1886 2924 1905 3062 ξ.
