1905 3254
376 295 460 336 484
996 308 1106 338 sess.
1132 308 1209 336 vu.

384 413 656 454 Catholicam
679 427 777 453 cum
800 412 999 453 Romana
1020 412 1198 453 ecclesia
1219 425 1389 466 semper
1406 410 1679 457 consensisse,
1693 425 1835 466 neque

381 500 577 541 unquam
600 485 655 526 ab
681 500 732 526 ea
753 484 989 533 recessisse,
1011 484 1277 538 minimeque
1311 482 1443 523 etiam
1471 497 1585 523 nune
1605 482 1805 523 recedere
1822 500 1834 532 3

381 557 458 598 sed
490 563 621 612 prout
651 557 693 596 in
727 571 779 596 ea
811 571 980 611 semper
1004 556 1129 603 vixit,
1153 556 1216 596 ita
1237 555 1365 595 ctiam
1388 569 1499 594 nunc
1525 553 1695 594 omnino
1727 554 1835 594 mori

382 629 674 669 constituisse:
708 627 761 668 de
793 628 1079 668 sacratissima
1114 626 1397 668 Eucharistia
1428 641 1512 666 non
1552 625 1693 665 solum
1724 640 1834 665 nun-

382 717 511 756 quam
544 700 780 747 dubitasse,
806 700 910 755 quin
940 700 1004 740 ibi
1025 714 1125 740 vero
1156 699 1331 754 Corpus
1354 698 1518 738 Christi
1547 698 1834 746 contineatur,

381 773 455 813 sed
472 788 549 813 nec
563 773 693 813 etiam
712 786 908 826 unquam
927 778 976 811 ut
991 771 1101 811 113110
1119 771 1345 811 veritatem
1363 769 1581 810 desereret
1597 769 1729 809 fuisse
1745 776 1833 810 ten-

381 852 537 885 tatum.
581 844 733 885 Voluit
749 843 906 883 deinde
928 858 950 883 e
972 843 1084 883 lecto
1106 856 1298 898 surgere,
1313 849 1357 882 et
1374 841 1560 896 genibus
1579 841 1703 881 flexis
1725 856 1834 881 com-

381 916 626 956 munionem
648 929 833 954 sumere.
879 913 1083 968 Cumque
1106 913 1341 954 familiares
1367 914 1406 953 ei
1429 912 1509 953 1100
1536 912 1836 953 dissuaderent

381 988 437 1028 ob
469 987 818 1027 imbecillitatem
851 1001 991 1034 suam,
1014 985 1249 1040 respondit,
1274 992 1519 1026 extremum
1550 985 1665 1026 hunc
1692 992 1834 1026 actum

380 1075 470 1101 esse
492 1075 570 1101 nec
593 1061 633 1100 ei
665 1058 1000 1114 denegandum3
1035 1065 1170 1113 atque
1203 1059 1268 1099 ita
1295 1058 1553 1114 genuflexus
1573 1073 1742 1098 summa
1763 1057 1834 1098 de-

380 1133 554 1173 votione
577 1131 895 1172 Eucharistiam
919 1132 1117 1185 sumpsit.
1168 1130 1318 1171 Multa
1339 1131 1438 1179 alia,
1461 1130 1566 1170 dum
1590 1145 1707 1186 aeger
1729 1136 1836 1178 erat,

381 1204 488 1245 adeo
519 1205 739 1260 sapienter
771 1203 1084 1258 intrepidoque
1107 1203 1250 1243 animo
1272 1203 1469 1258 protulit,
1495 1209 1542 1244 ut
1571 1217 1717 1243 omnes
1739 1217 1835 1243 con·

380 1278 583 1318 stantiam
605 1277 761 1318 mentis
783 1276 1102 1317 admirarentur
1120 1282 1164 1316 et
1179 1276 1405 1331 pietatem,
1424 1282 1469 1316 et
1485 1290 1617 1331 quam
1637 1276 1836 1316 alacriter

379 1365 432 1391 ex
466 1350 547 1391 hac
570 1351 662 1391 vita
693 1350 936 1405 migrasset.
1001 1348 1203 1404 Cumque
1237 1348 1291 1388 ad
1327 1355 1570 1389 extremum
1605 1349 1707 1389 vitae
1739 1364 1834 1404 per-

379 1423 579 1470 venisset,
615 1437 695 1477 per
732 1422 1020 1462 Secretarium
1054 1436 1181 1461 suum
1219 1420 1313 1461 aliis
1344 1420 1529 1475 Legatis
1564 1421 1834 1476 significavit,

377 1495 539 1536 instare
572 1495 656 1536 sibi
690 1510 785 1535 eam
818 1494 1094 1534 novissimam
1115 1493 1278 1540 horam,
1301 1507 1547 1548 rogareque
1578 1493 1676 1533 illos
1704 1493 1834 1534 vehe-

377 1574 557 1614 menter,
580 1573 643 1615 ut,
663 1566 779 1621 quod
800 1566 938 1614 decet,
956 1565 1113 1612 studio,
1139 1580 1186 1606 ac
1207 1565 1292 1605 fide
1314 1579 1382 1605 res
1406 1565 1590 1605 Concilii
1611 1571 1834 1613 tueantur,

377 1639 492 1680 unde
529 1639 791 1679 Christianae
823 1637 1101 1693 Reipublicae
1136 1638 1410 1678 incolumitas
1441 1638 1628 1678 maxime
1657 1638 1833 1694 pendet.

378 1713 508 1761 Nam,
543 1713 578 1753 si
611 1719 784 1753 strenue
819 1711 904 1766 ipsi
936 1726 1110 1751 causam
1145 1710 1256 1751 hanc
1291 1718 1437 1767 agant,
1470 1711 1560 1752 fore
1596 1719 1648 1752 ut
1683 1726 1832 1752 eorum

376 1800 552 1841 quoque
574 1784 699 1825 Deus
722 1783 933 1839 Optimus
962 1783 1084 1824 Max.
1118 1784 1408 1839 patrocinium
1440 1784 1649 1839 suscipiat
1724 1784 1832 1825 Car-

377 1858 516 1898 dinali
549 1872 651 1898 vero
686 1856 975 1912 Lotharingio
1009 1856 1240 1897 dicendum
1277 1857 1515 1905 mandavit,
1549 1864 1598 1897 ut
1633 1858 1834 1912 quamvis

376 1938 476 1986 post
517 1930 759 1971 adventum
795 1944 923 1970 suum
964 1930 1190 1970 laboribus
1233 1944 1280 1970 ac
1315 1929 1523 1970 molestiis
1563 1929 1696 1970 fuerit
1736 1946 1831 1971 con-

375 2004 580 2051 flictatus,
603 2009 647 2043 01
679 2002 881 2058 graviora
915 2002 1046 2042 etiam
1077 2003 1186 2043 forte
1214 2002 1281 2042 illi
1304 2002 1485 2042 ferenda
1505 2003 1755 2057 sumpserit,
1778 2018 1832 2044 110

375 2082 521 2116 13111011
553 2075 748 2116 001101(131
781 2074 937 2121 31111110,
961 2075 1036 2115 sed
1059 2075 1260 2116 alacriter
1282 2090 1456 2116 causam
1477 2075 1589 2116 113110
1609 2075 1830 2130 publicam

376 2154 682 2203 prosequatur,
707 2154 840 2202 atque
857 2146 985 2188 fidem
1006 2146 1275 2187 catholicam
1299 2148 1365 2187 Stae
1392 2147 1603 2188 Romanae
1625 2148 1832 2188 Ecclesiae

375 2227 467 2260 toto
500 2226 675 2275 pectore
709 2218 1012 2273 amplectatur.
1075 2217 1144 2258 De
1171 2218 1395 2259 Cardinali
1422 2219 1668 2260 Mantuano
1688 2234 1831 2274 nuper

374 2293 578 2333 defuncto
599 2292 751 2332 crebra
772 2291 840 2331 illi
862 2306 960 2331 cum
982 2291 1272 2331 familiaribus
1293 2291 1382 2331 suis
1402 2292 1487 2332 fuit
1515 2292 1678 2332 mentio
1695 2309 1706 2342 3
1738 2294 1831 2349 ejus
1884 2319 1888 2350 Ξ

374 2365 531 2406 merita
562 2380 609 2404 ac
640 2364 916 2419 Religionem
939 2362 1068 2403 valde
1100 2363 1401 2404 commendans
1423 2363 1548 2412 dixit,
1577 2365 1731 2419 paucis
1758 2365 1828 2405 ab·
1883 2415 1887 2424 Ι

374 2437 471 2478 111110
492 2437 717 2477 mensibus
733 2435 952 2483 futurum,
971 2442 1020 2475 ut
1036 2435 1111 2475 ille
1134 2450 1158 2475 a
1178 2435 1305 2475 bonis
1323 2435 1525 2475 omnibus
1542 2434 1828 2482 desideretur,
1882 2431 1891 2490 ᾗ

374 2525 463 2565 quo
484 2517 681 2565 tempore
704 2508 1010 2548 obstrueretur
1036 2522 1082 2548 os
1112 2507 1462 2562 malignantium,
1485 2513 1530 2547 et
1549 2507 1825 2562 loquentium
1881 2511 1891 2547 ι’

371 2583 525 2637 iniqua
601 2581 685 2622 Sed
708 2580 818 2621 nihil
840 2580 1065 2621 ardentius
1084 2581 1203 2635 loqui
1228 2580 1476 2628 videbatur,
1501 2595 1632 2635 quam
1654 2596 1751 2621 cum
1773 2581 1826 2621 de
1882 2623 1883 2626 ,

373 2656 541 2696 00010511
564 2654 704 2709 gloria
736 2654 775 2694 ei
808 2668 947 2693 sermo
979 2659 1086 2701 erat,
1109 2652 1164 2693 ad
1186 2667 1316 2706 quam
1351 2668 1396 2693 se
1430 2668 1484 2693 ex
1511 2653 1720 2693 immensa
1741 2653 1827 2693 Dei
1877 2700 1886 2708 ⁴.

372 2727 646 2782 benignitate
679 2730 771 2780 jam
808 2725 954 2765 vocari
988 2725 1327 2779 praesentiebat3
1367 2725 1500 2779 idque
1536 2725 1681 2779 palam
1716 2725 1825 2765 affir-
1878 2738 1885 2779 j

373 2801 534 2847 inabat,
569 2800 754 2853 aliisque
795 2798 850 2839 ad
892 2812 986 2838 eam
1027 2796 1348 2852 adipiscendam
1389 2797 1581 2838 animum
1623 2797 1822 2838 addebat.
1876 2790 1881 2816 ·‡
