1905 3254
359 323 442 364 340
980 338 1091 368 sess,
1118 338 1197 367 vu.

360 460 467 501 ergo
503 444 624 485 Laici
658 451 762 485 sunt
801 444 855 485 de
896 446 997 500 jure
1031 444 1191 485 divino.
1254 444 1326 484 Ad
1369 449 1694 499 argumentum,
1732 457 1819 498 quo

362 517 515 558 dicunt
565 517 712 572 aliqui,
761 517 1003 572 Episcopos
1049 517 1297 558 successisse
1352 517 1445 557 ioco
1496 516 1816 571 Apostolorum,

360 590 655 645 respondebat
694 590 779 631 alio
828 597 1100 645 argumento,
1141 596 1192 630 ut
1233 590 1268 630 si
1308 590 1405 645 quis
1446 589 1572 632 dicat,
1619 587 1820 643 Apostoli

360 663 537 704 fuerunt
570 663 624 704 de
652 667 751 718 jure
776 662 935 710 divino,
960 662 1171 718 Episcopi
1203 668 1304 702 sunt
1335 661 1510 709 mortui,
1533 667 1576 701 et
1596 660 1658 700 ita
1672 659 1821 713 multa

363 736 721 792 alia'hujusmodi
744 743 1008 791 argumenta
1028 735 1222 776 involute
1244 734 1415 775 deduci.

421 807 703 849 Civitatensis
736 809 948 864 incipiens
981 808 1094 849 dixit
1129 807 1183 848 ad
1217 807 1502 863 quaestienem
1540 805 1820 861 propositam,

363 881 482 922 Illmos
503 881 708 937 Legatos,
739 881 844 929 Βίας
876 888 979 921 tunc
1011 881 1267 927 Simonetta,
1291 886 1472 935 repente
1503 864 1823 932 interrumpens

364 969 616 1003 sermonem,
648 954 810 1009 inquit,
840 954 1014 994 minime
1037 954 1228 1008 Legatos
1250 952 1527 1008 proposuisse
1549 951 1658 991 hanc
1682 965 1821 1005 quaes-

362 1027 549 1073 tionem;
580 1025 786 1080 idemque
807 1025 984 1080 repetiit
1012 1032 1057 1066 et
1080 1024 1363 1080 Seripandus,
1383 1039 1608 1079 nunquam
1631 1023 1826 1079 Legatos

363 1114 440 1140 nec
461 1099 661 1145 voluisse,
692 1113 771 1139 nec
807 1098 1018 1155 cogitasse
1062 1104 1113 1139 ut
1146 1098 1248 1139 talis
1281 1096 1467 1153 quaestio
1509 1095 1823 1151 disputaretur.

364 1171 434 1213 Ad
453 1172 547 1214 haec
571 1172 864 1219 Civitatensis,
889 1171 1007 1227 quod
1040 1172 1075 1212 si
1110 1171 1274 1227 Legati
1290 1169 1585 1227 permisissent
1607 1183 1705 1209 eum
1727 1182 1825 1223 per-

364 1246 490 1286 ficere
513 1246 752 1286 orationem
777 1260 916 1293 suam,
943 1260 1075 1301 quam
1099 1244 1391 1290 inchoaverat,
1428 1242 1552 1283 facile
1575 1242 1828 1298 cognituros

362 1317 511 1367 fuisse,
538 1317 756 1373 quomodo
773 1332 844 1358 eos
861 1318 1138 1373 proposuisse
1160 1317 1290 1358 dicat.
1334 1316 1451 1357 Nam
1470 1330 1567 1356 cum
1586 1315 1630 1355 in
1649 1314 1825 1355 Canone

366 1390 550 1440 dicatur,
567 1392 812 1447 Episcopos
826 1391 1098 1446 Presbyteris
1114 1390 1361 1445 superiores
1383 1404 1490 1437 esse,
1513 1395 1557 1429 et
1572 1387 1824 1428 videndum¹

369 1464 437 1512 sit,
460 1479 514 1505 an
536 1464 615 1505 hoc
637 1479 789 1505 verum
813 1464 878 1511 sit,
908 1470 950 1504 et
982 1478 1071 1519 qua
1092 1463 1279 1504 ratione:
1311 1462 1409 1502 idco
1438 1461 1678 1502 necessario
1699 1460 1826 1501 deve-

365 1536 574 1578 niendum
619 1537 674 1577 ad
705 1536 751 1577 id
787 1536 1052 1592 principium
1088 1550 1192 1582 esse,
1226 1541 1275 1575 ut
1307 1534 1591 1590 perquiratur
1612 1548 1698 1588 quo
1723 1534 1826 1588 jure

368 1610 531 1651 fuerint
551 1610 767 1659 instituti3
802 1610 974 1664 aliaque
994 1608 1208 1649 nonnulla
1228 1608 1273 1648 in
1295 1607 1404 1648 hanc
1432 1608 1690 1648 sententiam
1723 1607 1826 1647 sub-

362 1682 527 1737 junxit.

425 1753 500 1795 Ad
521 1769 653 1810 quem
675 1753 958 1810 Seripandus,
973 1768 1026 1794 ne
1047 1753 1230 1800 mireris,
1253 1751 1407 1807 inquit,
1421 1751 1504 1791 Dne
1530 1750 1826 1798 Civitatensis,

367 1826 402 1867 si
423 1826 606 1867 dicimus
625 1826 736 1867 hane
758 1826 1045 1881 quaestionem
1068 1826 1252 1866 alienam
1277 1823 1403 1865 valde
1425 1839 1450 1864 a
1472 1822 1664 1863 Concilio
1685 1829 1829 1862 nostro

367 1898 526 1950 fuisse3
557 1914 657 1940 nam
678 1899 1027 1940 existimavimus
1048 1913 1125 1938 nos
1148 1899 1302 1938 Patres
1324 1896 1380 1938 ad
1401 1896 1623 1952 proposita
1657 1911 1682 1936 a
1703 1895 1830 1935 nobis

367 1978 540 2012 tantum
561 1971 823 2027 respondere
846 1970 1020 2018 debere,
1044 1970 1143 2018 viz.,
1166 1970 1408 2025 Episcopos
1443 1969 1687 2024 superiores
1723 1981 1829 2014 esse,

370 2051 449 2086 aut
479 2059 565 2085 non
597 2059 703 2092 esse,
745 2051 883 2085 motos
916 2058 970 2084 ex
1003 2043 1151 2098 aliquo
1174 2042 1364 2089 Canone,
1399 2049 1476 2082 aut
1509 2041 1715 2088 Concilio,
1755 2046 1832 2081 aut

370 2115 641 2156 authoritate
670 2121 917 2156 sanctorum
951 2115 1147 2161 Patrum,
1182 2113 1259 2168 qui
1286 2113 1331 2153 id
1359 2112 1505 2153 dicant
1537 2112 1608 2153 vel
1638 2118 1829 2168 negent3

372 2189 490 2245 quod
512 2204 614 2230 vero
636 2189 876 2245 ingressuri
897 2195 1039 2230 essent
1059 2187 1138 2228 has
1159 2188 1337 2229 inutiles
1360 2194 1494 2242 atque
1523 2187 1687 2228 alienas
1710 2201 1830 2242 pror-

372 2277 446 2302 sus
472 2261 747 2317 quaestiones,
781 2260 861 2302 hoc
890 2261 1067 2301 minime
1100 2261 1225 2301 nobis
1258 2260 1521 2316 persuadere
1553 2266 1830 2314 poteramus:

374 2334 623 2375 audivimus
646 2341 792 2375 tamen
813 2348 962 2374 omnes
985 2333 1214 2389 patienter,
1248 2340 1292 2374 et
1314 2333 1542 2374 audiemus
1563 2333 1694 2373 etiam
1717 2339 1833 2388 post-

371 2407 465 2456 hac,
498 2414 550 2448 ut
584 2421 890 2463 cognoscamus
926 2407 1104 2462 quinam
1138 2406 1338 2447 incedant
1375 2406 1447 2447 via
1479 2413 1610 2453 recta,
1644 2413 1687 2447 et
1721 2406 1834 2447 bono

373 2481 558 2536 spiritu;
591 2487 634 2521 et
662 2481 738 2535 qui
766 2495 902 2535 prava
931 2480 1106 2521 consilia
1140 2480 1326 2521 foveant.
1390 2480 1508 2520 Tum
1550 2481 1834 2522 Civitatensis

373 2553 632 2595 sententiam
655 2568 778 2593 suam
802 2559 867 2594 est
887 2559 1154 2608 prosecutus.

431 2625 771 2673 Neocastrensis,
797 2625 1049 2681 Episcopos,
1066 2624 1194 2673 dixit,
1213 2640 1297 2666 non
1321 2640 1445 2681 posse
1466 2626 1549 2666 dici
1565 2628 1664 2682 jure
1686 2625 1834 2667 divino

376 2700 598 2740 institutos
629 2699 671 2739 in
701 2698 781 2739 hac
818 2698 887 2739 vel
921 2698 997 2738 illa
1030 2698 1209 2738 ccclesia
1244 2699 1512 2754 particulari,
1550 2698 1625 2740 sed
1662 2706 1833 2740 tantum

423 2803 428 2819 ¹
455 2804 522 2833 The
544 2803 741 2833 terminatiou
767 2803 802 2833 of
823 2802 884 2834 this
910 2803 993 2833 word
1018 2802 1043 2832 is
1068 2807 1120 2833 not
1149 2814 1223 2841 very
1248 2803 1348 2843 plain,
1364 2804 1418 2834 but
1443 2815 1568 2844 appears
1593 2810 1623 2835 to
1647 2805 1685 2835 be
1708 2804 1790 2836 what
1810 2804 1838 2835 is

378 2856 470 2894 given
527 2858 569 2887 As
586 2857 631 2887 far
646 2868 678 2887 as
692 2857 786 2887 viden
801 2867 834 2887 or
848 2855 955 2887 videm
972 2856 997 2886 is
1012 2855 1098 2895 plain
1113 2856 1245 2896 enough.
