1905 3254
354 328 439 369 472
970 344 1082 374 sssss
1110 345 1186 373 vn.

357 450 846 505 Quinqueecclesiensis,
870 456 914 489 et
947 449 1021 489 alii
1050 447 1249 488 nonnulli
1277 448 1477 502 probant,
1506 453 1716 487 verentur
1746 454 1808 488 ta-

355 537 453 563 men
476 522 701 577 Hispanos
716 521 995 563 dissensuros.
1059 521 1303 561 Mutinensi
1323 536 1348 561 a
1368 520 1550 576 Legatis
1572 521 1678 575 ipsis
1698 535 1807 561 com-

355 595 560 642 mittitur,
582 602 633 635 ut
666 595 973 650 Hispanorum
997 595 1163 635 animos
1183 599 1339 641 tentet,
1364 608 1411 633 ac
1432 594 1468 633 si
1490 593 1581 633 fieri
1602 599 1745 648 potest
1766 593 1810 633 in

354 666 398 707 id
414 667 639 722 perducat,
659 674 708 708 ut
725 668 880 708 saltem
902 667 1108 707 bimestre
1125 665 1330 706 Parochis
1352 680 1402 706 ea
1422 666 1520 721 lege
1538 665 1810 715 concedatur,

354 754 442 794 qua
481 740 695 796 Episcopi
733 739 941 781 trimestri
982 746 1084 779 sunt
1118 739 1315 793 potituri.
1379 737 1646 779 Mutinensis
1678 738 1812 780 refert

353 825 516 866 magna
536 811 715 852 dissidia
736 811 999 859 renovanda,
1017 811 1052 851 si
1073 811 1164 851 haec
1186 818 1377 867 urgeant
1390 828 1400 860 3
1435 811 1660 866 Hispanos
1682 810 1810 852 vehe-

353 885 621 925 mentissime
654 885 750 933 niti,
786 891 836 925 ut
872 884 1054 924 Parochi
1091 884 1159 923 sui
1196 885 1368 925 omnino
1408 884 1453 924 in
1486 884 1693 924 Ecclesiis
1725 885 1811 924 sint

352 958 540 1007 assidui3
573 972 645 998 eos
666 957 807 998 adhuc
830 965 952 998 sexto
968 958 1044 998 illo
1063 957 1238 998 Canone
1261 958 1314 998 de
1335 965 1603 999 sacramento
1621 957 1810 1005 Ordinis,

352 1030 405 1071 de
439 1045 525 1086 quo
555 1031 685 1071 etiam
718 1038 821 1072 tunc
843 1031 1072 1086 agebatur,
1095 1031 1200 1071 satis
1221 1030 1434 1078 morderi;
1467 1029 1565 1070 ideo
1592 1044 1646 1070 ne
1671 1029 1812 1070 Sessio

352 1104 651 1159 perturbetur,
675 1106 812 1145 satius
833 1119 925 1145 esse
946 1118 1037 1144 rem
1060 1103 1425 1159 praetermittere:
1458 1102 1633 1143 facilius
1654 1101 1811 1142 deinde

351 1175 531 1216 adducti
562 1175 697 1216 etiam
729 1183 832 1216 sunt
867 1175 954 1222 alii,
978 1182 1028 1216 ut
1049 1175 1093 1215 id
1113 1189 1197 1215 non
1219 1174 1540 1221 contenderent,
1564 1172 1682 1228 quod
1708 1187 1810 1214 non-

350 1248 459 1288 nulli
481 1248 701 1289 commode
724 1263 818 1289 eam
839 1255 1010 1302 partem
1030 1248 1189 1302 exponi
1209 1261 1334 1302 posse
1351 1246 1568 1295 dicerent3
1594 1245 1810 1293 videlicet,

351 1328 401 1362 ut
433 1321 563 1362 tacite
595 1321 876 1377 intelligatur
907 1320 1113 1361 Parochis
1146 1320 1364 1360 trimestre
1396 1318 1597 1372 exemplo
1627 1318 1810 1372 Episco-

350 1409 504 1449 porum
522 1408 613 1434 esse
630 1395 904 1449 permissum,
923 1393 998 1434 sed
1017 1393 1207 1448 amplius
1229 1392 1275 1432 id
1295 1392 1544 1446 requiratur
1567 1399 1617 1432 ut
1639 1392 1811 1446 quoties

349 1467 465 1507 ultra
488 1467 705 1507 trimestre
727 1467 788 1507 eis
808 1467 863 1507 sit
884 1465 1204 1512 discedendum,
1222 1465 1423 1505 Licentia
1445 1464 1490 1504 in
1513 1464 1684 1519 scriptis
1706 1471 1809 1505 tunc

350 1541 405 1581 sit
426 1540 676 1585 necessaria,
700 1554 799 1594 quae
822 1546 968 1580 tamen
987 1538 1097 1578 duos
1120 1544 1312 1592 nequeat
1335 1537 1542 1577 excedere
1564 1552 1743 1584 menses,
1767 1544 1812 1578 et

349 1614 429 1653 nisi
461 1628 514 1653 ex
547 1613 673 1668 gravi
705 1627 848 1656 causa,
870 1612 1081 1667 permitti.
1146 1610 1244 1651 Hac
1276 1618 1422 1650 tamen
1448 1610 1810 1665 interpretatione

348 1701 432 1726 non
463 1692 689 1726 contentus
722 1686 963 1741 Episcopus
984 1683 1288 1731 viterbiensis,
1312 1699 1409 1724 cum
1432 1683 1476 1723 in
1497 1683 1568 1724 die
1601 1684 1811 1725 Sessionis

348 1760 611 1800 sententiam
644 1774 767 1799 suam
805 1758 951 1804 ferret,
985 1757 1093 1797 hanc
1130 1764 1299 1811 partem
1342 1756 1424 1796 sibi
1465 1756 1810 1812 haudquaquam

350 1834 518 1888 placere
551 1831 813 1888 respondet;
856 1830 973 1886 quod
1014 1837 1061 1870 et
1103 1830 1179 1869 alii
1214 1829 1345 1869 multi
1380 1829 1643 1871 sentiebant.
1705 1830 1812 1871 Post

348 1906 439 1945 haec
473 1905 691 1961 generalis
727 1905 908 1945 Patrum
932 1903 1078 1943 concio
1113 1901 1255 1957 pridie
1289 1908 1388 1942 ante
1413 1902 1658 1942 Sessionem
1681 1901 1810 1943 advo-

349 1985 486 2025 catur,
510 1984 560 2017 ut
593 1977 819 2018 decretum
851 1975 931 2015 hoc
966 1974 1019 2015 de
1052 1973 1309 2014 Residentia
1340 1974 1384 2013 in
1419 1988 1527 2020 eam,
1551 1988 1650 2028 quae
1682 1972 1811 2013 hodie

349 2055 482 2097 extat,
522 2049 705 2089 formam
749 2048 989 2095 redactum,
1029 2061 1126 2087 cum
1166 2046 1262 2086 aliis
1301 2047 1345 2086 in
1387 2046 1585 2086 Sessione
1617 2045 1810 2100 promul-

349 2121 516 2176 gandis,
534 2122 759 2169 recitetur,
784 2135 870 2175 quo
892 2119 1132 2160 consultius
1153 2134 1199 2159 re
1223 2119 1397 2174 integra
1418 2118 1471 2158 de
1494 2133 1545 2159 eo
1567 2118 1812 2159 deliberent

348 2194 516 2241 Patres,
534 2208 610 2233 nec
626 2194 670 2233 in
688 2193 886 2233 Sessione
903 2192 1041 2232 ullum
1060 2191 1338 2232 dissensionis
1354 2192 1587 2247 vestigium
1605 2191 1808 2247 supersit.

348 2265 534 2306 Addidit
556 2265 804 2306 Cardinalis
837 2265 1062 2311 Moronus,
1093 2264 1311 2304 censuisse
1334 2264 1531 2319 Legatos
1560 2278 1613 2303 ex
1632 2278 1679 2303 re
1702 2277 1809 2310 esse,

350 2344 399 2378 ut
434 2338 476 2377 in
511 2337 683 2379 decreto
715 2337 769 2378 de
802 2337 1072 2385 Residentia,
1108 2343 1151 2377 et
1186 2337 1230 2376 in
1263 2336 1356 2376 aliis
1389 2337 1467 2376 ubi
1497 2350 1607 2390 opus
1637 2337 1705 2383 sit,
1737 2350 1809 2376 ex-

348 2426 498 2466 pressa
537 2411 699 2451 mentio
731 2409 1033 2450 Cardinalium
1068 2409 1157 2456 fiat,
1187 2408 1321 2464 idque
1354 2416 1398 2449 et
1433 2410 1508 2449 Smo
1537 2409 1594 2449 D.
1620 2409 1678 2449 N.
1709 2409 1811 2449 satis

349 2485 542 2539 probari.
598 2484 864 2524 Extremum
886 2483 977 2530 hoc,
1002 2498 1100 2523 cum
1123 2483 1177 2523 ab
1198 2483 1402 2523 universa
1426 2482 1600 2537 Synodo
1621 2482 1810 2522 maxime

349 2556 639 2597 commendari
673 2557 816 2597 visum
849 2562 973 2602 esset,
1008 2555 1088 2595 soli
1121 2554 1315 2610 Hispani
1351 2555 1517 2610 aliquot
1550 2555 1606 2595 ab
1640 2569 1689 2595 eo
1725 2554 1810 2594 dis-

350 2631 506 2670 sentire
540 2629 930 2684 conspiciebantur,
964 2643 1015 2668 ea
1047 2628 1231 2673 ratione,
1266 2633 1316 2667 ut
1354 2627 1545 2675 aiebant,
1567 2642 1620 2667 ne
1656 2641 1810 2681 appro-

351 2702 474 2742 basse
509 2702 762 2742 viderentur
790 2701 920 2741 licere
952 2698 1264 2740 Cardinalibus
1300 2699 1518 2740 Ecclesias
1552 2699 1597 2739 in
1628 2698 1809 2739 titulum

349 2773 546 2812 retinere.
602 2772 778 2821 Quibus
802 2788 826 2811 a
849 2772 1031 2825 Legatis
1066 2785 1319 2824 responsum
1343 2770 1442 2817 fuit„
1465 2770 1571 2810 nihil
1594 2769 1662 2810 hic
1684 2769 1737 2809 de
1759 2769 1810 2808 iis

350 2844 557 2884 Ecclesiis
587 2845 673 2900 agi,
697 2860 796 2899 qua:
833 2844 1144 2884 Cardinalibus
1178 2858 1262 2883 non
1297 2843 1564 2898 presbyteris
1594 2856 1804 2883 commcn-

1893 2596 1903 2972 ξ

1894 2973 1905 3254 1
