1905 3254
718 319 831 349 sess.
860 319 934 350 vn.
1464 310 1549 352 497

88 420 234 461 omnia
249 427 402 462 mutuo
420 428 520 462 ante
540 422 778 464 Oratorum
798 439 1019 472 consensu,
1039 425 1399 484 Legatorumque
1415 444 1546 485 opera

88 499 337 547 praeparata
359 493 658 550 dispositaque
681 495 867 537 fuerant.

440 603 727 650 Mandatum
759 605 903 668 Regis
932 606 1192 670 Hispaniae.

467 695 750 744 Protestatio
776 697 905 744 illius
933 698 1162 746 Oratoris.

289 785 402 832 Alia
425 788 701 849 protestatio
727 786 947 834 Oratoris
975 788 1122 852 Regis
1149 788 1336 836 Galliae.

277 877 444 925 Oratio
467 881 660 927 nomine
688 880 905 928 Oratoris
932 881 1076 944 Regis
1102 882 1364 946 Hispaniae.

460 971 719 1036 Responsio
747 973 937 1020 Sanctae
964 973 1164 1038 Synodi.

137 1076 308 1118 Eodem
329 1084 525 1134 tempore
551 1079 759 1120 Nicolaus
784 1080 1049 1121 Ormanetus
1072 1081 1334 1123 Veronensis
1361 1081 1415 1123 ad
1442 1081 1541 1122 Du-

80 1163 171 1190 cem
193 1149 398 1191 Bavariae
421 1165 446 1191 a
466 1150 650 1208 Legatis
681 1153 835 1194 missus
857 1153 955 1201 fuit,
980 1160 1030 1193 ut
1053 1168 1152 1194 eum
1177 1169 1201 1194 a
1225 1153 1542 1194 Communione

80 1222 163 1262 sub
187 1229 375 1278 utraque
408 1225 553 1279 specie
587 1226 766 1280 populis
787 1227 875 1266 suis
897 1227 1206 1282 permittenda,
1231 1228 1266 1268 si
1288 1242 1398 1282 opus
1420 1234 1543 1277 esset,

79 1302 323 1345 averteret3
357 1312 452 1337 cum
486 1312 663 1352 sparsus
694 1313 842 1339 rumor
870 1305 980 1340 essct
1002 1314 1074 1340 eos
1098 1299 1152 1340 ad
1173 1300 1455 1340 desectionem
1488 1301 1543 1340 ab

80 1369 272 1410 Ecclesia
293 1385 542 1426 properare,
564 1372 599 1411 si
623 1370 784 1412 Calicis
807 1387 913 1412 usus
934 1373 996 1413 eis
1017 1373 1361 1414 interdiceretur.

135 1442 248 1484 Cum
285 1444 416 1484 etiam
456 1459 599 1499 nuper
635 1459 688 1485 ex
724 1444 874 1485 Gallia
909 1446 1158 1487 nuntiatum
1195 1453 1318 1495 esset,
1356 1462 1538 1487 conven-

79 1516 240 1557 tionem
273 1516 492 1572 quandam
526 1517 639 1558 inter
671 1518 839 1575 Regem
869 1526 912 1560 et
940 1519 1190 1575 Ugonottos
1219 1520 1370 1561 initam
1394 1520 1540 1567 fuisse,

77 1603 165 1645 qua
199 1590 301 1630 boni
333 1605 481 1631 omnes
515 1591 623 1632 mire
660 1591 1005 1639 offendebantur,
1043 1593 1175 1648 paulo
1210 1600 1308 1648 post
1343 1593 1543 1634 Renatus

77 1661 283 1717 Biragus,
307 1677 542 1718 supremus
565 1663 846 1718 Transalpini
874 1666 1061 1705 Senatus
1084 1664 1215 1719 Regii
1237 1664 1417 1712 Praeses,
1442 1678 1536 1704 cum

76 1736 214 1777 literis
239 1735 602 1778 Christianissimi
635 1737 772 1793 Regis
806 1737 859 1778 ad
893 1744 1085 1778 sanctam
1112 1736 1334 1792 Synodum
1367 1737 1538 1783 missus,

77 1808 161 1850 huc
180 1810 410 1866 pervenit:
443 1810 606 1865 quibus
638 1810 681 1851 in
712 1810 1065 1867 Congregatione
1098 1809 1277 1864 publica
1309 1809 1443 1857 lectis,
1467 1809 1540 1850 ille

76 1882 283 1924 mandata
315 1882 454 1940 Regis
485 1883 657 1939 plenius
691 1884 909 1939 exposuit,
932 1898 1116 1938 quorum
1150 1896 1319 1922 summa
1341 1888 1434 1922 erat
1456 1882 1539 1922 Re-

77 1972 176 2013 gem
199 1957 255 1998 ad
275 1972 424 2013 pacem
448 1972 545 1998 cum
569 1956 827 1998 adversariis
846 1955 1118 1997 sanciendam
1140 1961 1320 2010 propter
1340 1955 1539 2010 ingentes

74 2030 195 2072 illius
216 2030 363 2088 Regni
384 2031 620 2080 tumultus,
645 2046 692 2073 ac
714 2031 983 2072 calamitates
1006 2045 1059 2070 ex
1083 2029 1206 2069 varia
1227 2028 1280 2069 de
1302 2028 1536 2083 Religione

76 2103 278 2159 opinione
296 2110 480 2151 exortas,
497 2104 740 2159 impulsum
760 2104 914 2152 fuissc3
948 2117 1047 2142 nam
1071 2116 1167 2141 eum
1189 2101 1298 2156 ipse,
1322 2107 1534 2155 quantum

75 2176 234 2232 opibus
254 2177 343 2217 suis
364 2177 711 2233 Principumque
735 2177 916 2217 aliorum
940 2174 1133 2216 subsidio
1155 2174 1311 2220 valuit,
1336 2188 1536 2214 accensas

77 2249 190 2291 faces
224 2251 484 2306 extinguere
517 2251 682 2292 frustra
717 2250 793 2291 diu
831 2256 1051 2297 tentasset,
1091 2248 1318 2303 agnovisse
1361 2246 1533 2287 tandem

76 2322 191 2365 hunc
225 2325 468 2366 animarum
500 2325 716 2372 morbum,
740 2339 823 2365 non
859 2322 1016 2379 gladiis
1053 2327 1128 2362 aut
1160 2320 1325 2361 bellicis
1351 2320 1531 2368 viribus,

79 2399 153 2440 sed
193 2400 437 2441 rationibus
478 2399 626 2455 potius
672 2414 719 2439 ac
760 2396 1128 2453 persuasionibus,
1161 2408 1285 2449 posse
1316 2394 1527 2448 superari.

80 2471 225 2521 Quare
246 2487 373 2520 nunc,
396 2471 551 2527 positis
576 2472 719 2519 armis,
743 2469 797 2510 ad
815 2470 1108 2509 Sacrosanctae
1133 2464 1293 2520 Synodi
1318 2465 1530 2506 auxilium

77 2543 477 2601 authoritatemque
499 2544 761 2600 confugisse,
789 2542 1051 2597 cupientem,
1075 2540 1241 2584 Patres,
1265 2552 1351 2593 qua
1370 2537 1532 2579 debent

77 2617 309 2673 vigilantia
329 2625 374 2659 et
394 2618 630 2665 celeritate,
651 2617 812 2657 Galliae
835 2615 965 2656 rebus
986 2615 1027 2653 in
1050 2626 1246 2668 praeceps
1263 2611 1529 2655 labentibus,

74 2689 348 2731 sanctissimis
370 2691 458 2731 suis
480 2689 679 2731 Decretis
699 2687 1033 2743 disciplinaeque
1051 2684 1368 2725 Ecclesiasticae
1386 2699 1529 2725 emen-

74 2761 247 2803 datione
287 2763 615 2818 quamprimum
658 2761 914 2817 prospicere.
978 2758 1253 2813 Responsum
1291 2772 1315 2797 a
1358 2757 1529 2813 Synodo

77 2841 180 2876 tunc
211 2836 310 2883 fuit,
333 2836 591 2891 gravissima
613 2851 665 2876 ea
687 2850 790 2881 csse,
815 2848 912 2887 quat
937 2833 977 2871 in
999 2831 1134 2871 literis
1162 2829 1315 2885 Regiis
1346 2831 1529 2871 contine-

1222 2905 1247 2943 ‘2
1274 2918 1297 2943 κ
