1905 3254
302 304 385 344 626
918 312 1028 342 sass.
1054 312 1149 341 vm.

303 439 450 466 omnes
472 425 638 473 Patres,
660 421 822 468 Placet,
853 419 1127 476 paucissimis
1156 416 1359 472 exceptis.
1426 415 1511 456 His
1542 414 1761 461 absolutis,

303 506 409 540 tunc
444 496 693 539 Cardinalis
725 494 1210 547 Moronus—superest,
1250 496 1302 530 ut
1335 488 1389 530 de
1425 488 1625 529 Sessione
1659 493 1762 543 post

302 572 411 612 hanc
433 570 678 627 proximam
701 565 1004 609 celebrandam
1026 563 1332 609 deliberemus,
1356 575 1454 616 quae
1478 559 1700 600 videretur
1721 559 1764 599 in

302 644 418 685 diem
442 644 608 700 quintae
631 642 751 683 feriae
775 646 875 697 post
911 637 1249 693 Conceptionem
1280 635 1434 676 Beatae
1473 633 1632 674 Mariae
1666 631 1763 674 Vir-

305 717 419 773 ginis
440 715 670 756 indicenda
691 729 811 764 esse3
844 713 879 754 si
906 713 970 753 ita
990 711 1115 752 vobis
1141 709 1328 766 placeat.
1393 707 1557 748 Omnes
1589 719 1763 760 respon-

305 790 482 838 derunt,
507 789 671 830 Placet.

362 862 510 903 Finita
534 859 904 916 Congregatione,
928 873 1025 899 cum
1048 856 1349 898 existimarent
1366 868 1527 901 omnes,
1546 858 1590 893 ct
1603 850 1767 907 Legati

304 935 437 976 etiam
470 934 566 989 ipsi,
590 934 798 989 majorem
833 929 1039 987 [partem]
1076 929 1259 969 Patrum
1294 927 1484 983 petiisse,
1520 930 1572 965 ut
1604 922 1767 980 apertis

307 1008 451 1050 verbis
481 1007 534 1048 de
565 1005 800 1062 Episcopis
826 1004 1148 1050 decerneretur,
1175 1016 1229 1041 ne
1252 1000 1308 1042 ad
1340 999 1580 1041 Ecclesiam
1603 998 1766 1039 Metro-

304 1081 546 1138 politanam
569 1085 831 1135 cogerentur
854 1075 1070 1124 accedere,
1088 1081 1388 1130 praeterquam
1411 1088 1465 1114 ex
1481 1087 1612 1114 causa
1628 1072 1765 1128 Syno-

305 1154 377 1204 di3
430 1154 534 1194 item
575 1167 629 1193 ne
653 1153 937 1193 visitarentur
971 1150 1025 1190 ab
1062 1148 1429 1204 Archiepiscopis,
1451 1147 1534 1188 nisi
1555 1162 1609 1188 ex
1638 1161 1769 1188 causa

304 1226 490 1281 probata
524 1240 549 1265 a
582 1224 754 1280 Synodo
794 1221 1055 1264 Provinciali
1097 1226 1483 1277 cognoscerentur3
1533 1226 1769 1275 propterea

305 1299 421 1356 quod
438 1299 591 1340 audita
607 1299 780 1339 fuerant
797 1296 1130 1352 quamplurima
1144 1295 1261 1337 Vota
1281 1294 1511 1350 sequentia
1527 1293 1767 1334 Dominum

304 1373 333 1413 J
340 1372 578 1420 adrensem,
603 1370 678 1426 qui
698 1367 951 1425 hujusmodi
974 1374 1124 1408 votum
1158 1367 1344 1408 tulerat:
1377 1365 1555 1407 tandem
1591 1380 1766 1406 enume-

303 1446 409 1487 ratis
432 1444 652 1500 suffragiis
680 1442 910 1497 descriptis
943 1456 967 1481 a
991 1441 1245 1482 Secretariis
1277 1454 1417 1481 coram
1447 1440 1702 1487 Simonetta,
1724 1445 1768 1480 et

304 1519 526 1574 aliquibus
549 1532 603 1558 ex
624 1515 877 1572 deputatis;
911 1514 989 1554 ubi
1012 1520 1282 1568 compertum
1302 1519 1367 1554 est
1383 1512 1525 1553 multo
1541 1512 1768 1567 pauciores

304 1593 460 1633 Patres
481 1591 679 1647 reperiri,
703 1603 835 1645 quam
858 1588 1046 1643 quisque
1075 1592 1270 1642 putaret,
1295 1592 1576 1626 accersuntur
1600 1585 1770 1640 aliquot

303 1664 517 1721 Episcopi
539 1678 592 1704 ex
613 1661 863 1718 praecipuis,
887 1660 964 1716 qui
985 1674 1120 1715 super
1142 1658 1221 1699 hoc
1242 1658 1419 1714 negotio
1440 1663 1590 1698 contra
1613 1655 1768 1698 Archi-

305 1739 531 1796 episcopos
559 1736 792 1793 urgebant.
857 1734 946 1775 Res
979 1733 1093 1774 enim
1122 1732 1177 1773 ad
1208 1747 1295 1773 non
1322 1732 1468 1773 levem
1495 1738 1540 1772 et
1571 1737 1769 1787 apertam

306 1811 621 1854 contentionem
638 1808 813 1849 redacta
825 1813 930 1854 erat,
951 1806 1154 1862 quoniam
1174 1805 1369 1861 graviter
1385 1804 1769 1860 conquerebantur

306 1885 520 1942 Episcopi
550 1883 681 1925 multi
716 1897 770 1923 ex
796 1895 934 1938 regno
951 1879 1259 1935 Neapolitano,
1293 1893 1337 1919 se
1369 1878 1519 1933 inique
1553 1877 1681 1918 nimis
1713 1877 1768 1918 ab

306 1972 456 2000 eorum
489 1954 855 2011 Archiepiscopis,
891 1960 935 1995 et
968 1953 1156 1994 maxime
1190 1967 1340 1993 eorum
1375 1951 1560 1992 Vicariis
1592 1951 1768 2000 vexari3

305 2032 463 2073 idcirco
494 2044 607 2071 nunc
630 2044 674 2070 se
698 2044 723 2070 a
745 2035 811 2070 tot
833 2027 1039 2068 oneribus
1060 2033 1104 2068 et
1125 2024 1406 2066 incommodis
1435 2024 1617 2065 liberari
1643 2023 1768 2079 fiagi-

306 2107 477 2148 tabant.
542 2104 682 2145 Immo
704 2118 757 2143 ex
778 2101 844 2142 his
872 2101 962 2142 fere
995 2100 1051 2140 40
1074 2099 1254 2155 propria
1281 2114 1415 2139 manu
1447 2097 1620 2139 cuidam
1655 2098 1768 2154 peti-

305 2177 413 2219 tioni
446 2176 811 2231 subscripserant,
847 2188 980 2229 quam
1013 2173 1199 2229 Legatis
1231 2171 1543 2219 exhibuerunt,
1565 2176 1768 2226 petentes

306 2265 402 2292 eam
436 2248 493 2290 ad
529 2246 754 2303 Synodum
787 2246 964 2294 referri3
998 2247 1124 2301 cujus
1157 2259 1327 2284 summa
1358 2250 1462 2289 erat,
1496 2249 1546 2283 ut
1579 2242 1768 2297 amplius

308 2323 363 2365 ad
386 2321 598 2379 quasdam
620 2318 956 2360 consuetudines
986 2333 1070 2358 non
1092 2324 1358 2364 tenerentur,
1393 2316 1556 2371 quibus
1582 2315 1769 2372 singulis

308 2398 430 2438 annis
451 2394 507 2436 ad
529 2393 813 2448 Metropolim
837 2407 881 2432 se
905 2390 1111 2439 conferre,
1136 2397 1179 2431 et
1200 2390 1284 2431 sub
1311 2389 1768 2430 excommunicationis

306 2484 455 2527 poena,
472 2467 767 2524 cogebantur3
786 2481 918 2522 quam
932 2464 1229 2505 obedientiam
1246 2463 1473 2510 vocabant,
1486 2478 1586 2518 quae
1604 2469 1766 2510 tamen,

309 2550 360 2584 ut
390 2543 477 2598 ipsi
508 2541 698 2588 aiebant,
721 2539 860 2580 inanis
895 2544 988 2579 erat
1019 2535 1223 2592 quaedam
1254 2535 1499 2583 ostentatio,
1520 2534 1575 2576 ad
1595 2534 1768 2575 nullum

306 2632 484 2673 prorsus
503 2630 646 2662 usum,
669 2614 753 2654 nisi
768 2619 818 2653 ut
836 2613 918 2653 sub
942 2610 1378 2666 Archiepiscoporum
1396 2611 1508 2666 jugo
1526 2608 1768 2649 detineren-

307 2697 406 2739 tur3
440 2702 582 2744 eaque
603 2687 824 2728 occasione
847 2685 981 2726 etiam
1007 2683 1191 2738 reliquis
1211 2683 1257 2723 in
1277 2682 1411 2723 rebus
1433 2696 1476 2722 se
1499 2680 1555 2721 ab
1586 2679 1768 2722 Archie-

307 2763 583 2818 piscoporum
621 2758 922 2815 J'urisdictione
963 2756 1223 2798 subtrahere
1264 2755 1543 2796 conabantur.
1604 2751 1768 2809 Legati

307 2836 452 2877 omnia
474 2834 645 2890 experti
667 2839 780 2880 sunt,
816 2838 866 2872 ut
898 2831 1010 2871 inter
1042 2845 1115 2871 eos
1148 2834 1492 2883 componeretur,
1516 2841 1593 2866 nec
1625 2840 1693 2867 res
1725 2825 1768 2865 in
