1905 3254
673 285 787 316 SESS.
813 285 878 314 111.
1430 270 1501 310 121

50 393 205 449 inquit,
222 393 267 434 id
286 394 331 434 in
350 393 553 434 hesterna
567 392 926 449 Congregatione
948 406 1085 448 prope
1107 392 1245 432 visum
1265 406 1371 439 esse,
1388 390 1506 447 quod

51 466 106 507 de
139 468 363 523 Apostolis
396 467 601 508 scribitur
634 473 659 488 “
679 466 724 506 hi
756 472 901 507 musto
930 466 1048 521 pleni
1082 469 1247 515 sunt;''
1280 465 1427 506 dolere
1461 479 1505 504 se

51 546 217 580 tantam
250 541 363 581 inter
395 555 467 580 eos
500 539 806 580 dissensionem
835 540 1079 595 agnovisse,
1103 545 1158 587 et,
1183 538 1300 594 quod
1322 538 1505 594 gravius

52 618 129 659 est,
152 613 311 653 multos
332 612 475 668 palam
499 612 774 667 significasse,
798 611 910 652 nolle
943 626 986 651 se
1016 610 1222 666 loquendi
1254 610 1502 651 libertatem

51 685 95 725 in
118 684 325 731 Concilio,
349 700 446 725 cum
479 699 522 724 se
555 683 609 724 ad
641 685 776 739 Papae
812 684 1085 725 voluntatem
1118 683 1310 724 consulto
1344 683 1504 723 retule-

50 758 162 808 rint3
205 758 375 813 pridem
415 758 470 799 ad
509 773 552 798 se
596 758 700 798 Illum
736 757 794 798 D.
831 758 1095 813 Prosperum
1141 758 1371 799 Oratorem
1413 771 1504 797 suae

52 831 298 888 Majestatis
327 832 448 887 apud
482 832 808 872 Sanctissimum
857 846 908 872 ex
942 833 1052 873 urbe
1083 833 1304 888 scripsisse
1339 832 1504 872 Sancti-

52 911 183 946 tatem
205 920 326 946 suam
359 904 404 946 id
434 906 607 946 omnino
633 905 826 960 profiteri
860 920 903 945 se
937 907 1083 946 omnia
1105 905 1290 946 Concilii
1323 905 1506 947 arbitrio

50 978 287 1033 reliquisse.
351 977 672 1018 Abstinendum
710 978 848 1033 igitur
883 978 938 1018 ab
974 977 1039 1018 his
1070 993 1175 1026 esse,
1209 993 1261 1019 ne
1297 985 1342 1019 et
1374 978 1505 1033 Papae

52 1051 336 1102 voluntatem,
358 1060 401 1092 et
424 1051 584 1107 Synodi
607 1050 736 1091 simul
764 1050 1071 1091 authoritatem
1095 1050 1328 1091 offendant.
1393 1051 1505 1101 Quae

52 1125 187 1165 verba
221 1140 319 1165 cum
355 1140 379 1165 a
413 1125 634 1165 nonnullis
678 1125 839 1179 aegrius
882 1123 970 1165 lata
1011 1132 1168 1172 essent,
1207 1124 1324 1180 quod
1361 1131 1505 1165 musto

51 1197 201 1253 plenos
231 1212 274 1238 se
304 1205 477 1238 vocatos
513 1203 748 1241 senserant,
782 1197 1046 1237 occasionem
1072 1196 1325 1251 Caprulano
1358 1203 1401 1237 et
1432 1196 1499 1237 Li-

22 1270 181 1311 -ciensi
216 1271 517 1325 praebuerunt,
552 1277 612 1317 ut,
648 1284 742 1310 cum
776 1270 1010 1310 sententias
1042 1284 1141 1309 suas
1173 1268 1376 1315 dicerent,
1402 1269 1503 1309 Pra-

53 1358 228 1400 gensem
265 1343 495 1384 honorifice
531 1343 705 1398 quidem
744 1341 1077 1397 appellaverint,
1112 1348 1302 1382 attamen
1340 1342 1505 1383 modes-

51 1417 201 1458 tiorem
235 1424 278 1458 et
300 1417 474 1473 Synodo
507 1417 738 1472 gratiorem
763 1416 819 1456 ab
842 1431 891 1456 eo
912 1416 1147 1456 orationem
1170 1431 1214 1456 se
1237 1415 1505 1456 desiderasse

52 1490 326 1532 ostenderint.
390 1489 548 1540 Quoad
571 1488 755 1529 Concilii
777 1503 879 1529 vero
903 1489 1147 1529 libertatem
1172 1488 1504 1544 responderunt,

52 1563 219 1619 optima
254 1563 418 1604 ratione
455 1562 623 1617 aliquot
659 1577 712 1602 ex
754 1561 968 1616 patribus,
1006 1561 1060 1601 ad
1097 1560 1423 1601 Sanctissimum
1461 1576 1505 1601 se

50 1636 261 1691 rejecisse,
284 1650 380 1676 cum
403 1650 486 1675 non
510 1635 613 1675 satis
635 1635 747 1674 inter
769 1648 812 1673 se
834 1648 982 1673 omnes
1005 1633 1327 1673 consensissent.

111 1707 223 1748 Haee
256 1708 427 1748 interim
455 1707 508 1747 de
537 1706 799 1754 residentia3
832 1720 929 1745 nam
953 1705 1006 1745 de
1029 1705 1126 1744 aliis
1148 1704 1503 1745 reformationum

54 1781 270 1836 capitibus
292 1795 387 1835 quae
409 1786 592 1820 tractata
614 1780 804 1825 fuerunt,
828 1793 924 1818 cum
948 1777 1052 1817 nihil
1076 1776 1129 1817 de
1150 1776 1216 1817 his
1237 1792 1351 1817 nune
1374 1777 1506 1818 fuerit

53 1854 349 1900 constitutum,
373 1852 448 1893 sed
478 1852 622 1892 onmia
656 1852 699 1891 in
735 1851 862 1890 aliam
899 1850 1129 1890 sessionem
1164 1853 1338 1904 rejecta,
1360 1863 1410 1889 ea
1430 1864 1506 1890 nos

53 1926 145 1966 loco
167 1940 244 1966 suo
266 1926 412 1981 aptius
433 1924 764 1965 recensebimus.

113 1999 232 2040 Inter
253 1998 344 2039 haec
364 1998 448 2038 fuit
475 1998 529 2038 ab
555 1997 778 2052 Aliphano
810 1996 941 2036 etiam
973 1994 1083 2035 illud
1116 1995 1367 2050 repetitum,
1390 1993 1506 2049 quod

55 2073 161 2113 alias
176 2071 646 2127 Quinqueecclcsiensis
661 2068 883 2125 Synodum
904 2068 1262 2123 1·0gaverat‚viz.‚
1280 2074 1330 2108 ut
1349 2067 1507 2108 Sancta

57 2145 256 2202 Synodus
294 2151 476 2191 curaret,
500 2144 754 2198 Principum
797 2141 1147 2181 Christianorum
1190 2139 1504 2181 authoritatem

55 2217 99 2259 in
135 2219 321 2274 gratiam
354 2232 504 2258 eorum
537 2217 854 2272 Episcoporum
888 2213 1119 2269 interponi,
1153 2213 1229 2267 qui
1267 2213 1430 2269 captivi
1462 2215 1505 2254 in

57 2290 240 2331 vinculis
263 2306 288 2331 a
308 2291 481 2347 Regina
505 2290 678 2345 Angli-rc
711 2289 969 2329 detinentur.
1034 2286 1106 2326 Ad
1128 2285 1218 2325 haee
1240 2285 1376 2341 legati
1408 2301 1504 2327 cum

55 2363 388 2419 respondissent,
410 2372 585 2418 paratos
613 2378 656 2402 se
681 2361 855 2416 quidem
880 2375 983 2408 csse,
1005 2358 1168 2413 quibus
1202 2358 1367 2412 possint
1394 2373 1505 2398 com-

56 2436 194 2477 modis
221 2452 293 2477 eos
310 2441 498 2492 juvare3
531 2434 771 2476 cavendum
795 2441 940 2474 tamen
966 2446 1019 2471 ne
1054 2430 1170 2486 quod
1190 2430 1292 2470 olim
1315 2429 1507 2470 Roffensi

58 2507 223 2556 accidit,
262 2507 329 2549 his
367 2508 513 2548 officiis
559 2508 714 2563 magis,
755 2506 798 2546 in
840 2519 987 2546 eorum
1031 2501 1279 2558 perniciem,
1322 2501 1506 2557 Reginae

58 2581 202 2622 odium
237 2589 372 2636 atque
406 2581 614 2636 impietas
647 2580 876 2620 excitetur.
942 2576 1156 2617 Mandant
1189 2573 1345 2614 deinde
1372 2575 1506 2625 Quin-

59 2655 401 2711 queecclesiensi‚
424 2653 687 2709 Asalihensi,
721 2651 939 2695 Jadrensi,
973 2657 1016 2690 et
1049 2647 1285 2704 AliphanO,
1310 2655 1359 2688 ut
1401 2649 1506 2704 quid

59 2727 102 2768 in
123 2743 268 2769 eorum
290 2742 379 2768 rem
403 2727 605 2767 futurum
638 2725 694 2765 sit
727 2723 995 2765 consulatur,
1021 2737 1066 2762 ac
1100 2720 1154 2761 ad
1186 2719 1358 2775 legatos
1390 2720 1507 2776 ipsos

50 2799 271 2849 ,referant3
304 2800 379 2855 qui
411 2799 561 2854 paucis
592 2797 747 2838 diebus
782 2795 1032 2849 interjectis,
1066 2808 1110 2833 re
1144 2799 1235 2833 tota
1268 2791 1508 2847 prudenter
