<?xml version="1.0" encoding="UTF-8"?>
<!DOCTYPE html PUBLIC "-//W3C//DTD XHTML 1.0 Transitional//EN"
    "http://www.w3.org/TR/xhtml1/DTD/xhtml1-transitional.dtd">
<html xmlns="http://www.w3.org/1999/xhtml" xml:lang="en" lang="en">
 <head>
  <title>
</title>
<meta http-equiv="Content-Type" content="text/html;charset=utf-8" />
  <meta name='ocr-system' content='tesseract 3.04.00' />
  <meta name='ocr-capabilities' content='ocr_page ocr_carea ocr_par ocr_line ocrx_word'/>
</head>
<body>
  <div class='ocr_page' id='page_1' title='image "actaconciliitrid00paleuoft_0717.png"; bbox 0 0 1905 3254; ppageno 0'>
   <div class='ocr_carea' id='block_1_1' title="bbox 697 240 1531 282">
    <p class='ocr_par' dir='ltr' id='par_1_1' title="bbox 697 240 1531 282">
     <span class='ocr_line' id='line_1_1' title="bbox 697 240 1531 282; baseline -0.001 -2"><span class='ocrx_word' id='word_1_1' title='bbox 697 250 810 282; x_wconf 84' lang='lat' dir='ltr'>SESS.</span> <span class='ocrx_word' id='word_1_2' title='bbox 836 250 913 280; x_wconf 58' lang='lat' dir='ltr'>vn.</span> <span class='ocrx_word' id='word_1_3' title='bbox 1456 240 1531 280; x_wconf 76' lang='lat'>:521</span> 
     </span>
    </p>
   </div>
   <div class='ocr_carea' id='block_1_2' title="bbox 77 351 1542 1579">
    <p class='ocr_par' dir='ltr' id='par_1_2' title="bbox 77 351 1542 1579">
     <span class='ocr_line' id='line_1_2' title="bbox 79 351 1535 412; baseline 0.002 -17"><span class='ocrx_word' id='word_1_4' title='bbox 79 352 227 395; x_wconf 87' lang='lat' dir='ltr'>Tertio</span> <span class='ocrx_word' id='word_1_5' title='bbox 249 367 274 392; x_wconf 86' lang='lat' dir='ltr'>a</span> <span class='ocrx_word' id='word_1_6' title='bbox 294 351 470 393; x_wconf 82' lang='lat' dir='ltr'>delectis</span> <span class='ocrx_word' id='word_1_7' title='bbox 493 353 549 393; x_wconf 89' lang='lat' dir='ltr'>ab</span> <span class='ocrx_word' id='word_1_8' title='bbox 571 368 621 394; x_wconf 93' lang='lat' dir='ltr'>eo</span> <span class='ocrx_word' id='word_1_9' title='bbox 649 354 860 395; x_wconf 84' lang='lat' dir='ltr'>Patribus</span> <span class='ocrx_word' id='word_1_10' title='bbox 895 355 1191 410; x_wconf 84' lang='lat' dir='ltr'>compositam,</span> <span class='ocrx_word' id='word_1_11' title='bbox 1228 371 1328 412; x_wconf 86' lang='lat' dir='ltr'>quae</span> <span class='ocrx_word' id='word_1_12' title='bbox 1363 356 1419 397; x_wconf 88' lang='lat' dir='ltr'>ad</span> <span class='ocrx_word' id='word_1_13' title='bbox 1451 357 1535 398; x_wconf 89' lang='lat' dir='ltr'>dis-</span> 
     </span>
     <span class='ocr_line' id='line_1_3' title="bbox 77 425 1535 486; baseline 0.004 -21"><span class='ocrx_word' id='word_1_14' title='bbox 77 425 347 482; x_wconf 88' lang='lat' dir='ltr'>pensationes</span> <span class='ocrx_word' id='word_1_15' title='bbox 382 431 424 466; x_wconf 88' lang='lat' dir='ltr'>et</span> <span class='ocrx_word' id='word_1_16' title='bbox 457 427 754 482; x_wconf 81' lang='lat' dir='ltr'>exemptiones</span> <span class='ocrx_word' id='word_1_17' title='bbox 790 429 996 483; x_wconf 79' lang='lat' dir='ltr'>pertinet,</span> <span class='ocrx_word' id='word_1_18' title='bbox 1042 429 1189 484; x_wconf 85' lang='lat' dir='ltr'>palam</span> <span class='ocrx_word' id='word_1_19' title='bbox 1227 429 1354 486; x_wconf 85' lang='lat' dir='ltr'>legit.</span> <span class='ocrx_word' id='word_1_20' title='bbox 1416 431 1535 471; x_wconf 92' lang='lat' dir='ltr'>Tum</span> 
     </span>
     <span class='ocr_line' id='line_1_4' title="bbox 77 498 1535 557; baseline 0.002 -16"><span class='ocrx_word' id='word_1_21' title='bbox 77 499 369 541; x_wconf 83' lang='lat' dir='ltr'>consecrandis</span> <span class='ocrx_word' id='word_1_22' title='bbox 403 498 637 555; x_wconf 88' lang='lat' dir='ltr'>Episcopis</span> <span class='ocrx_word' id='word_1_23' title='bbox 668 514 754 540; x_wconf 94' lang='lat' dir='ltr'>non</span> <span class='ocrx_word' id='word_1_24' title='bbox 789 515 881 542; x_wconf 85' lang='lat' dir='ltr'>esse</span> <span class='ocrx_word' id='word_1_25' title='bbox 914 506 1092 556; x_wconf 88' lang='lat' dir='ltr'>tempus</span> <span class='ocrx_word' id='word_1_26' title='bbox 1124 502 1446 557; x_wconf 83' lang='lat' dir='ltr'>prorogandum</span> <span class='ocrx_word' id='word_1_27' title='bbox 1470 518 1535 544; x_wconf 72' lang='lat' dir='ltr'>re⁴</span> 
     </span>
     <span class='ocr_line' id='line_1_5' title="bbox 78 571 1538 628; baseline 0.002 -15"><span class='ocrx_word' id='word_1_28' title='bbox 78 571 262 628; x_wconf 87' lang='lat' dir='ltr'>spondit,</span> <span class='ocrx_word' id='word_1_29' title='bbox 296 572 422 612; x_wconf 90' lang='lat' dir='ltr'>sicuti</span> <span class='ocrx_word' id='word_1_30' title='bbox 454 587 531 613; x_wconf 87' lang='lat' dir='ltr'>nec</span> <span class='ocrx_word' id='word_1_31' title='bbox 557 572 873 613; x_wconf 85' lang='lat' dir='ltr'>Cardinalibus</span> <span class='ocrx_word' id='word_1_32' title='bbox 896 572 1105 613; x_wconf 86' lang='lat' dir='ltr'>Diaconis</span> <span class='ocrx_word' id='word_1_33' title='bbox 1129 573 1424 615; x_wconf 83' lang='lat' dir='ltr'>Commendas</span> <span class='ocrx_word' id='word_1_34' title='bbox 1446 591 1538 616; x_wconf 85' lang='lat' dir='ltr'>esse</span> 
     </span>
     <span class='ocr_line' id='line_1_6' title="bbox 78 644 1537 701; baseline 0.002 -17"><span class='ocrx_word' id='word_1_35' title='bbox 78 644 404 701; x_wconf 80' lang='lat' dir='ltr'>permittendas,</span> <span class='ocrx_word' id='word_1_36' title='bbox 440 659 537 685; x_wconf 89' lang='lat' dir='ltr'>cum</span> <span class='ocrx_word' id='word_1_37' title='bbox 570 645 668 685; x_wconf 84' lang='lat' dir='ltr'>hine</span> <span class='ocrx_word' id='word_1_38' title='bbox 710 644 924 685; x_wconf 73' lang='lat' dir='ltr'>Haeretici</span> <span class='ocrx_word' id='word_1_39' title='bbox 967 645 1073 686; x_wconf 83' lang='lat' dir='ltr'>alios</span> <span class='ocrx_word' id='word_1_40' title='bbox 1115 646 1347 686; x_wconf 78' lang='lat' dir='ltr'>accusandi</span> <span class='ocrx_word' id='word_1_41' title='bbox 1389 662 1537 687; x_wconf 84' lang='lat' dir='ltr'>ansam</span> 
     </span>
     <span class='ocr_line' id='line_1_7' title="bbox 78 716 1540 772; baseline 0.001 -15"><span class='ocrx_word' id='word_1_42' title='bbox 78 716 298 772; x_wconf 86' lang='lat' dir='ltr'>arripiant.</span> <span class='ocrx_word' id='word_1_43' title='bbox 362 716 431 757; x_wconf 88' lang='lat' dir='ltr'>De</span> <span class='ocrx_word' id='word_1_44' title='bbox 450 716 762 757; x_wconf 86' lang='lat' dir='ltr'>Cardinalibus</span> <span class='ocrx_word' id='word_1_45' title='bbox 784 731 886 757; x_wconf 85' lang='lat' dir='ltr'>vero</span> <span class='ocrx_word' id='word_1_46' title='bbox 908 717 1181 772; x_wconf 66' lang='lat' dir='ltr'>Presbyteris</span> <span class='ocrx_word' id='word_1_47' title='bbox 1203 732 1287 758; x_wconf 90' lang='lat' dir='ltr'>non</span> <span class='ocrx_word' id='word_1_48' title='bbox 1311 717 1540 758; x_wconf 87' lang='lat' dir='ltr'>dissentire</span> 
     </span>
     <span class='ocr_line' id='line_1_8' title="bbox 78 789 1540 846; baseline -0.001 -14"><span class='ocrx_word' id='word_1_49' title='bbox 78 805 122 832; x_wconf 86' lang='lat' dir='ltr'>se</span> <span class='ocrx_word' id='word_1_50' title='bbox 143 789 267 836; x_wconf 80' lang='lat' dir='ltr'>dixit,</span> <span class='ocrx_word' id='word_1_51' title='bbox 290 805 378 845; x_wconf 92' lang='lat' dir='ltr'>quo</span> <span class='ocrx_word' id='word_1_52' title='bbox 399 790 543 830; x_wconf 91' lang='lat' dir='ltr'>minus</span> <span class='ocrx_word' id='word_1_53' title='bbox 564 790 775 846; x_wconf 87' lang='lat' dir='ltr'>Episcopi</span> <span class='ocrx_word' id='word_1_54' title='bbox 799 791 947 836; x_wconf 85' lang='lat' dir='ltr'>creari,</span> <span class='ocrx_word' id='word_1_55' title='bbox 971 796 1015 830; x_wconf 89' lang='lat' dir='ltr'>et</span> <span class='ocrx_word' id='word_1_56' title='bbox 1036 790 1246 831; x_wconf 87' lang='lat' dir='ltr'>Ecclesiis</span> <span class='ocrx_word' id='word_1_57' title='bbox 1272 791 1373 839; x_wconf 86' lang='lat' dir='ltr'>suis,</span> <span class='ocrx_word' id='word_1_58' title='bbox 1405 791 1486 831; x_wconf 92' lang='lat' dir='ltr'>nisi</span> <span class='ocrx_word' id='word_1_59' title='bbox 1516 807 1540 832; x_wconf 89' lang='lat' dir='ltr'>a</span> 
     </span>
     <span class='ocr_line' id='line_1_9' title="bbox 82 862 1541 918; baseline 0.001 -14"><span class='ocrx_word' id='word_1_60' title='bbox 82 863 258 904; x_wconf 90' lang='lat' dir='ltr'>Summo</span> <span class='ocrx_word' id='word_1_61' title='bbox 281 862 492 904; x_wconf 79' lang='lat' dir='ltr'>Pontificc</span> <span class='ocrx_word' id='word_1_62' title='bbox 527 864 708 911; x_wconf 84' lang='lat' dir='ltr'>avocati,</span> <span class='ocrx_word' id='word_1_63' title='bbox 742 863 908 918; x_wconf 83' lang='lat' dir='ltr'>possint</span> <span class='ocrx_word' id='word_1_64' title='bbox 936 864 1167 913; x_wconf 78' lang='lat' dir='ltr'>inservire3</span> <span class='ocrx_word' id='word_1_65' title='bbox 1191 864 1226 904; x_wconf 90' lang='lat' dir='ltr'>si</span> <span class='ocrx_word' id='word_1_66' title='bbox 1248 870 1393 905; x_wconf 84' lang='lat' dir='ltr'>tamen</span> <span class='ocrx_word' id='word_1_67' title='bbox 1415 864 1541 906; x_wconf 87' lang='lat' dir='ltr'>aliter</span> 
     </span>
     <span class='ocr_line' id='line_1_10' title="bbox 79 935 1540 993; baseline 0.002 -16"><span class='ocrx_word' id='word_1_68' title='bbox 79 937 236 977; x_wconf 84' lang='lat' dir='ltr'>Sancta</span> <span class='ocrx_word' id='word_1_69' title='bbox 259 935 461 991; x_wconf 69' lang='lat' dir='ltr'>Synodus</span> <span class='ocrx_word' id='word_1_70' title='bbox 483 937 680 983; x_wconf 80' lang='lat' dir='ltr'>senserit,</span> <span class='ocrx_word' id='word_1_71' title='bbox 716 952 813 992; x_wconf 83' lang='lat' dir='ltr'>ego,</span> <span class='ocrx_word' id='word_1_72' title='bbox 843 938 1001 993; x_wconf 89' lang='lat' dir='ltr'>inquit,</span> <span class='ocrx_word' id='word_1_73' title='bbox 1036 938 1115 992; x_wconf 89' lang='lat' dir='ltr'>qui</span> <span class='ocrx_word' id='word_1_74' title='bbox 1146 937 1353 993; x_wconf 83' lang='lat' dir='ltr'>indignus</span> <span class='ocrx_word' id='word_1_75' title='bbox 1387 938 1540 980; x_wconf 85' lang='lat' dir='ltr'>Cardi-</span> 
     </span>
     <span class='ocr_line' id='line_1_11' title="bbox 77 1008 1540 1066; baseline 0.002 -15"><span class='ocrx_word' id='word_1_76' title='bbox 77 1009 186 1051; x_wconf 89' lang='lat' dir='ltr'>nalis</span> <span class='ocrx_word' id='word_1_77' title='bbox 208 1024 302 1050; x_wconf 88' lang='lat' dir='ltr'>sum</span> <span class='ocrx_word' id='word_1_78' title='bbox 327 1016 368 1050; x_wconf 89' lang='lat' dir='ltr'>et</span> <span class='ocrx_word' id='word_1_79' title='bbox 393 1008 773 1066; x_wconf 79' lang='lat' dir='ltr'>Archiepiseopus,</span> <span class='ocrx_word' id='word_1_80' title='bbox 797 1010 832 1050; x_wconf 92' lang='lat' dir='ltr'>si</span> <span class='ocrx_word' id='word_1_81' title='bbox 854 1018 1053 1066; x_wconf 87' lang='lat' dir='ltr'>tempora</span> <span class='ocrx_word' id='word_1_82' title='bbox 1081 1010 1173 1052; x_wconf 80' lang='lat' dir='ltr'>haec</span> <span class='ocrx_word' id='word_1_83' title='bbox 1197 1012 1360 1053; x_wconf 80' lang='lat' dir='ltr'>Galliae</span> <span class='ocrx_word' id='word_1_84' title='bbox 1387 1014 1540 1054; x_wconf 91' lang='lat' dir='ltr'>turbu-</span> 
     </span>
     <span class='ocr_line' id='line_1_12' title="bbox 78 1084 1540 1141; baseline 0.003 -15"><span class='ocrx_word' id='word_1_85' title='bbox 78 1084 195 1126; x_wconf 85' lang='lat' dir='ltr'>lenta</span> <span class='ocrx_word' id='word_1_86' title='bbox 236 1091 507 1140; x_wconf 87' lang='lat' dir='ltr'>paterentur,</span> <span class='ocrx_word' id='word_1_87' title='bbox 550 1085 741 1127; x_wconf 88' lang='lat' dir='ltr'>libenter</span> <span class='ocrx_word' id='word_1_88' title='bbox 773 1101 905 1141; x_wconf 86' lang='lat' dir='ltr'>quam</span> <span class='ocrx_word' id='word_1_89' title='bbox 948 1087 1140 1140; x_wconf 86' lang='lat' dir='ltr'>primum</span> <span class='ocrx_word' id='word_1_90' title='bbox 1184 1087 1390 1128; x_wconf 72' lang='lat' dir='ltr'>Ecclesiae</span> <span class='ocrx_word' id='word_1_91' title='bbox 1432 1104 1540 1131; x_wconf 85' lang='lat' dir='ltr'>meae</span> 
     </span>
     <span class='ocr_line' id='line_1_13' title="bbox 78 1157 1539 1219; baseline 0.003 -19"><span class='ocrx_word' id='word_1_92' title='bbox 78 1157 228 1200; x_wconf 88' lang='lat' dir='ltr'>cedere</span> <span class='ocrx_word' id='word_1_93' title='bbox 260 1165 443 1214; x_wconf 90' lang='lat' dir='ltr'>paratus</span> <span class='ocrx_word' id='word_1_94' title='bbox 475 1173 625 1200; x_wconf 89' lang='lat' dir='ltr'>essem.</span> <span class='ocrx_word' id='word_1_95' title='bbox 688 1159 854 1200; x_wconf 84' lang='lat' dir='ltr'>Verum</span> <span class='ocrx_word' id='word_1_96' title='bbox 883 1175 978 1200; x_wconf 89' lang='lat' dir='ltr'>cum</span> <span class='ocrx_word' id='word_1_97' title='bbox 1002 1160 1045 1200; x_wconf 93' lang='lat' dir='ltr'>in</span> <span class='ocrx_word' id='word_1_98' title='bbox 1069 1162 1276 1216; x_wconf 73' lang='lat' dir='ltr'>praesenti</span> <span class='ocrx_word' id='word_1_99' title='bbox 1298 1177 1381 1202; x_wconf 92' lang='lat' dir='ltr'>non</span> <span class='ocrx_word' id='word_1_100' title='bbox 1405 1178 1539 1219; x_wconf 82' lang='lat' dir='ltr'>cxpe-</span> 
     </span>
     <span class='ocr_line' id='line_1_14' title="bbox 77 1231 1541 1289; baseline 0.002 -15"><span class='ocrx_word' id='word_1_101' title='bbox 77 1232 167 1274; x_wconf 84' lang='lat' dir='ltr'>diat</span> <span class='ocrx_word' id='word_1_102' title='bbox 198 1247 294 1273; x_wconf 90' lang='lat' dir='ltr'>cam</span> <span class='ocrx_word' id='word_1_103' title='bbox 326 1231 537 1279; x_wconf 86' lang='lat' dir='ltr'>descrere,</span> <span class='ocrx_word' id='word_1_104' title='bbox 577 1232 783 1288; x_wconf 87' lang='lat' dir='ltr'>profiteor</span> <span class='ocrx_word' id='word_1_105' title='bbox 819 1248 900 1275; x_wconf 80' lang='lat' dir='ltr'>ine.</span> <span class='ocrx_word' id='word_1_106' title='bbox 940 1233 1291 1289; x_wconf 82' lang='lat' dir='ltr'>quandocunque</span> <span class='ocrx_word' id='word_1_107' title='bbox 1330 1236 1541 1277; x_wconf 81' lang='lat' dir='ltr'>Patribus</span> 
     </span>
     <span class='ocr_line' id='line_1_15' title="bbox 77 1303 1538 1361; baseline 0.001 -16"><span class='ocrx_word' id='word_1_108' title='bbox 77 1303 273 1353; x_wconf 84' lang='lat' dir='ltr'>libuerit,</span> <span class='ocrx_word' id='word_1_109' title='bbox 310 1304 508 1361; x_wconf 86' lang='lat' dir='ltr'>galerum</span> <span class='ocrx_word' id='word_1_110' title='bbox 543 1319 820 1360; x_wconf 89' lang='lat' dir='ltr'>purpureum</span> <span class='ocrx_word' id='word_1_111' title='bbox 858 1305 936 1345; x_wconf 71' lang='lat' dir='ltr'>SmO</span> <span class='ocrx_word' id='word_1_112' title='bbox 965 1304 1009 1344; x_wconf 92' lang='lat' dir='ltr'>D</span> <span class='ocrx_word' id='word_1_113' title='bbox 1039 1305 1095 1345; x_wconf 92' lang='lat' dir='ltr'>N.</span> <span class='ocrx_word' id='word_1_114' title='bbox 1123 1320 1215 1346; x_wconf 87' lang='lat' dir='ltr'>esse</span> <span class='ocrx_word' id='word_1_115' title='bbox 1247 1305 1538 1348; x_wconf 86' lang='lat' dir='ltr'>dimissurum.</span> 
     </span>
     <span class='ocr_line' id='line_1_16' title="bbox 79 1375 1537 1427; baseline 0.001 -10"><span class='ocrx_word' id='word_1_116' title='bbox 79 1375 149 1417; x_wconf 89' lang='lat' dir='ltr'>De</span> <span class='ocrx_word' id='word_1_117' title='bbox 193 1377 436 1417; x_wconf 90' lang='lat' dir='ltr'>minoribus</span> <span class='ocrx_word' id='word_1_118' title='bbox 484 1375 725 1417; x_wconf 87' lang='lat' dir='ltr'>Ordinibus</span> <span class='ocrx_word' id='word_1_119' title='bbox 779 1392 883 1417; x_wconf 87' lang='lat' dir='ltr'>usus</span> <span class='ocrx_word' id='word_1_120' title='bbox 925 1377 1010 1417; x_wconf 85' lang='lat' dir='ltr'>fuit</span> <span class='ocrx_word' id='word_1_121' title='bbox 1049 1376 1294 1418; x_wconf 87' lang='lat' dir='ltr'>testimonio</span> <span class='ocrx_word' id='word_1_122' title='bbox 1335 1377 1384 1418; x_wconf 94' lang='lat' dir='ltr'>P.</span> <span class='ocrx_word' id='word_1_123' title='bbox 1422 1378 1537 1427; x_wconf 81' lang='lat' dir='ltr'>Sotc,</span> 
     </span>
     <span class='ocr_line' id='line_1_17' title="bbox 82 1449 1541 1506; baseline 0.001 -15"><span class='ocrx_word' id='word_1_124' title='bbox 82 1449 303 1505; x_wconf 89' lang='lat' dir='ltr'>Gropperi</span> <span class='ocrx_word' id='word_1_125' title='bbox 336 1450 549 1505; x_wconf 88' lang='lat' dir='ltr'>Episcopi</span> <span class='ocrx_word' id='word_1_126' title='bbox 585 1450 873 1506; x_wconf 74' lang='lat' dir='ltr'>segobiensis,</span> <span class='ocrx_word' id='word_1_127' title='bbox 909 1449 1038 1490; x_wconf 84' lang='lat' dir='ltr'>Card.</span> <span class='ocrx_word' id='word_1_128' title='bbox 1074 1450 1355 1498; x_wconf 79' lang='lat' dir='ltr'>Variniensis,</span> <span class='ocrx_word' id='word_1_129' title='bbox 1391 1458 1435 1492; x_wconf 88' lang='lat' dir='ltr'>et</span> <span class='ocrx_word' id='word_1_130' title='bbox 1459 1451 1541 1492; x_wconf 89' lang='lat' dir='ltr'>Ca-</span> 
     </span>
     <span class='ocr_line' id='line_1_18' title="bbox 78 1522 1542 1579; baseline 0.001 -15"><span class='ocrx_word' id='word_1_131' title='bbox 78 1522 159 1564; x_wconf 90' lang='lat' dir='ltr'>roli</span> <span class='ocrx_word' id='word_1_132' title='bbox 190 1522 242 1563; x_wconf 93' lang='lat' dir='ltr'>V.</span> <span class='ocrx_word' id='word_1_133' title='bbox 272 1523 314 1562; x_wconf 92' lang='lat' dir='ltr'>in</span> <span class='ocrx_word' id='word_1_134' title='bbox 347 1522 425 1563; x_wconf 88' lang='lat' dir='ltr'>lib.</span> <span class='ocrx_word' id='word_1_135' title='bbox 462 1522 658 1571; x_wconf 86' lang='lat' dir='ltr'>Interim,</span> <span class='ocrx_word' id='word_1_136' title='bbox 706 1530 769 1571; x_wconf 84' lang='lat' dir='ltr'>ut,</span> <span class='ocrx_word' id='word_1_137' title='bbox 807 1523 908 1571; x_wconf 85' lang='lat' dir='ltr'>scil.,</span> <span class='ocrx_word' id='word_1_138' title='bbox 943 1523 1132 1579; x_wconf 82' lang='lat' dir='ltr'>singulis</span> <span class='ocrx_word' id='word_1_139' title='bbox 1168 1538 1259 1564; x_wconf 85' lang='lat' dir='ltr'>suae</span> <span class='ocrx_word' id='word_1_140' title='bbox 1296 1524 1542 1566; x_wconf 75' lang='lat' dir='ltr'>functiones</span> 
     </span>
    </p>
   </div>
   <div class='ocr_carea' id='block_1_3' title="bbox 27 1590 1539 1650">
    <p class='ocr_par' dir='ltr' id='par_1_3' title="bbox 27 1590 1539 1650">
     <span class='ocr_line' id='line_1_19' title="bbox 27 1590 1539 1650; baseline 0.001 -14"><span class='ocrx_word' id='word_1_141' title='bbox 27 1590 32 1595; x_wconf 51' lang='lat'>⁸</span> <span class='ocrx_word' id='word_1_142' title='bbox 77 1596 382 1637; x_wconf 85' lang='lat' dir='ltr'>restituantur.</span> <span class='ocrx_word' id='word_1_143' title='bbox 456 1595 509 1636; x_wconf 91' lang='lat' dir='ltr'>In</span> <span class='ocrx_word' id='word_1_144' title='bbox 542 1596 728 1650; x_wconf 80' lang='lat' dir='ltr'>septimo</span> <span class='ocrx_word' id='word_1_145' title='bbox 769 1595 943 1636; x_wconf 85' lang='lat' dir='ltr'>decreto</span> <span class='ocrx_word' id='word_1_146' title='bbox 986 1596 1211 1636; x_wconf 81' lang='lat' dir='ltr'>annotavit</span> <span class='ocrx_word' id='word_1_147' title='bbox 1252 1595 1297 1636; x_wconf 90' lang='lat' dir='ltr'>id</span> <span class='ocrx_word' id='word_1_148' title='bbox 1338 1597 1539 1645; x_wconf 81' lang='lat' dir='ltr'>verbum,</span> 
     </span>
    </p>
   </div>
   <div class='ocr_carea' id='block_1_4' title="bbox 79 1668 1542 1872">
    <p class='ocr_par' dir='ltr' id='par_1_4' title="bbox 79 1668 1542 1872">
     <span class='ocr_line' id='line_1_20' title="bbox 81 1668 1538 1725; baseline 0.001 -15"><span class='ocrx_word' id='word_1_149' title='bbox 81 1669 289 1710; x_wconf 85' lang='lat' dir='ltr'>Canonici</span> <span class='ocrx_word' id='word_1_150' title='bbox 311 1669 522 1724; x_wconf 86' lang='lat' dir='ltr'>exempti,</span> <span class='ocrx_word' id='word_1_151' title='bbox 554 1683 607 1709; x_wconf 91' lang='lat' dir='ltr'>nc</span> <span class='ocrx_word' id='word_1_152' title='bbox 632 1668 866 1710; x_wconf 77' lang='lat' dir='ltr'>videantur</span> <span class='ocrx_word' id='word_1_153' title='bbox 887 1668 1086 1724; x_wconf 61' lang='lat' dir='ltr'>probata}</span> <span class='ocrx_word' id='word_1_154' title='bbox 1110 1670 1419 1725; x_wconf 85' lang='lat' dir='ltr'>exemptiones.</span> <span class='ocrx_word' id='word_1_155' title='bbox 1485 1671 1538 1712; x_wconf 94' lang='lat' dir='ltr'>In</span> 
     </span>
     <span class='ocr_line' id='line_1_21' title="bbox 80 1742 1539 1799; baseline 0 -15"><span class='ocrx_word' id='word_1_156' title='bbox 80 1743 120 1792; x_wconf 87' lang='lat'>9,</span> <span class='ocrx_word' id='word_1_157' title='bbox 133 1750 184 1784; x_wconf 91' lang='lat' dir='ltr'>ut</span> <span class='ocrx_word' id='word_1_158' title='bbox 205 1750 394 1799; x_wconf 86' lang='lat' dir='ltr'>ponatur</span> <span class='ocrx_word' id='word_1_159' title='bbox 417 1749 520 1784; x_wconf 85' lang='lat' dir='ltr'>aetas</span> <span class='ocrx_word' id='word_1_160' title='bbox 542 1757 751 1783; x_wconf 88' lang='lat' dir='ltr'>annorum</span> <span class='ocrx_word' id='word_1_161' title='bbox 772 1758 811 1783; x_wconf 80' lang='lat' dir='ltr'>x.</span> <span class='ocrx_word' id='word_1_162' title='bbox 858 1742 910 1783; x_wconf 93' lang='lat' dir='ltr'>In</span> <span class='ocrx_word' id='word_1_163' title='bbox 933 1744 997 1791; x_wconf 84' lang='lat'>10,</span> <span class='ocrx_word' id='word_1_164' title='bbox 1014 1750 1062 1784; x_wconf 92' lang='lat' dir='ltr'>ut</span> <span class='ocrx_word' id='word_1_165' title='bbox 1080 1742 1263 1783; x_wconf 89' lang='lat' dir='ltr'>tollatur</span> <span class='ocrx_word' id='word_1_166' title='bbox 1278 1743 1323 1783; x_wconf 92' lang='lat' dir='ltr'>id</span> <span class='ocrx_word' id='word_1_167' title='bbox 1340 1744 1539 1793; x_wconf 76' lang='lat' dir='ltr'>verbum,</span> 
     </span>
     <span class='ocr_line' id='line_1_22' title="bbox 79 1815 1542 1872; baseline 0.001 -16"><span class='ocrx_word' id='word_1_168' title='bbox 79 1815 244 1858; x_wconf 87' lang='lat' dir='ltr'>Divino</span> <span class='ocrx_word' id='word_1_169' title='bbox 268 1815 508 1864; x_wconf 83' lang='lat' dir='ltr'>Clemente,</span> <span class='ocrx_word' id='word_1_170' title='bbox 531 1831 616 1856; x_wconf 91' lang='lat' dir='ltr'>non</span> <span class='ocrx_word' id='word_1_171' title='bbox 639 1817 745 1872; x_wconf 86' lang='lat' dir='ltr'>quia</span> <span class='ocrx_word' id='word_1_172' title='bbox 768 1817 861 1871; x_wconf 82' lang='lat' dir='ltr'>ejus</span> <span class='ocrx_word' id='word_1_173' title='bbox 883 1815 1141 1857; x_wconf 87' lang='lat' dir='ltr'>authoritati</span> <span class='ocrx_word' id='word_1_174' title='bbox 1162 1831 1244 1857; x_wconf 92' lang='lat' dir='ltr'>non</span> <span class='ocrx_word' id='word_1_175' title='bbox 1266 1817 1451 1866; x_wconf 87' lang='lat' dir='ltr'>tribuat,</span> <span class='ocrx_word' id='word_1_176' title='bbox 1467 1817 1542 1858; x_wconf 89' lang='lat' dir='ltr'>sed</span> 
     </span>
    </p>
   </div>
   <div class='ocr_carea' id='block_1_5' title="bbox 66 1889 1539 1945">
    <p class='ocr_par' dir='ltr' id='par_1_5' title="bbox 66 1889 1539 1945">
     <span class='ocr_line' id='line_1_23' title="bbox 66 1889 1539 1945; baseline 0.001 -15"><span class='ocrx_word' id='word_1_177' title='bbox 66 1890 184 1945; x_wconf 87' lang='lat' dir='ltr'>-quia</span> <span class='ocrx_word' id='word_1_178' title='bbox 205 1890 249 1930; x_wconf 89' lang='lat' dir='ltr'>in</span> <span class='ocrx_word' id='word_1_179' title='bbox 284 1905 329 1931; x_wconf 90' lang='lat' dir='ltr'>re</span> <span class='ocrx_word' id='word_1_180' title='bbox 363 1897 453 1931; x_wconf 87' lang='lat' dir='ltr'>tam</span> <span class='ocrx_word' id='word_1_181' title='bbox 476 1889 565 1930; x_wconf 82' lang='lat' dir='ltr'>levi</span> <span class='ocrx_word' id='word_1_182' title='bbox 594 1904 679 1930; x_wconf 91' lang='lat' dir='ltr'>non</span> <span class='ocrx_word' id='word_1_183' title='bbox 702 1889 876 1930; x_wconf 83' lang='lat' dir='ltr'>videtur</span> <span class='ocrx_word' id='word_1_184' title='bbox 897 1890 1148 1930; x_wconf 84' lang='lat' dir='ltr'>necessaria.</span> <span class='ocrx_word' id='word_1_185' title='bbox 1214 1890 1266 1931; x_wconf 90' lang='lat' dir='ltr'>In</span> <span class='ocrx_word' id='word_1_186' title='bbox 1303 1892 1353 1932; x_wconf 78' lang='lat'>12</span> <span class='ocrx_word' id='word_1_187' title='bbox 1385 1906 1539 1932; x_wconf 85' lang='lat' dir='ltr'>caven-</span> 
     </span>
    </p>
   </div>
   <div class='ocr_carea' id='block_1_6' title="bbox 79 1962 1542 2606">
    <p class='ocr_par' dir='ltr' id='par_1_6' title="bbox 79 1962 1542 2606">
     <span class='ocr_line' id='line_1_24' title="bbox 79 1962 1541 2014; baseline 0.001 -10"><span class='ocrx_word' id='word_1_188' title='bbox 79 1962 195 2011; x_wconf 87' lang='lat' dir='ltr'>dum,</span> <span class='ocrx_word' id='word_1_189' title='bbox 219 1979 271 2005; x_wconf 91' lang='lat' dir='ltr'>ne</span> <span class='ocrx_word' id='word_1_190' title='bbox 291 1963 538 2004; x_wconf 88' lang='lat' dir='ltr'>Cardinalis</span> <span class='ocrx_word' id='word_1_191' title='bbox 561 1969 662 2003; x_wconf 88' lang='lat' dir='ltr'>ante</span> <span class='ocrx_word' id='word_1_192' title='bbox 681 1970 854 2003; x_wconf 76' lang='lat' dir='ltr'>aetatem</span> <span class='ocrx_word' id='word_1_193' title='bbox 877 1962 931 2002; x_wconf 83' lang='lat'>33</span> <span class='ocrx_word' id='word_1_194' title='bbox 950 1977 1174 2010; x_wconf 86' lang='lat' dir='ltr'>annorum,</span> <span class='ocrx_word' id='word_1_195' title='bbox 1200 1971 1275 2005; x_wconf 84' lang='lat' dir='ltr'>aut</span> <span class='ocrx_word' id='word_1_196' title='bbox 1295 1964 1447 2005; x_wconf 87' lang='lat' dir='ltr'>saltem</span> <span class='ocrx_word' id='word_1_197' title='bbox 1471 1965 1541 2014; x_wconf 82' lang='lat'>30,</span> 
     </span>
     <span class='ocr_line' id='line_1_25' title="bbox 82 2029 1541 2092; baseline 0.001 -14"><span class='ocrx_word' id='word_1_198' title='bbox 82 2029 295 2079; x_wconf 83' lang='lat' dir='ltr'>creentur.</span> <span class='ocrx_word' id='word_1_199' title='bbox 351 2037 403 2078; x_wconf 94' lang='lat' dir='ltr'>In</span> <span class='ocrx_word' id='word_1_200' title='bbox 426 2038 476 2078; x_wconf 88' lang='lat'>15</span> <span class='ocrx_word' id='word_1_201' title='bbox 497 2051 551 2078; x_wconf 90' lang='lat' dir='ltr'>ne</span> <span class='ocrx_word' id='word_1_202' title='bbox 570 2035 858 2092; x_wconf 83' lang='lat' dir='ltr'>prohibeatur</span> <span class='ocrx_word' id='word_1_203' title='bbox 881 2036 1092 2077; x_wconf 85' lang='lat' dir='ltr'>celebrari</span> <span class='ocrx_word' id='word_1_204' title='bbox 1113 2037 1255 2086; x_wconf 87' lang='lat' dir='ltr'>missa,</span> <span class='ocrx_word' id='word_1_205' title='bbox 1275 2038 1350 2078; x_wconf 88' lang='lat' dir='ltr'>scd</span> <span class='ocrx_word' id='word_1_206' title='bbox 1371 2045 1541 2079; x_wconf 89' lang='lat' dir='ltr'>tantum</span> 
     </span>
     <span class='ocr_line' id='line_1_26' title="bbox 82 2109 1541 2166; baseline 0.001 -15"><span class='ocrx_word' id='word_1_207' title='bbox 82 2109 401 2151; x_wconf 86' lang='lat' dir='ltr'>administratio</span> <span class='ocrx_word' id='word_1_208' title='bbox 425 2111 821 2151; x_wconf 81' lang='lat' dir='ltr'>sacramentorum.</span> <span class='ocrx_word' id='word_1_209' title='bbox 867 2109 1087 2150; x_wconf 89' lang='lat' dir='ltr'>Ultimum</span> <span class='ocrx_word' id='word_1_210' title='bbox 1108 2111 1394 2166; x_wconf 82' lang='lat' dir='ltr'>rejiciendum</span> <span class='ocrx_word' id='word_1_211' title='bbox 1417 2111 1541 2160; x_wconf 84' lang='lat' dir='ltr'>dixit,</span> 
     </span>
     <span class='ocr_line' id='line_1_27' title="bbox 83 2182 1541 2240; baseline 0.001 -16"><span class='ocrx_word' id='word_1_212' title='bbox 83 2183 186 2239; x_wconf 89' lang='lat' dir='ltr'>quia</span> <span class='ocrx_word' id='word_1_213' title='bbox 216 2199 301 2225; x_wconf 91' lang='lat' dir='ltr'>non</span> <span class='ocrx_word' id='word_1_214' title='bbox 329 2191 395 2226; x_wconf 87' lang='lat' dir='ltr'>est</span> <span class='ocrx_word' id='word_1_215' title='bbox 417 2183 483 2225; x_wconf 89' lang='lat' dir='ltr'>hic</span> <span class='ocrx_word' id='word_1_216' title='bbox 506 2183 640 2231; x_wconf 82' lang='lat' dir='ltr'>locus.</span> <span class='ocrx_word' id='word_1_217' title='bbox 673 2190 716 2224; x_wconf 89' lang='lat' dir='ltr'>et</span> <span class='ocrx_word' id='word_1_218' title='bbox 738 2182 984 2238; x_wconf 73' lang='lat' dir='ltr'>praecedere</span> <span class='ocrx_word' id='word_1_219' title='bbox 1007 2182 1140 2223; x_wconf 89' lang='lat' dir='ltr'>debet</span> <span class='ocrx_word' id='word_1_220' title='bbox 1160 2184 1412 2225; x_wconf 86' lang='lat' dir='ltr'>reformatio</span> <span class='ocrx_word' id='word_1_221' title='bbox 1433 2185 1541 2240; x_wconf 86' lang='lat' dir='ltr'>Epi-</span> 
     </span>
     <span class='ocr_line' id='line_1_28' title="bbox 80 2253 1542 2311; baseline 0.001 -16"><span class='ocrx_word' id='word_1_222' title='bbox 80 2269 321 2311; x_wconf 82' lang='lat' dir='ltr'>scoporum.</span> <span class='ocrx_word' id='word_1_223' title='bbox 384 2255 454 2297; x_wconf 89' lang='lat' dir='ltr'>De</span> <span class='ocrx_word' id='word_1_224' title='bbox 490 2256 730 2296; x_wconf 84' lang='lat' dir='ltr'>Seminario</span> <span class='ocrx_word' id='word_1_225' title='bbox 767 2253 1052 2302; x_wconf 78' lang='lat' dir='ltr'>Clcricoruin,</span> <span class='ocrx_word' id='word_1_226' title='bbox 1076 2254 1218 2295; x_wconf 89' lang='lat' dir='ltr'>multa</span> <span class='ocrx_word' id='word_1_227' title='bbox 1244 2255 1286 2295; x_wconf 88' lang='lat' dir='ltr'>in</span> <span class='ocrx_word' id='word_1_228' title='bbox 1316 2260 1410 2310; x_wconf 84' lang='lat' dir='ltr'>ejus</span> <span class='ocrx_word' id='word_1_229' title='bbox 1432 2271 1542 2296; x_wconf 81' lang='lat' dir='ltr'>eom-</span> 
     </span>
     <span class='ocr_line' id='line_1_29' title="bbox 82 2330 1542 2387; baseline 0.003 -18"><span class='ocrx_word' id='word_1_230' title='bbox 82 2330 399 2373; x_wconf 86' lang='lat' dir='ltr'>mendationcm</span> <span class='ocrx_word' id='word_1_231' title='bbox 431 2330 555 2379; x_wconf 83' lang='lat' dir='ltr'>dixit,</span> <span class='ocrx_word' id='word_1_232' title='bbox 583 2337 626 2372; x_wconf 90' lang='lat' dir='ltr'>ct</span> <span class='ocrx_word' id='word_1_233' title='bbox 659 2346 758 2387; x_wconf 79' lang='lat' dir='ltr'>quae</span> <span class='ocrx_word' id='word_1_234' title='bbox 790 2330 999 2371; x_wconf 79' lang='lat' dir='ltr'>Ecclesiae</span> <span class='ocrx_word' id='word_1_235' title='bbox 1023 2331 1078 2370; x_wconf 93' lang='lat' dir='ltr'>ob</span> <span class='ocrx_word' id='word_1_236' title='bbox 1101 2330 1358 2371; x_wconf 85' lang='lat' dir='ltr'>tenuitatem</span> <span class='ocrx_word' id='word_1_237' title='bbox 1380 2346 1542 2387; x_wconf 88' lang='lat' dir='ltr'>neque-</span> 
     </span>
     <span class='ocr_line' id='line_1_30' title="bbox 83 2403 1540 2461; baseline 0.002 -17"><span class='ocrx_word' id='word_1_238' title='bbox 83 2411 160 2445; x_wconf 89' lang='lat' dir='ltr'>unt</span> <span class='ocrx_word' id='word_1_239' title='bbox 190 2405 350 2446; x_wconf 89' lang='lat' dir='ltr'>multos</span> <span class='ocrx_word' id='word_1_240' title='bbox 379 2405 506 2450; x_wconf 82' lang='lat' dir='ltr'>alere,</span> <span class='ocrx_word' id='word_1_241' title='bbox 539 2405 657 2446; x_wconf 85' lang='lat' dir='ltr'>alant</span> <span class='ocrx_word' id='word_1_242' title='bbox 685 2405 924 2461; x_wconf 78' lang='lat' dir='ltr'>pauciores.</span> <span class='ocrx_word' id='word_1_243' title='bbox 954 2418 1030 2444; x_wconf 88' lang='lat' dir='ltr'>nec</span> <span class='ocrx_word' id='word_1_244' title='bbox 1053 2403 1237 2444; x_wconf 82' lang='lat' dir='ltr'>aliorum</span> <span class='ocrx_word' id='word_1_245' title='bbox 1260 2419 1540 2460; x_wconf 84' lang='lat' dir='ltr'>progressum</span> 
     </span>
     <span class='ocr_line' id='line_1_31' title="bbox 84 2476 1450 2534; baseline 0 -16"><span class='ocrx_word' id='word_1_246' title='bbox 84 2491 130 2518; x_wconf 84' lang='lat' dir='ltr'>ac</span> <span class='ocrx_word' id='word_1_247' title='bbox 151 2477 340 2520; x_wconf 86' lang='lat' dir='ltr'>fructum</span> <span class='ocrx_word' id='word_1_248' title='bbox 362 2477 604 2534; x_wconf 87' lang='lat' dir='ltr'>impediant</span> <span class='ocrx_word' id='word_1_249' title='bbox 626 2479 668 2519; x_wconf 92' lang='lat' dir='ltr'>in</span> <span class='ocrx_word' id='word_1_250' title='bbox 691 2485 778 2519; x_wconf 86' lang='lat' dir='ltr'>tam</span> <span class='ocrx_word' id='word_1_251' title='bbox 804 2477 1014 2533; x_wconf 80' lang='lat' dir='ltr'>praeclaro</span> <span class='ocrx_word' id='word_1_252' title='bbox 1036 2492 1083 2517; x_wconf 87' lang='lat' dir='ltr'>ac</span> <span class='ocrx_word' id='word_1_253' title='bbox 1105 2476 1285 2517; x_wconf 84' lang='lat' dir='ltr'>salutari</span> <span class='ocrx_word' id='word_1_254' title='bbox 1307 2491 1450 2532; x_wconf 87' lang='lat' dir='ltr'>opere.</span> 
     </span>
     <span class='ocr_line' id='line_1_32' title="bbox 139 2549 1540 2606; baseline 0.001 -14"><span class='ocrx_word' id='word_1_255' title='bbox 139 2549 388 2593; x_wconf 87' lang='lat' dir='ltr'>Cardinalis</span> <span class='ocrx_word' id='word_1_256' title='bbox 429 2549 722 2597; x_wconf 85' lang='lat' dir='ltr'>Madruccius,</span> <span class='ocrx_word' id='word_1_257' title='bbox 761 2550 902 2591; x_wconf 84' lang='lat' dir='ltr'>multa</span> <span class='ocrx_word' id='word_1_258' title='bbox 942 2550 985 2590; x_wconf 92' lang='lat' dir='ltr'>in</span> <span class='ocrx_word' id='word_1_259' title='bbox 1027 2550 1167 2606; x_wconf 85' lang='lat' dir='ltr'>primo</span> <span class='ocrx_word' id='word_1_260' title='bbox 1199 2549 1375 2592; x_wconf 88' lang='lat' dir='ltr'>decreto</span> <span class='ocrx_word' id='word_1_261' title='bbox 1411 2566 1540 2594; x_wconf 86' lang='lat' dir='ltr'>anno-</span> 
     </span>
    </p>
   </div>
   <div class='ocr_carea' id='block_1_7' title="bbox 82 2674 1543 2826">
    <p class='ocr_par' dir='ltr' id='par_1_7' title="bbox 82 2674 1543 2826">
     <span class='ocr_line' id='line_1_33' title="bbox 82 2674 1541 2719; baseline -0.001 -10"><span class='ocrx_word' id='word_1_262' title='bbox 82 2679 251 2719; x_wconf 71' lang='lat' dir='ltr'>attempted</span> <span class='ocrx_word' id='word_1_263' title='bbox 278 2683 308 2709; x_wconf 88' lang='lat' dir='ltr'>to</span> <span class='ocrx_word' id='word_1_264' title='bbox 334 2678 370 2709; x_wconf 88' lang='lat' dir='ltr'>be</span> <span class='ocrx_word' id='word_1_265' title='bbox 393 2683 436 2709; x_wconf 85' lang='lat' dir='ltr'>set</span> <span class='ocrx_word' id='word_1_266' title='bbox 459 2678 544 2708; x_wconf 73' lang='lat' dir='ltr'>aside</span> <span class='ocrx_word' id='word_1_267' title='bbox 561 2679 602 2718; x_wconf 90' lang='lat' dir='ltr'>by</span> <span class='ocrx_word' id='word_1_268' title='bbox 621 2678 746 2714; x_wconf 83' lang='lat' dir='ltr'>Quirini</span> <span class='ocrx_word' id='word_1_269' title='bbox 763 2678 825 2707; x_wconf 79' lang='lat' dir='ltr'>and</span> <span class='ocrx_word' id='word_1_270' title='bbox 844 2675 1045 2707; x_wconf 76' lang='lat' dir='ltr'>Mansi-the</span> <span class='ocrx_word' id='word_1_271' title='bbox 1062 2675 1152 2705; x_wconf 66' lang='lat' dir='ltr'>latter</span> <span class='ocrx_word' id='word_1_272' title='bbox 1170 2675 1200 2704; x_wconf 89' lang='lat' dir='ltr'>in</span> <span class='ocrx_word' id='word_1_273' title='bbox 1218 2674 1265 2704; x_wconf 78' lang='lat' dir='ltr'>his</span> <span class='ocrx_word' id='word_1_274' title='bbox 1279 2674 1397 2705; x_wconf 87' lang='lat' dir='ltr'>edition</span> <span class='ocrx_word' id='word_1_275' title='bbox 1414 2677 1450 2707; x_wconf 87' lang='lat' dir='ltr'>of</span> <span class='ocrx_word' id='word_1_276' title='bbox 1470 2676 1541 2709; x_wconf 75' lang='lat' dir='ltr'>Nat.</span> 
     </span>
     <span class='ocr_line' id='line_1_34' title="bbox 84 2727 1543 2770; baseline 0 -9"><span class='ocrx_word' id='word_1_277' title='bbox 84 2729 240 2762; x_wconf 80' lang='lat' dir='ltr'>Alexand.</span> <span class='ocrx_word' id='word_1_278' title='bbox 257 2732 335 2763; x_wconf 80' lang='lat' dir='ltr'>Hist.</span> <span class='ocrx_word' id='word_1_279' title='bbox 352 2733 428 2763; x_wconf 83' lang='lat' dir='ltr'>Ecc.</span> <span class='ocrx_word' id='word_1_280' title='bbox 478 2732 519 2762; x_wconf 89' lang='lat' dir='ltr'>Le</span> <span class='ocrx_word' id='word_1_281' title='bbox 535 2731 607 2761; x_wconf 76' lang='lat' dir='ltr'>Plat</span> <span class='ocrx_word' id='word_1_282' title='bbox 624 2731 678 2762; x_wconf 81' lang='lat' dir='ltr'>has</span> <span class='ocrx_word' id='word_1_283' title='bbox 694 2731 867 2761; x_wconf 76' lang='lat' dir='ltr'>Lorraine&#39;s</span> <span class='ocrx_word' id='word_1_284' title='bbox 887 2728 997 2770; x_wconf 83' lang='lat' dir='ltr'>speech</span> <span class='ocrx_word' id='word_1_285' title='bbox 1022 2733 1054 2759; x_wconf 80' lang='lat' dir='ltr'>at</span> <span class='ocrx_word' id='word_1_286' title='bbox 1077 2727 1193 2766; x_wconf 84' lang='lat' dir='ltr'>length,</span> <span class='ocrx_word' id='word_1_287' title='bbox 1213 2727 1310 2758; x_wconf 82' lang='lat' dir='ltr'>where</span> <span class='ocrx_word' id='word_1_288' title='bbox 1325 2727 1376 2759; x_wconf 77' lang='lat' dir='ltr'>the</span> <span class='ocrx_word' id='word_1_289' title='bbox 1392 2729 1543 2761; x_wconf 80' lang='lat' dir='ltr'>reference</span> 
     </span>
     <span class='ocr_line' id='line_1_35' title="bbox 83 2783 791 2826; baseline -0.001 -12"><span class='ocrx_word' id='word_1_290' title='bbox 83 2783 110 2815; x_wconf 72' lang='lat' dir='ltr'>is</span> <span class='ocrx_word' id='word_1_291' title='bbox 123 2784 240 2825; x_wconf 80' lang='lat' dir='ltr'>plainer</span> <span class='ocrx_word' id='word_1_292' title='bbox 255 2785 316 2816; x_wconf 84' lang='lat' dir='ltr'>and</span> <span class='ocrx_word' id='word_1_293' title='bbox 333 2785 449 2825; x_wconf 83' lang='lat' dir='ltr'>longer,</span> <span class='ocrx_word' id='word_1_294' title='bbox 468 2785 508 2815; x_wconf 80' lang='lat' dir='ltr'>vi.</span> <span class='ocrx_word' id='word_1_295' title='bbox 527 2796 580 2826; x_wconf 77' lang='lat' dir='ltr'>pp.</span> <span class='ocrx_word' id='word_1_296' title='bbox 597 2785 648 2822; x_wconf 74' lang='lat'>52,</span> <span class='ocrx_word' id='word_1_297' title='bbox 664 2790 691 2814; x_wconf 80' lang='lat' dir='ltr'>ct</span> <span class='ocrx_word' id='word_1_298' title='bbox 707 2795 791 2824; x_wconf 76' lang='lat' dir='ltr'>seqq.</span> 
     </span>
    </p>
   </div>
  </div>
 </body>
</html>
