1905 3254
0 1371 22 2903 ,,--,,,,.,-.----,,----,-.-,----.--------,..-,----7

680 231 790 264 sess
815 231 890 261 vn.
1429 218 1514 257 415

115 338 212 379 Hoc
233 336 404 379 decreto
425 336 555 385 edito,
578 351 674 377 cum
698 350 748 376 eo
769 341 964 390 tempore
997 333 1051 375 de
1083 342 1350 376 sacramento
1383 335 1511 376 Ordi-

56 412 121 454 nis
151 412 196 452 in
229 416 443 452 conventu
479 411 661 451 Patrum
696 415 916 465 ageretur,
953 423 1053 449 mox
1085 408 1331 450 Cardinalis
1351 409 1512 451 Lotha-

56 483 224 539 ringius
260 498 307 523 ac
341 483 462 524 Galli
497 482 708 538 Episcopi
739 481 1000 522 Tridentum
1037 482 1360 536 pervenissent3
1401 483 1511 524 mul-

57 555 199 610 tisque
220 554 458 608 interJectis
479 553 648 600 diebus,
673 560 909 608 antequam
933 552 986 592 de
1008 566 1059 592 eo
1082 552 1237 592 Patres
1258 553 1512 593 sententiam

55 634 324 684 rogarentur,
366 627 548 669 diversae
589 627 643 668 de
684 641 735 668 eo
771 633 865 667 tum
888 625 1168 681 Lotharingii
1202 631 1297 665 tum
1330 626 1512 666 aliorum

55 702 290 758 opiniones,
311 718 389 743 nec
410 701 730 743 contemnendae
751 700 807 741 ad
828 700 1023 755 Legatos
1052 698 1339 748 deferrentur,
1372 699 1513 740 visum

56 776 120 816 eis
141 775 226 816 fuit
247 775 503 830 priusquam
526 775 570 814 in
595 773 835 815 Consilium
858 773 1013 813 Patres
1034 772 1326 821 mitterentur,
1345 787 1391 813 re
1413 787 1510 813 cum

55 847 344 905 Lotharingio
377 864 424 890 ac
446 847 701 889 Madruccio
729 847 1059 895 communicata,
1091 846 1316 895 nonnulla,
1351 847 1513 902 quibus

54 928 378 978 repugnaturos
405 922 559 962 Patres
588 921 946 976 praesentiebant,
969 919 1200 960 immutare
1215 936 1226 968 3
1264 919 1395 975 quale
1430 919 1514 960 fuit

54 994 317 1050 principium
341 995 451 1035 illud
474 994 702 1035 obscurius
724 994 908 1049 loquens
928 992 980 1033 de
1002 1007 1076 1032 sex
1096 992 1332 1033 mensibus.
1381 992 1511 1041 Tum,

55 1073 104 1109 ut
136 1068 250 1109 inter
282 1083 432 1109 causas
465 1068 686 1115 absentiae,
711 1082 807 1107 cum
830 1066 927 1122 quis
949 1071 1130 1106 vocatur
1153 1079 1177 1104 a
1200 1065 1380 1105 Summo
1402 1064 1511 1105 Pon-

53 1141 177 1188 tifice,
200 1140 446 1189 adderetur,
467 1155 552 1180 non
574 1140 703 1195 longo
727 1146 935 1194 tempore,
959 1137 1013 1178 ad
1031 1136 1351 1178 excludendum
1374 1137 1513 1178 officia

54 1220 297 1270 perpetua:
331 1212 478 1253 adhaec
501 1218 550 1252 ut
573 1212 667 1252 aliae
691 1226 832 1251 causae
861 1210 1068 1250 absentiae
1093 1224 1171 1264 pro
1193 1209 1402 1249 Ecclesiae
1425 1210 1511 1250 uti-

53 1287 188 1334 litate,
225 1294 301 1328 aut
332 1286 514 1327 honesta
544 1285 631 1326 alia
657 1284 840 1331 ratione,
876 1282 930 1323 ad
951 1282 1166 1323 modicum
1189 1288 1380 1338 tempUS,
1404 1283 1513 1338 adji-

55 1366 271 1402 cerentur.
334 1360 572 1407 Praeterea,
610 1364 660 1399 ut
693 1355 966 1398 discedendi¹
1000 1356 1198 1404 facultas,
1222 1371 1307 1397 non
1329 1371 1354 1396 a
1375 1356 1513 1412 depu-

55 1434 157 1475 tatis
178 1449 203 1474 a
234 1434 382 1489 Papis,
416 1432 491 1474 scd
523 1448 548 1473 a
578 1433 703 1486 Papa
734 1432 841 1486 ipso,
873 1437 950 1471 aut
983 1444 1008 1470 a
1043 1430 1388 1485 Metropolitano
1422 1431 1514 1471 sive

54 1508 329 1564 suffraganeo
351 1507 591 1562 antiquiore
620 1511 868 1561 peteretur:
896 1503 980 1543 Illa
1003 1504 1134 1544 etiam
1159 1504 1308 1552 verba,
1331 1504 1373 1544 in
1396 1519 1513 1544 men-

56 1582 172 1623 sibus
195 1581 277 1621 sibi
300 1581 521 1628 concessis,
544 1579 717 1620 omnino
751 1577 1031 1625 tollerentur3
1067 1575 1436 1631 quemadmodum
1470 1583 1515 1617 et

57 1661 148 1697 tota
168 1654 245 1695 illa
266 1668 381 1710 pars,
406 1668 504 1708 quae
523 1657 597 1708 jus
621 1649 937 1707 quodammodo
967 1649 1167 1704 Regibus
1196 1649 1240 1688 in
1272 1649 1516 1704 Episcopos

58 1728 258 1770 absentes
280 1727 508 1768 deferebat
522 1743 532 1775 3
570 1725 646 1766 scd
676 1726 769 1780 ejus
801 1724 892 1764 loco
915 1723 1140 1778 Principes
1162 1729 1437 1778 rogarentur,
1459 1736 1513 1762 nc

57 1802 217 1844 clericis
241 1800 410 1841 onerosi
433 1805 585 1840 essent.
644 1799 714 1839 Sic
743 1805 786 1839 et
809 1798 895 1838 alia
920 1797 1127 1837 nonnulla
1158 1796 1340 1851 sparsim
1374 1810 1515 1836 emcn-

57 1874 184 1924 data3
207 1889 254 1915 ac
275 1873 498 1914 decretum
521 1873 565 1912 in
582 1871 702 1912 hanc.
719 1886 816 1926 quae
836 1870 1045 1924 sequitur,
1065 1869 1257 1917 formam,
1275 1868 1513 1916 redactum,

58 1947 350 2003 Patribusque
373 1945 715 1987 examinandum
740 1945 825 1985 suit
847 1943 1072 1984 traditum.

60 2084 316 2133 Decretum
356 2085 413 2130 de
454 2083 727 2130 Residentia
766 2091 871 2146 post
912 2081 1118 2144 primam
1157 2079 1414 2126 editionem
1451 2079 1518 2125 ita

122 2167 366 2214 redactum
425 2174 683 2229 antequam
731 2181 759 2210 a
808 2159 982 2210 Pribus
1033 2164 1081 2208 in
1129 2161 1517 2224 Congregatione

124 2249 493 2295 examinaretur.

118 2356 231 2399 Cum
264 2364 353 2398 tam
387 2357 535 2398 divino
569 2371 700 2412 quam
734 2355 925 2395 humano
956 2354 1068 2395 Jure
1108 2365 1254 2392 omnes
1290 2349 1520 2405 Praepositi

65 2427 193 2470 alicui
214 2430 385 2471 muneri
407 2430 659 2486 obligentur
682 2428 864 2469 reddere
882 2427 1093 2467 rationem
1116 2423 1395 2464 villicationis
1415 2438 1517 2470 suae,

63 2507 106 2542 et
125 2501 187 2542 illi
208 2502 348 2544 multo
371 2502 512 2558 magis
534 2507 771 2542 teneantur
796 2499 973 2545 astricti,
998 2497 1161 2553 quibus
1187 2502 1253 2536 est
1276 2495 1518 2536 animarum

65 2587 165 2616 cura
198 2576 438 2623 commissa,
476 2575 555 2630 qui
586 2574 710 2614 nulla
743 2572 1031 2613 aestimatione
1059 2576 1241 2625 possunt
1278 2568 1438 2609 damna
1466 2583 1519 2610 ex

64 2647 179 2689 mala
228 2648 602 2690 administratione
651 2648 807 2688 oborta
846 2644 1070 2692 resarcire,
1114 2642 1265 2683 multis
1314 2641 1518 2683 constitu-

647 2762 655 2780 ¹
684 2761 846 2799 Discendi,
863 2761 898 2791 M
905 2762 924 2791 S
931 2781 937 2789 .
