1905 3254
704 308 814 339 sess.
841 309 880 340 v.
1440 299 1519 341 157

64 408 141 451 hoe
172 410 317 467 ipsum
344 413 388 454 in
423 413 617 456 doctrina
649 415 807 456 clarius
839 416 1150 473 explicaretur,
1183 433 1329 475 neque
1364 435 1517 477 super-

63 491 177 526 esset
197 485 432 536 dubitatio,
454 503 565 529 neve
582 488 866 545 simpliciores
884 491 1029 532 verbis
1045 493 1326 548 generalibus
1345 495 1516 536 Sanctae

63 557 226 613 Synodi
265 559 609 616 implicarentur.
684 562 864 619 Adjeeit
896 564 1145 613 Ilm-densis,
1179 580 1223 605 sc
1264 568 1516 623 exemplum

61 630 279 672 Pontificii
302 633 527 689 privilegii
545 633 718 681 vidisse,
741 650 826 690 quo
850 636 1018 676 Graecis
1038 636 1116 677 hoc
1134 641 1208 692 jus
1224 639 1308 678 sub
1327 646 1516 696 utraque

59 704 202 759 specie
234 705 446 757 sumendi,
477 707 672 763 itemque
700 708 982 758 ministrandi,
1019 712 1373 761 communionem,
1416 729 1514 769 par-

60 777 173 818 vulis
208 779 470 821 conceditur.
533 781 607 822 Ad
643 781 751 830 haec,
788 798 832 823 se
865 783 1029 824 librum
1063 784 1105 824 in
1138 785 1335 827 Sacrario
1368 787 1515 828 Sancti

59 849 180 892 Petri
201 851 403 893 Vaticani
424 853 595 910 legisse,
624 859 750 911 eujus
771 855 931 896 author
957 856 1043 897 fuit
1064 857 1314 900 Deusdedit
1337 859 1480 901 Cardis
1502 864 1511 883 ¹

57 928 156 978 post
198 922 463 979 Gregorium
503 925 629 967 VIIm
671 943 783 969 anno
826 929 1133 979 MLXXXX,
1181 931 1259 972 ubi
1298 932 1410 973 libro
1452 934 1514 973 2⁶⁰

56 1001 204 1036 contra
251 996 543 1039 schismaticos
592 1006 636 1041 et
687 1001 950 1043 simoniacos
999 1004 1355 1046 consuetudinem
1405 1004 1512 1048 hanc

55 1068 169 1110 Eecae
199 1070 250 1110 iis
286 1072 560 1127 temporibus
594 1074 729 1116 fuisse
764 1082 1010 1124 attestatur,
1055 1086 1102 1119 ut
1138 1077 1381 1120 infantibus
1412 1088 1512 1137 post

55 1141 323 1197 baptismum
345 1145 492 1185 statim
514 1145 793 1189 Eucharistia
815 1164 911 1189 cum
934 1150 1033 1190 vino
1054 1150 1375 1195 infunderetur.

112 1213 383 1257 Vivariensis
414 1224 555 1272 optat,
588 1234 642 1260 ne
670 1220 714 1260 in
737 1220 949 1261 Doctrina
971 1222 1065 1263 ulla
1086 1223 1210 1264 fieret
1231 1226 1392 1266 mentio
1414 1241 1509 1282 cap.

54 1286 146 1328 VIti
173 1287 371 1338 Joannis,
393 1290 447 1331 de
470 1306 557 1347 quo
584 1308 746 1349 magna
776 1301 869 1335 erat
905 1295 1020 1336 inter
1053 1296 1206 1337 Patres
1233 1297 1508 1354 disceptatio,

54 1360 250 1416 quinimo
270 1363 401 1404 nullis
423 1363 466 1405 in
488 1366 751 1407 eontrarium
775 1366 1128 1416 authoritatibus,
1162 1377 1242 1411 aut
1263 1372 1510 1414 rationibus

51 1434 398 1490 responderetur,
433 1439 640 1493 quoniam
674 1444 860 1496 majores
891 1441 933 1481 in
968 1441 1061 1483 dies
1096 1442 1394 1486 dubitationes
1427 1447 1508 1487 ori-

51 1514 215 1557 rentur,
252 1509 326 1551 sed
359 1517 531 1552 tantum
573 1527 686 1568 pura
721 1515 998 1571 simplexque
1040 1516 1237 1559 doctrina
1272 1519 1315 1560 in
1350 1527 1508 1576 quarto

52 1577 242 1628 Canone,
286 1582 355 1623 uti
393 1582 447 1624 de
489 1584 781 1627 Parvulorum
822 1588 1121 1630 communione
1163 1590 1326 1646 agitur.
1391 1593 1508 1635 Satis

49 1667 154 1701 esse,
169 1668 253 1694 non
275 1656 477 1711 putabat,
496 1657 720 1714 Synodum
739 1659 958 1701 declarare
978 1663 1306 1704 Sacramentum
1328 1665 1507 1707 Eucha-

49 1726 186 1767 ristiae
209 1728 271 1768 eis
291 1730 580 1770 necessarium
602 1746 687 1771 non
710 1747 817 1780 esse,
846 1733 921 1774 sed
952 1749 1155 1790 expresse
1183 1737 1292 1777 illud
1321 1738 1382 1778 eis
1409 1754 1506 1795 pro-

49 1799 292 1842 hibendum
315 1802 503 1852 dicebat,
522 1818 618 1844 cum
640 1805 828 1846 rationes
849 1806 951 1854 illae,
975 1823 1028 1848 ex
1052 1809 1214 1863 quibus
1236 1825 1342 1851 usus
1362 1812 1507 1854 calicis

49 1872 224 1928 Populo
260 1874 346 1915 fuit
381 1875 629 1932 ademptus,
666 1877 798 1934 longe
831 1878 1048 1920 efficacius
1079 1881 1306 1933 suadeant,
1342 1885 1397 1925 ab
1428 1884 1506 1927 hoc

50 1945 328 1988 Sacramento
361 1948 576 1990 Parvulos
607 1965 698 1991 esse
726 1952 899 1993 omnino
922 1953 1141 1996 arcendos.
1205 1956 1421 2006 Quoniam
1442 1965 1504 1999 ta-

48 2033 146 2060 men
177 2035 231 2061 ex
266 2021 435 2062 Sanctis
466 2022 677 2080 Dionysio
711 2031 755 2066 et
778 2025 1015 2082 Cypriano,
1050 2034 1093 2068 et
1115 2027 1208 2068 aliis
1231 2029 1502 2081 authoribus,

50 2107 153 2134 usus
174 2093 243 2135 hic
263 2096 469 2150 parvulos
491 2098 840 2140 communicandi
863 2099 905 2139 in
922 2100 1119 2141 Ecclesia
1140 2101 1216 2142 diu
1243 2103 1503 2147 observatus

48 2165 180 2208 fuisse
200 2168 435 2225 colligitur,
468 2185 553 2211 non
576 2171 745 2226 placuit
766 2171 843 2213 hoc
867 2172 1164 2215 Anathematc
1186 2174 1403 2227 damnare,
1426 2180 1501 2221 sed

49 2252 233 2281 errorem
265 2241 391 2283 illum
429 2249 601 2284 tantum
634 2244 845 2293 refellere,
880 2246 914 2285 si
949 2246 1047 2301 quis
1074 2245 1152 2287 hoc
1176 2248 1500 2293 Sacramentum

48 2311 109 2354 eis
127 2316 413 2357 necessarium
436 2317 722 2359 existimaret.

104 2386 367 2431 Veronensis
399 2391 615 2446 triplicem
648 2392 847 2433 haeresim
881 2392 991 2433 eirca
1023 2408 1148 2434 usum
1185 2393 1318 2450 hujus
1353 2396 1500 2439 Sacra-

47 2462 181 2503 menti
209 2464 386 2514 retulit3
423 2480 611 2522 cumque
643 2465 812 2506 nullam
835 2480 983 2507 earum
1019 2482 1072 2508 ex
1105 2468 1338 2523 propositis
1369 2473 1500 2514 tertio

50 2531 222 2576 Canone
261 2550 516 2593 expugnare
552 2537 728 2587 diceret,
770 2546 1004 2595 propterea
1043 2540 1333 2582 contendebat
1368 2543 1498 2586 aliam

48 2605 226 2649 formam
251 2608 442 2651 Canonis
463 2611 804 2667 concipiendam.
870 2612 955 2653 His
983 2619 1026 2654 et
1060 2613 1169 2661 aliis,
1203 2616 1364 2670 partim
1402 2633 1499 2673 gra-

49 2679 174 2722 vibus
205 2684 366 2738 partim
402 2684 586 2732 levibus,
622 2686 826 2734 censuris,
863 2686 941 2727 ubi
975 2692 1067 2727 tota
1088 2686 1281 2728 doctrina
1302 2689 1498 2746 undiquc

93 2783 102 2804 ¹
126 2786 247 2818 Pallav.
265 2788 353 2827 xvii.‚
371 2789 424 2820 vii.
444 2789 491 2819 13.
539 2790 553 2819 1
578 2789 672 2821 make
695 2790 755 2822 this
778 2791 932 2822 reference
954 2801 987 2823 as
1006 2792 1018 2821 1
1036 2791 1098 2822 had
1122 2792 1264 2824 doubted
1280 2792 1330 2824 the
1345 2804 1499 2836 accuracy

48 2840 82 2870 of
91 2851 144 2881 my
161 2841 230 2873 MS.
