<?xml version="1.0" encoding="UTF-8"?>
<!DOCTYPE html PUBLIC "-//W3C//DTD XHTML 1.0 Transitional//EN"
    "http://www.w3.org/TR/xhtml1/DTD/xhtml1-transitional.dtd">
<html xmlns="http://www.w3.org/1999/xhtml" xml:lang="en" lang="en">
 <head>
  <title>
</title>
<meta http-equiv="Content-Type" content="text/html;charset=utf-8" />
  <meta name='ocr-system' content='tesseract 3.04.00' />
  <meta name='ocr-capabilities' content='ocr_page ocr_carea ocr_par ocr_line ocrx_word'/>
</head>
<body>
  <div class='ocr_page' id='page_1' title='image "actaconciliitrid00paleuoft_0448.png"; bbox 0 0 1905 3254; ppageno 0'>
   <div class='ocr_carea' id='block_1_1' title="bbox 365 322 1199 365">
    <p class='ocr_par' dir='ltr' id='par_1_1' title="bbox 365 322 1199 365">
     <span class='ocr_line' id='line_1_1' title="bbox 365 322 1199 365; baseline 0.001 -3"><span class='ocrx_word' id='word_1_1' title='bbox 365 322 448 363; x_wconf 85' lang='lat'>314</span> <span class='ocrx_word' id='word_1_2' title='bbox 986 334 1098 365; x_wconf 77' lang='lat' dir='ltr'><strong>SESS.</strong></span> <span class='ocrx_word' id='word_1_3' title='bbox 1123 335 1199 364; x_wconf 79' lang='lat' dir='ltr'>vu.</span> 
     </span>
    </p>
   </div>
   <div class='ocr_carea' id='block_1_2' title="bbox 364 439 1830 2736">
    <p class='ocr_par' dir='ltr' id='par_1_2' title="bbox 364 439 1826 1438">
     <span class='ocr_line' id='line_1_2' title="bbox 364 439 1817 498; baseline -0.001 -14"><span class='ocrx_word' id='word_1_4' title='bbox 364 442 498 484; x_wconf 91' lang='lat' dir='ltr'>rebus</span> <span class='ocrx_word' id='word_1_5' title='bbox 520 440 683 498; x_wconf 81' lang='lat' dir='ltr'>Synodi</span> <span class='ocrx_word' id='word_1_6' title='bbox 702 454 757 482; x_wconf 89' lang='lat' dir='ltr'>ex</span> <span class='ocrx_word' id='word_1_7' title='bbox 778 453 929 482; x_wconf 89' lang='lat' dir='ltr'>eorum</span> <span class='ocrx_word' id='word_1_8' title='bbox 949 439 1186 495; x_wconf 86' lang='lat' dir='ltr'>praesentia</span> <span class='ocrx_word' id='word_1_9' title='bbox 1219 453 1506 480; x_wconf 89' lang='lat' dir='ltr'>accessurum.</span> <span class='ocrx_word' id='word_1_10' title='bbox 1566 440 1634 481; x_wconf 87' lang='lat' dir='ltr'>Ac</span> <span class='ocrx_word' id='word_1_11' title='bbox 1667 445 1817 482; x_wconf 89' lang='lat' dir='ltr'>notum</span> 
     </span>
     <span class='ocr_line' id='line_1_3' title="bbox 365 511 1821 570; baseline -0.001 -15"><span class='ocrx_word' id='word_1_12' title='bbox 365 514 541 570; x_wconf 90' lang='lat' dir='ltr'>quidem</span> <span class='ocrx_word' id='word_1_13' title='bbox 573 514 775 555; x_wconf 89' lang='lat' dir='ltr'>omnibus</span> <span class='ocrx_word' id='word_1_14' title='bbox 807 528 911 562; x_wconf 89' lang='lat' dir='ltr'>esse,</span> <span class='ocrx_word' id='word_1_15' title='bbox 944 519 1160 569; x_wconf 88' lang='lat' dir='ltr'>quantum</span> <span class='ocrx_word' id='word_1_16' title='bbox 1194 512 1403 554; x_wconf 86' lang='lat' dir='ltr'>hactenus</span> <span class='ocrx_word' id='word_1_17' title='bbox 1435 513 1542 554; x_wconf 75' lang='lat' dir='ltr'>Illma</span> <span class='ocrx_word' id='word_1_18' title='bbox 1573 511 1631 553; x_wconf 90' lang='lat' dir='ltr'>D.</span> <span class='ocrx_word' id='word_1_19' title='bbox 1668 528 1747 554; x_wconf 91' lang='lat' dir='ltr'>sua</span> <span class='ocrx_word' id='word_1_20' title='bbox 1777 514 1821 554; x_wconf 92' lang='lat' dir='ltr'>in</span> 
     </span>
     <span class='ocr_line' id='line_1_4' title="bbox 367 585 1819 644; baseline -0.001 -16"><span class='ocrx_word' id='word_1_21' title='bbox 367 587 568 628; x_wconf 87' lang='lat' dir='ltr'>Consiliis</span> <span class='ocrx_word' id='word_1_22' title='bbox 583 588 768 644; x_wconf 61' lang='lat' dir='ltr'>Reginae</span> <span class='ocrx_word' id='word_1_23' title='bbox 788 587 952 636; x_wconf 90' lang='lat' dir='ltr'>matris,</span> <span class='ocrx_word' id='word_1_24' title='bbox 973 602 1020 628; x_wconf 85' lang='lat' dir='ltr'>ac</span> <span class='ocrx_word' id='word_1_25' title='bbox 1036 587 1148 627; x_wconf 91' lang='lat' dir='ltr'>inter</span> <span class='ocrx_word' id='word_1_26' title='bbox 1164 587 1368 627; x_wconf 88' lang='lat' dir='ltr'>Proceres</span> <span class='ocrx_word' id='word_1_27' title='bbox 1387 585 1547 642; x_wconf 82' lang='lat' dir='ltr'>Regni,</span> <span class='ocrx_word' id='word_1_28' title='bbox 1570 592 1665 627; x_wconf 89' lang='lat' dir='ltr'>tum</span> <span class='ocrx_word' id='word_1_29' title='bbox 1687 586 1819 627; x_wconf 85' lang='lat' dir='ltr'>etiam</span> 
     </span>
     <span class='ocr_line' id='line_1_5' title="bbox 364 658 1824 716; baseline -0.003 -13"><span class='ocrx_word' id='word_1_30' title='bbox 364 662 410 702; x_wconf 88' lang='lat' dir='ltr'>in</span> <span class='ocrx_word' id='word_1_31' title='bbox 453 661 746 702; x_wconf 89' lang='lat' dir='ltr'>Concionibus</span> <span class='ocrx_word' id='word_1_32' title='bbox 778 660 970 716; x_wconf 88' lang='lat' dir='ltr'>publicis</span> <span class='ocrx_word' id='word_1_33' title='bbox 1004 674 1088 699; x_wconf 90' lang='lat' dir='ltr'>non</span> <span class='ocrx_word' id='word_1_34' title='bbox 1120 659 1378 700; x_wconf 90' lang='lat' dir='ltr'>erubescens</span> <span class='ocrx_word' id='word_1_35' title='bbox 1418 658 1732 714; x_wconf 87' lang='lat' dir='ltr'>Evangelium,</span> <span class='ocrx_word' id='word_1_36' title='bbox 1772 664 1824 699; x_wconf 85' lang='lat' dir='ltr'>ut</span> 
     </span>
     <span class='ocr_line' id='line_1_6' title="bbox 366 730 1821 786; baseline -0.003 -12"><span class='ocrx_word' id='word_1_37' title='bbox 366 734 496 774; x_wconf 91' lang='lat' dir='ltr'>multi</span> <span class='ocrx_word' id='word_1_38' title='bbox 528 733 708 779; x_wconf 86' lang='lat' dir='ltr'>faciunt,</span> <span class='ocrx_word' id='word_1_39' title='bbox 743 732 950 773; x_wconf 78' lang='lat' dir='ltr'>Ecclesiae</span> <span class='ocrx_word' id='word_1_40' title='bbox 974 732 1062 772; x_wconf 89' lang='lat' dir='ltr'>Dei</span> <span class='ocrx_word' id='word_1_41' title='bbox 1083 731 1313 786; x_wconf 85' lang='lat' dir='ltr'><strong>profuerit,</strong></span> <span class='ocrx_word' id='word_1_42' title='bbox 1335 731 1577 786; x_wconf 90' lang='lat' dir='ltr'>itidemque</span> <span class='ocrx_word' id='word_1_43' title='bbox 1599 730 1821 771; x_wconf 84' lang='lat' dir='ltr'>clarissimi</span> 
     </span>
     <span class='ocr_line' id='line_1_7' title="bbox 367 801 1822 860; baseline -0.003 -14"><span class='ocrx_word' id='word_1_44' title='bbox 367 808 462 860; x_wconf 89' lang='lat' dir='ltr'>ejus</span> <span class='ocrx_word' id='word_1_45' title='bbox 484 805 637 845; x_wconf 87' lang='lat' dir='ltr'>fratres</span> <span class='ocrx_word' id='word_1_46' title='bbox 658 804 877 845; x_wconf 87' lang='lat' dir='ltr'>fortissimi</span> <span class='ocrx_word' id='word_1_47' title='bbox 899 803 993 850; x_wconf 87' lang='lat' dir='ltr'>viri,</span> <span class='ocrx_word' id='word_1_48' title='bbox 1016 802 1191 844; x_wconf 87' lang='lat' dir='ltr'>militari</span> <span class='ocrx_word' id='word_1_49' title='bbox 1212 818 1344 843; x_wconf 89' lang='lat' dir='ltr'>manu</span> <span class='ocrx_word' id='word_1_50' title='bbox 1366 802 1629 858; x_wconf 82' lang='lat' dir='ltr'>repellendis</span> <span class='ocrx_word' id='word_1_51' title='bbox 1649 801 1822 842; x_wconf 80' lang='lat' dir='ltr'>haereti-</span> 
     </span>
     <span class='ocr_line' id='line_1_8' title="bbox 367 873 1822 931; baseline -0.003 -13"><span class='ocrx_word' id='word_1_52' title='bbox 367 892 515 918; x_wconf 88' lang='lat' dir='ltr'>corum</span> <span class='ocrx_word' id='word_1_53' title='bbox 551 877 788 924; x_wconf 81' lang='lat' dir='ltr'>conatibus,</span> <span class='ocrx_word' id='word_1_54' title='bbox 825 890 957 931; x_wconf 89' lang='lat' dir='ltr'>quam</span> <span class='ocrx_word' id='word_1_55' title='bbox 991 881 1213 916; x_wconf 90' lang='lat' dir='ltr'>strenuam</span> <span class='ocrx_word' id='word_1_56' title='bbox 1249 874 1511 916; x_wconf 72' lang='lat' dir='ltr'>Christianae</span> <span class='ocrx_word' id='word_1_57' title='bbox 1546 873 1822 929; x_wconf 74' lang='lat' dir='ltr'>Reipublicae</span> 
     </span>
     <span class='ocr_line' id='line_1_9' title="bbox 366 946 1822 1006; baseline -0.003 -15"><span class='ocrx_word' id='word_1_58' title='bbox 366 965 541 1006; x_wconf 86' lang='lat' dir='ltr'>operam</span> <span class='ocrx_word' id='word_1_59' title='bbox 571 950 786 990; x_wconf 82' lang='lat' dir='ltr'>navarint.</span> <span class='ocrx_word' id='word_1_60' title='bbox 850 947 1047 1002; x_wconf 90' lang='lat' dir='ltr'>Ideoque</span> <span class='ocrx_word' id='word_1_61' title='bbox 1073 962 1158 988; x_wconf 93' lang='lat' dir='ltr'>non</span> <span class='ocrx_word' id='word_1_62' title='bbox 1179 948 1391 988; x_wconf 88' lang='lat' dir='ltr'>minorem</span> <span class='ocrx_word' id='word_1_63' title='bbox 1411 962 1525 987; x_wconf 88' lang='lat' dir='ltr'>nunc</span> <span class='ocrx_word' id='word_1_64' title='bbox 1548 961 1573 987; x_wconf 87' lang='lat' dir='ltr'>a</span> <span class='ocrx_word' id='word_1_65' title='bbox 1592 946 1822 1001; x_wconf 70' lang='lat' dir='ltr'>praestanti</span> 
     </span>
     <span class='ocr_line' id='line_1_10' title="bbox 367 1018 1822 1077; baseline -0.004 -13"><span class='ocrx_word' id='word_1_66' title='bbox 367 1023 558 1071; x_wconf 87' lang='lat' dir='ltr'>consilio,</span> <span class='ocrx_word' id='word_1_67' title='bbox 591 1021 914 1077; x_wconf 83' lang='lat' dir='ltr'>prudentiaque</span> <span class='ocrx_word' id='word_1_68' title='bbox 945 1034 1036 1067; x_wconf 90' lang='lat' dir='ltr'>sua,</span> <span class='ocrx_word' id='word_1_69' title='bbox 1073 1019 1153 1060; x_wconf 89' lang='lat' dir='ltr'>hoc</span> <span class='ocrx_word' id='word_1_70' title='bbox 1184 1019 1277 1060; x_wconf 92' lang='lat' dir='ltr'>loco</span> <span class='ocrx_word' id='word_1_71' title='bbox 1310 1019 1443 1060; x_wconf 89' lang='lat' dir='ltr'>rebus</span> <span class='ocrx_word' id='word_1_72' title='bbox 1477 1018 1668 1073; x_wconf 88' lang='lat' dir='ltr'>publicis</span> <span class='ocrx_word' id='word_1_73' title='bbox 1695 1033 1822 1074; x_wconf 91' lang='lat' dir='ltr'>opem</span> 
     </span>
     <span class='ocr_line' id='line_1_11' title="bbox 368 1090 1820 1150; baseline -0.005 -13"><span class='ocrx_word' id='word_1_74' title='bbox 368 1111 460 1137; x_wconf 87' lang='lat' dir='ltr'>esse</span> <span class='ocrx_word' id='word_1_75' title='bbox 496 1094 823 1150; x_wconf 82' lang='lat' dir='ltr'>expectandam.</span> <span class='ocrx_word' id='word_1_76' title='bbox 887 1092 974 1133; x_wconf 88' lang='lat' dir='ltr'>Sed</span> <span class='ocrx_word' id='word_1_77' title='bbox 1008 1106 1062 1133; x_wconf 90' lang='lat' dir='ltr'>ne</span> <span class='ocrx_word' id='word_1_78' title='bbox 1095 1091 1258 1140; x_wconf 82' lang='lat' dir='ltr'>videar,</span> <span class='ocrx_word' id='word_1_79' title='bbox 1294 1092 1449 1146; x_wconf 91' lang='lat' dir='ltr'>inquit,</span> <span class='ocrx_word' id='word_1_80' title='bbox 1486 1090 1820 1146; x_wconf 86' lang='lat' dir='ltr'>Archiepiscopi</span> 
     </span>
     <span class='ocr_line' id='line_1_12' title="bbox 368 1163 1826 1221; baseline -0.005 -12"><span class='ocrx_word' id='word_1_81' title='bbox 368 1168 594 1210; x_wconf 85' lang='lat' dir='ltr'>Jadrensis</span> <span class='ocrx_word' id='word_1_82' title='bbox 627 1172 774 1221; x_wconf 85' lang='lat' dir='ltr'>partes</span> <span class='ocrx_word' id='word_1_83' title='bbox 806 1164 1057 1220; x_wconf 69' lang='lat' dir='ltr'>praeripere,</span> <span class='ocrx_word' id='word_1_84' title='bbox 1089 1164 1217 1204; x_wconf 86' lang='lat' dir='ltr'>finem</span> <span class='ocrx_word' id='word_1_85' title='bbox 1250 1163 1420 1204; x_wconf 87' lang='lat' dir='ltr'>dicendi</span> <span class='ocrx_word' id='word_1_86' title='bbox 1452 1164 1618 1211; x_wconf 86' lang='lat' dir='ltr'>faciam,</span> <span class='ocrx_word' id='word_1_87' title='bbox 1652 1177 1749 1203; x_wconf 88' lang='lat' dir='ltr'>cum</span> <span class='ocrx_word' id='word_1_88' title='bbox 1770 1176 1826 1202; x_wconf 88' lang='lat' dir='ltr'>ex</span> 
     </span>
     <span class='ocr_line' id='line_1_13' title="bbox 368 1234 1825 1280; baseline -0.004 0"><span class='ocrx_word' id='word_1_89' title='bbox 368 1241 557 1280; x_wconf 80' lang='lat' dir='ltr'>maximo</span> <span class='ocrx_word' id='word_1_90' title='bbox 578 1239 795 1279; x_wconf 88' lang='lat' dir='ltr'>virtutum</span> <span class='ocrx_word' id='word_1_91' title='bbox 819 1236 932 1277; x_wconf 67' lang='grc' dir='ltr'>ΙΙΡ118ξέ</span> <span class='ocrx_word' id='word_1_92' title='bbox 958 1235 1015 1275; x_wconf 93' lang='lat' dir='ltr'>D.</span> <span class='ocrx_word' id='word_1_93' title='bbox 1041 1242 1195 1277; x_wconf 62' lang='lat' dir='ltr'>vestrae</span> <span class='ocrx_word' id='word_1_94' title='bbox 1217 1236 1391 1276; x_wconf 89' lang='lat' dir='ltr'>cumulo</span> <span class='ocrx_word' id='word_1_95' title='bbox 1410 1235 1504 1276; x_wconf 85' lang='lat' dir='ltr'>haec</span> <span class='ocrx_word' id='word_1_96' title='bbox 1524 1241 1697 1276; x_wconf 89' lang='lat' dir='ltr'>tantum</span> <span class='ocrx_word' id='word_1_97' title='bbox 1730 1234 1825 1275; x_wconf 90' lang='lat' dir='ltr'>bre-</span> 
     </span>
     <span class='ocr_line' id='line_1_14' title="bbox 369 1308 1825 1366; baseline -0.003 -13"><span class='ocrx_word' id='word_1_98' title='bbox 369 1313 482 1353; x_wconf 87' lang='lat' dir='ltr'>viter</span> <span class='ocrx_word' id='word_1_99' title='bbox 517 1312 782 1366; x_wconf 83' lang='lat' dir='ltr'>excerpsisse</span> <span class='ocrx_word' id='word_1_100' title='bbox 819 1309 1018 1356; x_wconf 87' lang='lat' dir='ltr'>sufficiat,</span> <span class='ocrx_word' id='word_1_101' title='bbox 1054 1309 1169 1349; x_wconf 91' lang='lat' dir='ltr'>unde</span> <span class='ocrx_word' id='word_1_102' title='bbox 1200 1309 1371 1364; x_wconf 84' lang='lat' dir='ltr'>reliqua</span> <span class='ocrx_word' id='word_1_103' title='bbox 1403 1312 1571 1364; x_wconf 87' lang='lat' dir='ltr'>majora</span> <span class='ocrx_word' id='word_1_104' title='bbox 1605 1308 1747 1349; x_wconf 89' lang='lat' dir='ltr'>multo</span> <span class='ocrx_word' id='word_1_105' title='bbox 1777 1322 1825 1348; x_wconf 89' lang='lat' dir='ltr'>ac</span> 
     </span>
     <span class='ocr_line' id='line_1_15' title="bbox 369 1381 998 1438; baseline -0.005 -15"><span class='ocrx_word' id='word_1_106' title='bbox 369 1381 663 1438; x_wconf 85' lang='lat' dir='ltr'>splendidiora</span> <span class='ocrx_word' id='word_1_107' title='bbox 685 1381 998 1436; x_wconf 90' lang='lat' dir='ltr'>significentur.</span> 
     </span>
    </p>

    <p class='ocr_par' dir='ltr' id='par_1_3' title="bbox 370 1450 1826 1582">
     <span class='ocr_line' id='line_1_16' title="bbox 427 1450 1826 1509; baseline -0.004 -13"><span class='ocrx_word' id='word_1_108' title='bbox 427 1456 586 1496; x_wconf 85' lang='lat' dir='ltr'>Postea</span> <span class='ocrx_word' id='word_1_109' title='bbox 615 1453 984 1509; x_wconf 87' lang='lat' dir='ltr'>Archicpiscopus</span> <span class='ocrx_word' id='word_1_110' title='bbox 1005 1451 1036 1492; x_wconf 85' lang='lat' dir='ltr'>J</span> <span class='ocrx_word' id='word_1_111' title='bbox 1040 1451 1229 1493; x_wconf 88' lang='lat' dir='ltr'>adrensis</span> <span class='ocrx_word' id='word_1_112' title='bbox 1250 1452 1421 1492; x_wconf 89' lang='lat' dir='ltr'>nomine</span> <span class='ocrx_word' id='word_1_113' title='bbox 1445 1450 1608 1507; x_wconf 74' lang='lat' dir='ltr'>Synodi</span> <span class='ocrx_word' id='word_1_114' title='bbox 1628 1451 1826 1492; x_wconf 90' lang='lat' dir='ltr'>memori-</span> 
     </span>
     <span class='ocr_line' id='line_1_17' title="bbox 370 1526 772 1582; baseline -0.005 -14"><span class='ocrx_word' id='word_1_115' title='bbox 370 1534 437 1568; x_wconf 88' lang='lat' dir='ltr'>ter</span> <span class='ocrx_word' id='word_1_116' title='bbox 459 1528 518 1567; x_wconf 88' lang='lat' dir='ltr'>sic</span> <span class='ocrx_word' id='word_1_117' title='bbox 539 1526 772 1582; x_wconf 85' lang='lat' dir='ltr'>respondit.</span> 
     </span>
    </p>

    <p class='ocr_par' dir='ltr' id='par_1_4' title="bbox 369 1594 1830 2736">
     <span class='ocr_line' id='line_1_18' title="bbox 429 1594 1826 1650; baseline -0.003 -12"><span class='ocrx_word' id='word_1_118' title='bbox 429 1598 557 1638; x_wconf 74' lang='lat' dir='ltr'>Illmel</span> <span class='ocrx_word' id='word_1_119' title='bbox 588 1605 632 1638; x_wconf 88' lang='lat' dir='ltr'>et</span> <span class='ocrx_word' id='word_1_120' title='bbox 661 1597 748 1637; x_wconf 79' lang='lat' dir='ltr'>Rme</span> <span class='ocrx_word' id='word_1_121' title='bbox 773 1597 886 1643; x_wconf 87' lang='lat' dir='ltr'>Dne,</span> <span class='ocrx_word' id='word_1_122' title='bbox 919 1596 1033 1636; x_wconf 92' lang='lat' dir='ltr'>inter</span> <span class='ocrx_word' id='word_1_123' title='bbox 1065 1602 1243 1636; x_wconf 86' lang='lat' dir='ltr'>caeteras</span> <span class='ocrx_word' id='word_1_124' title='bbox 1266 1594 1527 1636; x_wconf 77' lang='lat' dir='ltr'>Christianae</span> <span class='ocrx_word' id='word_1_125' title='bbox 1549 1595 1826 1650; x_wconf 74' lang='lat' dir='ltr'>Reipublicae</span> 
     </span>
     <span class='ocr_line' id='line_1_19' title="bbox 369 1668 1827 1724; baseline -0.003 -13"><span class='ocrx_word' id='word_1_126' title='bbox 369 1671 562 1712; x_wconf 82' lang='lat' dir='ltr'>miserias</span> <span class='ocrx_word' id='word_1_127' title='bbox 601 1677 644 1711; x_wconf 92' lang='lat' dir='ltr'>et</span> <span class='ocrx_word' id='word_1_128' title='bbox 685 1670 966 1716; x_wconf 84' lang='lat' dir='ltr'>calamitates,</span> <span class='ocrx_word' id='word_1_129' title='bbox 1010 1684 1200 1724; x_wconf 88' lang='lat' dir='ltr'>quarum</span> <span class='ocrx_word' id='word_1_130' title='bbox 1241 1669 1491 1709; x_wconf 87' lang='lat' dir='ltr'>memoriam</span> <span class='ocrx_word' id='word_1_131' title='bbox 1543 1668 1827 1708; x_wconf 85' lang='lat' dir='ltr'>Sacrosancta</span> 
     </span>
     <span class='ocr_line' id='line_1_20' title="bbox 371 1740 1826 1799; baseline -0.001 -15"><span class='ocrx_word' id='word_1_132' title='bbox 371 1743 570 1799; x_wconf 73' lang='lat' dir='ltr'>Synodus</span> <span class='ocrx_word' id='word_1_133' title='bbox 602 1758 744 1798; x_wconf 91' lang='lat' dir='ltr'>neque</span> <span class='ocrx_word' id='word_1_134' title='bbox 782 1741 1013 1797; x_wconf 80' lang='lat' dir='ltr'>deponere,</span> <span class='ocrx_word' id='word_1_135' title='bbox 1048 1756 1190 1796; x_wconf 89' lang='lat' dir='ltr'>neque</span> <span class='ocrx_word' id='word_1_136' title='bbox 1232 1742 1322 1781; x_wconf 87' lang='lat' dir='ltr'>sine</span> <span class='ocrx_word' id='word_1_137' title='bbox 1359 1740 1590 1797; x_wconf 78' lang='lat' dir='ltr'>lachrymis</span> <span class='ocrx_word' id='word_1_138' title='bbox 1624 1748 1826 1797; x_wconf 87' lang='lat' dir='ltr'>repetere</span> 
     </span>
     <span class='ocr_line' id='line_1_21' title="bbox 371 1812 1828 1869; baseline 0 -16"><span class='ocrx_word' id='word_1_139' title='bbox 371 1829 564 1868; x_wconf 86' lang='lat' dir='ltr'>unquam</span> <span class='ocrx_word' id='word_1_140' title='bbox 595 1820 767 1869; x_wconf 87' lang='lat' dir='ltr'>potest:</span> <span class='ocrx_word' id='word_1_141' title='bbox 805 1813 925 1853; x_wconf 88' lang='lat' dir='ltr'>nulla</span> <span class='ocrx_word' id='word_1_142' title='bbox 957 1817 1054 1868; x_wconf 86' lang='lat' dir='ltr'>ejus</span> <span class='ocrx_word' id='word_1_143' title='bbox 1078 1812 1270 1852; x_wconf 90' lang='lat' dir='ltr'>animum</span> <span class='ocrx_word' id='word_1_144' title='bbox 1293 1827 1396 1852; x_wconf 90' lang='lat' dir='ltr'>cura</span> <span class='ocrx_word' id='word_1_145' title='bbox 1417 1812 1563 1868; x_wconf 84' lang='lat' dir='ltr'>magis</span> <span class='ocrx_word' id='word_1_146' title='bbox 1586 1813 1761 1853; x_wconf 82' lang='lat' dir='ltr'>anxium</span> <span class='ocrx_word' id='word_1_147' title='bbox 1784 1819 1828 1853; x_wconf 86' lang='lat' dir='ltr'>et</span> 
     </span>
     <span class='ocr_line' id='line_1_22' title="bbox 369 1884 1826 1941; baseline -0.001 -14"><span class='ocrx_word' id='word_1_148' title='bbox 369 1887 584 1927; x_wconf 89' lang='lat' dir='ltr'>solicitum</span> <span class='ocrx_word' id='word_1_149' title='bbox 617 1901 789 1941; x_wconf 90' lang='lat' dir='ltr'>semper</span> <span class='ocrx_word' id='word_1_150' title='bbox 820 1886 991 1933; x_wconf 87' lang='lat' dir='ltr'>habuit,</span> <span class='ocrx_word' id='word_1_151' title='bbox 1015 1900 1146 1940; x_wconf 87' lang='lat' dir='ltr'>quam</span> <span class='ocrx_word' id='word_1_152' title='bbox 1169 1884 1401 1926; x_wconf 90' lang='lat' dir='ltr'>seditiones</span> <span class='ocrx_word' id='word_1_153' title='bbox 1423 1892 1466 1926; x_wconf 79' lang='lat' dir='ltr'>et</span> <span class='ocrx_word' id='word_1_154' title='bbox 1494 1885 1641 1926; x_wconf 89' lang='lat' dir='ltr'>bellici</span> <span class='ocrx_word' id='word_1_155' title='bbox 1661 1886 1826 1926; x_wconf 90' lang='lat' dir='ltr'>tumul-</span> 
     </span>
     <span class='ocr_line' id='line_1_23' title="bbox 371 1957 1826 2014; baseline -0.001 -14"><span class='ocrx_word' id='word_1_156' title='bbox 371 1967 455 2007; x_wconf 84' lang='lat' dir='ltr'>tus,</span> <span class='ocrx_word' id='word_1_157' title='bbox 491 1959 567 2014; x_wconf 92' lang='lat' dir='ltr'>qui</span> <span class='ocrx_word' id='word_1_158' title='bbox 600 1959 822 2014; x_wconf 85' lang='lat' dir='ltr'>religionis</span> <span class='ocrx_word' id='word_1_159' title='bbox 856 1973 984 1999; x_wconf 89' lang='lat' dir='ltr'>causa</span> <span class='ocrx_word' id='word_1_160' title='bbox 1010 1958 1055 1998; x_wconf 90' lang='lat' dir='ltr'>in</span> <span class='ocrx_word' id='word_1_161' title='bbox 1083 1958 1383 1998; x_wconf 89' lang='lat' dir='ltr'>florentissimo</span> <span class='ocrx_word' id='word_1_162' title='bbox 1417 1957 1667 1997; x_wconf 80' lang='lat' dir='ltr'>Galliarum</span> <span class='ocrx_word' id='word_1_163' title='bbox 1690 1972 1826 2013; x_wconf 90' lang='lat' dir='ltr'>regno</span> 
     </span>
     <span class='ocr_line' id='line_1_24' title="bbox 371 2030 1826 2085; baseline -0.002 -11"><span class='ocrx_word' id='word_1_164' title='bbox 371 2033 575 2075; x_wconf 86' lang='lat' dir='ltr'>commoti</span> <span class='ocrx_word' id='word_1_165' title='bbox 608 2039 652 2073; x_wconf 90' lang='lat' dir='ltr'>et</span> <span class='ocrx_word' id='word_1_166' title='bbox 688 2032 888 2073; x_wconf 88' lang='lat' dir='ltr'>concitati</span> <span class='ocrx_word' id='word_1_167' title='bbox 922 2031 1190 2079; x_wconf 83' lang='lat' dir='ltr'>dicerentur3</span> <span class='ocrx_word' id='word_1_168' title='bbox 1227 2045 1340 2079; x_wconf 87' lang='lat' dir='ltr'>nam,</span> <span class='ocrx_word' id='word_1_169' title='bbox 1364 2045 1460 2070; x_wconf 88' lang='lat' dir='ltr'>cum</span> <span class='ocrx_word' id='word_1_170' title='bbox 1492 2030 1608 2070; x_wconf 91' lang='lat' dir='ltr'>omni</span> <span class='ocrx_word' id='word_1_171' title='bbox 1630 2036 1826 2085; x_wconf 85' lang='lat' dir='ltr'>tempore</span> 
     </span>
     <span class='ocr_line' id='line_1_25' title="bbox 369 2102 1827 2163; baseline -0.001 -16"><span class='ocrx_word' id='word_1_172' title='bbox 369 2121 556 2163; x_wconf 90' lang='lat' dir='ltr'>regnum</span> <span class='ocrx_word' id='word_1_173' title='bbox 578 2104 691 2145; x_wconf 87' lang='lat' dir='ltr'>illud</span> <span class='ocrx_word' id='word_1_174' title='bbox 710 2104 1006 2145; x_wconf 90' lang='lat' dir='ltr'>firmissimum</span> <span class='ocrx_word' id='word_1_175' title='bbox 1030 2103 1267 2143; x_wconf 84' lang='lat' dir='ltr'>Catholicae</span> <span class='ocrx_word' id='word_1_176' title='bbox 1286 2102 1485 2143; x_wconf 84' lang='lat' dir='ltr'>veritatis</span> <span class='ocrx_word' id='word_1_177' title='bbox 1506 2102 1760 2157; x_wconf 84' lang='lat' dir='ltr'>praesidium</span> <span class='ocrx_word' id='word_1_178' title='bbox 1783 2110 1827 2145; x_wconf 84' lang='lat' dir='ltr'>et</span> 
     </span>
     <span class='ocr_line' id='line_1_26' title="bbox 371 2177 1827 2236; baseline -0.003 -14"><span class='ocrx_word' id='word_1_179' title='bbox 371 2182 567 2223; x_wconf 87' lang='lat' dir='ltr'>columen</span> <span class='ocrx_word' id='word_1_180' title='bbox 583 2182 684 2236; x_wconf 91' lang='lat' dir='ltr'>jure</span> <span class='ocrx_word' id='word_1_181' title='bbox 705 2179 871 2234; x_wconf 88' lang='lat' dir='ltr'>optimo</span> <span class='ocrx_word' id='word_1_182' title='bbox 893 2178 1095 2219; x_wconf 85' lang='lat' dir='ltr'>habitum</span> <span class='ocrx_word' id='word_1_183' title='bbox 1116 2178 1262 2226; x_wconf 87' lang='lat' dir='ltr'>fuerit,</span> <span class='ocrx_word' id='word_1_184' title='bbox 1286 2177 1528 2232; x_wconf 83' lang='lat' dir='ltr'>cogebatur</span> <span class='ocrx_word' id='word_1_185' title='bbox 1560 2177 1719 2218; x_wconf 85' lang='lat' dir='ltr'>Sancta</span> <span class='ocrx_word' id='word_1_186' title='bbox 1750 2177 1827 2233; x_wconf 87' lang='lat' dir='ltr'>Sy-</span> 
     </span>
     <span class='ocr_line' id='line_1_27' title="bbox 371 2249 1830 2305; baseline -0.003 -10"><span class='ocrx_word' id='word_1_187' title='bbox 371 2254 510 2295; x_wconf 90' lang='lat' dir='ltr'>nodus</span> <span class='ocrx_word' id='word_1_188' title='bbox 545 2251 791 2293; x_wconf 90' lang='lat' dir='ltr'>incredibili</span> <span class='ocrx_word' id='word_1_189' title='bbox 826 2250 972 2291; x_wconf 89' lang='lat' dir='ltr'>dolore</span> <span class='ocrx_word' id='word_1_190' title='bbox 1014 2251 1138 2299; x_wconf 90' lang='lat' dir='ltr'>affici,</span> <span class='ocrx_word' id='word_1_191' title='bbox 1181 2266 1277 2291; x_wconf 90' lang='lat' dir='ltr'>cum</span> <span class='ocrx_word' id='word_1_192' title='bbox 1314 2250 1580 2305; x_wconf 89' lang='lat' dir='ltr'>intelligeret</span> <span class='ocrx_word' id='word_1_193' title='bbox 1613 2249 1830 2305; x_wconf 83' lang='lat' dir='ltr'>ejusmodi</span> 
     </span>
     <span class='ocr_line' id='line_1_28' title="bbox 370 2321 1827 2370; baseline -0.002 -4"><span class='ocrx_word' id='word_1_194' title='bbox 370 2327 527 2366; x_wconf 85' lang='lat' dir='ltr'>factam</span> <span class='ocrx_word' id='word_1_195' title='bbox 567 2339 658 2365; x_wconf 88' lang='lat' dir='ltr'>csse</span> <span class='ocrx_word' id='word_1_196' title='bbox 697 2337 844 2363; x_wconf 88' lang='lat' dir='ltr'>rerum</span> <span class='ocrx_word' id='word_1_197' title='bbox 885 2323 1282 2370; x_wconf 87' lang='lat' dir='ltr'>commutationem,</span> <span class='ocrx_word' id='word_1_198' title='bbox 1320 2329 1371 2363; x_wconf 89' lang='lat' dir='ltr'>ut</span> <span class='ocrx_word' id='word_1_199' title='bbox 1406 2336 1491 2363; x_wconf 90' lang='lat' dir='ltr'>non</span> <span class='ocrx_word' id='word_1_200' title='bbox 1526 2321 1570 2361; x_wconf 89' lang='lat' dir='ltr'>in</span> <span class='ocrx_word' id='word_1_201' title='bbox 1610 2336 1710 2369; x_wconf 86' lang='lat' dir='ltr'>una,</span> <span class='ocrx_word' id='word_1_202' title='bbox 1748 2327 1827 2363; x_wconf 89' lang='lat' dir='ltr'>aut</span> 
     </span>
     <span class='ocr_line' id='line_1_29' title="bbox 373 2394 1825 2450; baseline -0.003 -11"><span class='ocrx_word' id='word_1_203' title='bbox 373 2399 521 2444; x_wconf 86' lang='lat' dir='ltr'>altera,</span> <span class='ocrx_word' id='word_1_204' title='bbox 545 2396 620 2437; x_wconf 91' lang='lat' dir='ltr'>sed</span> <span class='ocrx_word' id='word_1_205' title='bbox 641 2396 685 2436; x_wconf 87' lang='lat' dir='ltr'>in</span> <span class='ocrx_word' id='word_1_206' title='bbox 705 2395 907 2450; x_wconf 87' lang='lat' dir='ltr'>pluribus</span> <span class='ocrx_word' id='word_1_207' title='bbox 929 2399 1025 2450; x_wconf 86' lang='lat' dir='ltr'>ejus</span> <span class='ocrx_word' id='word_1_208' title='bbox 1047 2395 1300 2444; x_wconf 81' lang='lat' dir='ltr'>Provinciis,</span> <span class='ocrx_word' id='word_1_209' title='bbox 1333 2394 1475 2435; x_wconf 87' lang='lat' dir='ltr'>omnia</span> <span class='ocrx_word' id='word_1_210' title='bbox 1496 2394 1585 2435; x_wconf 80' lang='lat' dir='ltr'>fere</span> <span class='ocrx_word' id='word_1_211' title='bbox 1606 2394 1825 2450; x_wconf 86' lang='lat' dir='ltr'>impietaS,</span> 
     </span>
     <span class='ocr_line' id='line_1_30' title="bbox 371 2467 1828 2523; baseline -0.003 -11"><span class='ocrx_word' id='word_1_212' title='bbox 371 2471 522 2518; x_wconf 82' lang='lat' dir='ltr'>caedes,</span> <span class='ocrx_word' id='word_1_213' title='bbox 555 2469 750 2517; x_wconf 85' lang='lat' dir='ltr'>vastitas,</span> <span class='ocrx_word' id='word_1_214' title='bbox 785 2481 1017 2522; x_wconf 86' lang='lat' dir='ltr'>occupasse</span> <span class='ocrx_word' id='word_1_215' title='bbox 1039 2467 1273 2508; x_wconf 87' lang='lat' dir='ltr'>videretur.</span> <span class='ocrx_word' id='word_1_216' title='bbox 1338 2467 1591 2508; x_wconf 87' lang='lat' dir='ltr'>Accedebat</span> <span class='ocrx_word' id='word_1_217' title='bbox 1611 2474 1828 2523; x_wconf 83' lang='lat' dir='ltr'>praeterea</span> 
     </span>
     <span class='ocr_line' id='line_1_31' title="bbox 372 2541 1825 2600; baseline -0.003 -14"><span class='ocrx_word' id='word_1_218' title='bbox 372 2544 426 2585; x_wconf 87' lang='lat' dir='ltr'>ad</span> <span class='ocrx_word' id='word_1_219' title='bbox 450 2542 698 2600; x_wconf 85' lang='lat' dir='ltr'>augendam</span> <span class='ocrx_word' id='word_1_220' title='bbox 720 2541 876 2582; x_wconf 88' lang='lat' dir='ltr'>doloris</span> <span class='ocrx_word' id='word_1_221' title='bbox 897 2541 1195 2590; x_wconf 87' lang='lat' dir='ltr'>acerbitatem,</span> <span class='ocrx_word' id='word_1_222' title='bbox 1226 2541 1344 2596; x_wconf 91' lang='lat' dir='ltr'>quod</span> <span class='ocrx_word' id='word_1_223' title='bbox 1374 2541 1680 2588; x_wconf 87' lang='lat' dir='ltr'>nunciabatur,</span> <span class='ocrx_word' id='word_1_224' title='bbox 1702 2541 1825 2582; x_wconf 90' lang='lat' dir='ltr'>nobi-</span> 
     </span>
     <span class='ocr_line' id='line_1_32' title="bbox 370 2612 1824 2671; baseline -0.001 -15"><span class='ocrx_word' id='word_1_225' title='bbox 370 2616 554 2656; x_wconf 91' lang='lat' dir='ltr'>lissimos</span> <span class='ocrx_word' id='word_1_226' title='bbox 585 2614 730 2671; x_wconf 86' lang='lat' dir='ltr'>gentis</span> <span class='ocrx_word' id='word_1_227' title='bbox 764 2619 919 2654; x_wconf 85' lang='lat' dir='ltr'>vestrae</span> <span class='ocrx_word' id='word_1_228' title='bbox 952 2613 1168 2660; x_wconf 90' lang='lat' dir='ltr'>Proceres,</span> <span class='ocrx_word' id='word_1_229' title='bbox 1207 2613 1327 2668; x_wconf 93' lang='lat' dir='ltr'>quod</span> <span class='ocrx_word' id='word_1_230' title='bbox 1367 2613 1527 2654; x_wconf 87' lang='lat' dir='ltr'>scilicet</span> <span class='ocrx_word' id='word_1_231' title='bbox 1569 2613 1643 2653; x_wconf 88' lang='lat' dir='ltr'>alii</span> <span class='ocrx_word' id='word_1_232' title='bbox 1681 2612 1824 2654; x_wconf 94' lang='lat' dir='ltr'>ortho-</span> 
     </span>
     <span class='ocr_line' id='line_1_33' title="bbox 372 2687 1825 2736; baseline -0.001 -5"><span class='ocrx_word' id='word_1_233' title='bbox 372 2690 530 2731; x_wconf 85' lang='lat' dir='ltr'>doxam</span> <span class='ocrx_word' id='word_1_234' title='bbox 566 2689 696 2730; x_wconf 92' lang='lat' dir='ltr'>fidem</span> <span class='ocrx_word' id='word_1_235' title='bbox 731 2688 1039 2729; x_wconf 85' lang='lat' dir='ltr'>labefactatam</span> <span class='ocrx_word' id='word_1_236' title='bbox 1075 2695 1120 2729; x_wconf 89' lang='lat' dir='ltr'>et</span> <span class='ocrx_word' id='word_1_237' title='bbox 1154 2703 1363 2736; x_wconf 87' lang='lat' dir='ltr'>eversam,</span> <span class='ocrx_word' id='word_1_238' title='bbox 1407 2688 1480 2728; x_wconf 88' lang='lat' dir='ltr'>alii</span> <span class='ocrx_word' id='word_1_239' title='bbox 1520 2687 1741 2728; x_wconf 87' lang='lat' dir='ltr'>defensam</span> <span class='ocrx_word' id='word_1_240' title='bbox 1780 2694 1825 2729; x_wconf 89' lang='lat' dir='ltr'>et</span> 
     </span>
    </p>
   </div>
   <div class='ocr_carea' id='block_1_3' title="bbox 371 2790 1825 2883">
    <p class='ocr_par' dir='ltr' id='par_1_5' title="bbox 371 2790 1825 2883">
     <span class='ocr_line' id='line_1_34' title="bbox 421 2790 1825 2833; baseline -0.001 -11"><span class='ocrx_word' id='word_1_241' title='bbox 421 2792 426 2809; x_wconf 80' lang='lat'>¹</span> <span class='ocrx_word' id='word_1_242' title='bbox 457 2793 534 2823; x_wconf 78' lang='lat' dir='ltr'>This</span> <span class='ocrx_word' id='word_1_243' title='bbox 547 2792 654 2833; x_wconf 81' lang='lat' dir='ltr'>speech</span> <span class='ocrx_word' id='word_1_244' title='bbox 670 2791 695 2822; x_wconf 88' lang='lat' dir='ltr'>is</span> <span class='ocrx_word' id='word_1_245' title='bbox 710 2797 763 2823; x_wconf 84' lang='lat' dir='ltr'>not</span> <span class='ocrx_word' id='word_1_246' title='bbox 779 2792 809 2822; x_wconf 86' lang='lat' dir='ltr'>in</span> <span class='ocrx_word' id='word_1_247' title='bbox 827 2792 877 2822; x_wconf 87' lang='lat' dir='ltr'>the</span> <span class='ocrx_word' id='word_1_248' title='bbox 894 2792 975 2833; x_wconf 84' lang='lat' dir='ltr'>Ripa</span> <span class='ocrx_word' id='word_1_249' title='bbox 989 2792 1127 2829; x_wconf 81' lang='lat' dir='ltr'>editi0n3</span> <span class='ocrx_word' id='word_1_250' title='bbox 1151 2792 1207 2822; x_wconf 84' lang='lat' dir='ltr'>but</span> <span class='ocrx_word' id='word_1_251' title='bbox 1222 2791 1246 2821; x_wconf 90' lang='lat' dir='ltr'>it</span> <span class='ocrx_word' id='word_1_252' title='bbox 1261 2791 1286 2822; x_wconf 82' lang='lat' dir='ltr'>is</span> <span class='ocrx_word' id='word_1_253' title='bbox 1303 2790 1335 2820; x_wconf 83' lang='lat' dir='ltr'>in</span> <span class='ocrx_word' id='word_1_254' title='bbox 1351 2790 1417 2821; x_wconf 85' lang='lat' dir='ltr'>that</span> <span class='ocrx_word' id='word_1_255' title='bbox 1441 2790 1476 2821; x_wconf 86' lang='lat' dir='ltr'>of</span> <span class='ocrx_word' id='word_1_256' title='bbox 1500 2790 1609 2821; x_wconf 81' lang='lat' dir='ltr'>Brixia</span> <span class='ocrx_word' id='word_1_257' title='bbox 1624 2791 1660 2821; x_wconf 85' lang='lat' dir='ltr'>of</span> <span class='ocrx_word' id='word_1_258' title='bbox 1677 2791 1727 2820; x_wconf 84' lang='lat' dir='ltr'>the</span> <span class='ocrx_word' id='word_1_259' title='bbox 1741 2802 1825 2822; x_wconf 83' lang='lat' dir='ltr'>same</span> 
     </span>
     <span class='ocr_line' id='line_1_35' title="bbox 371 2855 452 2883; baseline 0 -9"><span class='ocrx_word' id='word_1_260' title='bbox 371 2855 452 2883; x_wconf 77' lang='lat' dir='ltr'>year.</span> 
     </span>
    </p>
   </div>
  </div>
 </body>
</html>
