1905 3254
691 318 799 348 snss.
826 318 903 350 vn.
1446 304 1520 344 32]

63 428 224 486 quibus
246 426 289 468 id
311 426 472 483 Legati
490 425 814 474 mandaverant,
836 426 980 467 multa
1003 431 1172 467 tentata
1203 426 1401 474 fuissent,
1429 429 1520 482 jam

65 502 234 550 Patres,
248 500 456 542 doctrinae
475 499 754 542 emendandae
771 500 980 556 praefecti,
996 515 1094 540 cum
1113 506 1287 556 tempus
1301 500 1353 540 iis
1367 499 1521 540 consti·

62 580 225 622 tutum,
249 574 499 630 Synodique
521 573 762 630 expectatio
777 573 994 629 longiores
1015 587 1156 613 moras
1176 587 1262 612 non
1279 578 1518 628 pateretur,

65 647 236 689 tandem
260 646 496 688 doctrinam
525 654 569 688 et
602 646 814 694 Canones,
850 645 1116 701 quibusdam
1150 647 1296 687 verbis
1328 645 1518 702 adjectiS,

65 736 148 762 non
169 720 365 762 concordi
386 728 530 762 tamen
553 721 743 761 omnium
766 719 992 768 sententia,
1016 719 1254 767 ediderant,
1273 722 1518 775 sperantes¹

61 795 105 835 in
127 794 313 836 ferendis
343 794 565 850 suffragiis
596 793 741 834 Deum
766 793 1058 849 opportunius
1093 791 1261 848 aliquid
1291 793 1335 832 in
1368 807 1517 833 eorum

64 868 228 909 animas
261 867 561 909 demissurum.
625 866 826 907 Fuerunt
860 866 998 921 igitur
1029 870 1119 921 jam
1150 865 1203 906 de
1224 865 1292 905 his
1323 864 1517 921 Congre-

66 940 263 996 gationes
292 939 444 995 gnales
473 939 759 994 quamplures
785 939 963 985 habitae,
989 937 1286 993 Sessionisque
1308 936 1399 978 dies
1419 952 1517 993 pro-

63 1020 257 1069 rogatus,
281 1028 329 1054 ac
361 1013 587 1053 sententiae
621 1012 873 1059 multorum,
898 1018 992 1052 tum
1025 1010 1173 1057 variae,
1199 1016 1291 1050 tum
1320 1010 1517 1065 prolixae,

64 1087 272 1135 recitatae,
297 1087 350 1128 de
382 1087 544 1143 quibus
566 1093 615 1127 ut
639 1094 798 1142 agatur
819 1086 939 1126 locus
965 1085 1053 1140 jam
1077 1083 1306 1139 postulare
1328 1083 1516 1124 videtur.

66 1159 155 1200 Sed
189 1160 422 1201 doctrinam
455 1160 579 1216 prius
611 1167 654 1201 et
691 1158 903 1206 Canones,
933 1164 1066 1212 prout
1093 1156 1308 1199 emendati
1332 1158 1518 1206 fuerant,

62 1233 315 1274 referamus.

63 1341 284 1389 Secunda
325 1341 556 1387 Doctrina
581 1350 626 1387 et
652 1339 874 1387 Canones
900 1339 956 1385 (le
984 1338 1294 1386 Sacramento
1321 1339 1519 1386 Ordinis

369 1423 593 1486 propositi
620 1423 695 1468 die
720 1425 783 1468 30
810 1420 1033 1467 Octobris
1064 1424 1203 1467 1562).

119 1519 234 1561 Cum
272 1521 551 1561 sacrosancta
581 1518 839 1559 Tridentina
871 1516 1072 1572 Synodus
1103 1524 1268 1558 statuat
1300 1517 1378 1559 hoc
1412 1519 1515 1563 loco.

61 1600 290 1650 postquam
317 1592 369 1632 de
389 1593 547 1633 Sancto
570 1591 717 1631 Missae
740 1590 945 1630 sacrificio
968 1590 1071 1644 egit,
1090 1604 1256 1630 errores
1273 1591 1347 1645 qui
1370 1598 1519 1631 eontra

61 1665 222 1706 ordinis
244 1671 574 1713 sacramentum,
594 1664 637 1703 in
660 1663 900 1718 primisque
922 1677 1047 1702 nox-ee
1071 1662 1360 1703 sacerdotium
1383 1663 1515 1704 disse-

62 1738 214 1779 minati
246 1744 360 1783 sunt,
387 1736 643 1783 confutasse,
675 1736 814 1775 visum
850 1742 914 1775 est
947 1734 1146 1789 quwdam
1176 1735 1230 1775 de
1257 1735 1336 1776 hoc
1371 1737 1515 1777 »Sacra-

64 1818 208 1852 mento
232 1809 396 1851 Christi
422 1809 623 1849 fidelibus
646 1808 841 1848 breviter
864 1822 1093 1861 exponere.

120 1882 386 1923 Sacrificium
421 1888 464 1922 et
487 1880 784 1921 Sacerdotium
817 1881 879 1920 ita
912 1879 995 1919 Dei
1029 1880 1255 1921 voluntate
1287 1885 1516 1936 conjuncta

63 1962 178 2003 sunt,
216 1962 265 1996 ut
296 1970 432 1996 unum
471 1955 562 1995 sine
600 1954 734 1994 altero
771 1954 813 1993 in
847 1953 969 1993 nulla
1000 1953 1098 2008 lege
1131 1954 1335 1994 extiterit.
1399 1954 1512 1995 Cum

62 2029 199 2085 igitur
237 2029 280 2069 in
322 2044 432 2069 novo
469 2029 751 2068 Testamento
786 2028 894 2068 Smum
934 2026 1224 2067 Eucharistiae
1260 2028 1512 2070 sacrificium

64 2103 251 2150 visibile,
289 2117 341 2144 ex
377 2102 553 2142 Domini
588 2101 881 2146 Institutione,
918 2099 1141 2140 Catholica
1173 2099 1369 2142 Ecclesia
1399 2117 1511 2143 aece-

63 2175 190 2230 perit,
232 2175 357 2216 fateri
398 2175 528 2216 etiam
572 2180 753 2229 oportet,
786 2174 829 2213 in
863 2188 913 2213 ea
951 2188 1113 2212 novum
1149 2188 1240 2213 esse
1269 2174 1438 2215 visibile
1470 2183 1514 2217 et

64 2254 274 2288 aeternum
300 2247 612 2293 Sacerdotium,
636 2247 678 2286 in
706 2245 822 2302 quod
844 2253 970 2286 vetus
992 2245 1251 2286 translatum
1275 2252 1351 2286 est.
1414 2246 1512 2289 Hoc

64 2327 210 2361 autem
234 2320 289 2360 ab
317 2319 469 2360 eodem
494 2319 594 2359 Dno
623 2319 848 2359 Salvatore
871 2333 948 2358 nro
977 2318 1224 2358 institutum
1248 2332 1355 2366 esse,
1380 2325 1512 2375 atque

62 2393 287 2449 Apostolis
302 2408 540 2448 eorumque
558 2393 599 2432 in
615 2391 867 2432 Sacerdotio
886 2391 1230 2438 Successoribus,
1250 2398 1511 2446 potestatem

63 2464 265 2506 traditam
306 2465 594 2513 consecrandi,
629 2463 851 2512 offerendi,
890 2470 933 2504 et
968 2463 1238 2503 ministrandi
1274 2479 1431 2519 corpus
1466 2472 1510 2506 et

65 2539 319 2594 sanguinem
340 2543 450 2594 ejus,
482 2553 643 2579 necnon
671 2544 851 2593 peccata
882 2534 1128 2577 remittendi
1152 2542 1195 2576 et
1216 2537 1445 2587 retinendi,
1469 2546 1512 2580 et

66 2618 234 2659 caetera,
257 2627 356 2667 quae
379 2612 445 2652 sui
473 2611 664 2653 muneris
696 2617 798 2651 sunt
826 2607 1078 2665 peragendi,
1102 2614 1195 2648 tum
1219 2624 1350 2649 sacrae
1372 2610 1512 2652 literae

66 2692 214 2740 aperte
254 2684 501 2731 ostendunt,
551 2691 643 2725 tum
696 2683 934 2724 Catholicae
976 2682 1088 2722 Eccan
1121 2681 1298 2722 traditio
1341 2697 1514 2740 semper

64 2755 223 2799 docuit.

633 2814 638 2830 ¹
665 2816 858 2853 Superantes,
882 2813 949 2841 MS.
