1905 3254
685 350 795 382 sssss.
820 351 879 381 vi.
1456 335 1536 375 185

107 488 338 536 Doctrina
361 489 419 536 de
445 488 688 536 Sacrificio
714 486 878 534 Missae
909 486 1150 550 proposita
1180 486 1501 533 examinanda

511 570 603 617 Die
629 571 690 617 vi.
718 569 929 631 Augusti
960 570 1100 615 1562.

131 680 411 720 Sacrosaneta
433 678 634 735 Synodus
671 679 747 719 &e
782 679 938 719 statuit
968 678 1013 718 in
1034 677 1243 732 praesenti
1267 676 1465 717 Sessione
1488 691 1535 717 ac

71 752 272 802 decernit,
295 767 395 808 quae
414 751 470 792 ad
490 752 631 792 missae
656 751 924 793 Sacrificium
941 751 1163 806 pertinent
1180 767 1192 800 3
1215 765 1312 790 cum
1331 749 1378 791 id
1396 765 1533 790 unum

70 825 184 867 illud
205 827 260 867 sit
282 825 400 882 quod
421 832 568 872 restet,
592 833 640 867 ut
663 840 714 866 ea
733 825 877 866 omnia
893 824 1181 865 absolvantur
1199 838 1301 880 quae
1325 823 1380 864 ad
1404 824 1532 864 Sane-

69 898 245 939 tissimae
260 898 552 940 Eucharistiae
568 899 897 940 Sacramentum
912 904 1125 953 spectant.
1175 897 1322 947 Quare
1341 895 1534 937 declarat

71 985 121 1011 ea
143 985 241 1026 quae
265 977 525 1026 sequuntur.

73 1107 128 1154 In
165 1107 315 1155 Missa
355 1125 521 1154 verum
558 1117 604 1156 et
642 1110 890 1173 proprium
915 1109 1216 1157 Sacrificium
1256 1126 1312 1156 ex
1350 1108 1534 1156 Christi

400 1191 697 1238 institutione
723 1191 895 1239 offerri.
969 1190 1088 1254 Cap.
1118 1191 1199 1237 ΡΨ.

127 1297 333 1339 Veterem
365 1298 508 1354 legem
537 1300 720 1355 ejusque
755 1298 1055 1341 Sacerdotium
1085 1299 1349 1355 abrogatum
1384 1314 1436 1340 ea
1466 1315 1530 1341 ra-

69 1373 184 1413 tione
207 1372 352 1421 fuisse,
382 1379 581 1413 constans
603 1379 907 1429 perpetuaque
929 1374 973 1414 in
1006 1373 1115 1414 Ecca
1134 1372 1221 1414 Dei
1243 1372 1350 1413 fides
1371 1373 1530 1417 extitit,

70 1451 120 1486 ut
153 1444 392 1487 Christiani
423 1445 615 1487 homines
646 1460 811 1487 novum
848 1461 945 1487 cum
976 1461 1089 1487 nova
1109 1446 1207 1502 lege
1232 1446 1532 1488 Sacerdotium

69 1519 327 1580 acciperent.
390 1518 634 1575 Propterea
667 1520 825 1561 Sancta
860 1519 1073 1574 Synodus,
1103 1521 1417 1576 scripturarum
1446 1527 1529 1562 tes-

69 1592 260 1633 timoniis
295 1593 426 1648 juxta
468 1592 544 1633 SS.
588 1593 774 1634 Patrum
814 1593 1201 1649 interpretationes
1243 1593 1445 1642 adducta,
1488 1601 1533 1635 et

69 1665 266 1706 unanimi
297 1665 433 1707 totius
469 1665 582 1706 Eccoe
613 1665 848 1707 traditione
881 1673 1015 1722 atque
1037 1682 1244 1708 consensu
1268 1668 1531 1717 confirmata,

70 1747 115 1781 et
137 1739 330 1794 Spiritus
363 1739 509 1780 Sancti
537 1738 829 1779 illustratione
862 1738 1028 1784 edocta,
1064 1738 1273 1787 declarat,
1307 1740 1385 1780 hoc
1420 1756 1532 1783 novo

72 1810 323 1852 Sacerdotio
345 1809 604 1857 Maximum,
637 1815 983 1865 caeterorumque
1006 1811 1198 1850 omnium
1220 1812 1529 1866 praestantissi-

69 1901 189 1926 mum
219 1883 484 1925 Sacrificium
511 1882 609 1924 Deo
644 1882 813 1924 offerri:
848 1890 994 1938 atque,
1029 1890 1079 1924 ut
1107 1884 1296 1939 primum
1319 1884 1373 1927 de
1395 1884 1531 1942 hujus

71 1958 281 2000 Sacrificii
312 1957 583 1998 institutione
616 1956 799 2003 dicatur,
834 1956 946 1997 illud
979 1956 1206 1997 Christum
1239 1956 1389 1998 Dnum
1411 1959 1530 2000 insti-

68 2032 205 2073 tuisse
247 2031 486 2073 tenendum
522 2038 601 2079 est,
643 2046 739 2072 cum
781 2030 823 2070 in
864 2030 1096 2071 novissima
1129 2044 1254 2072 coena
1295 2046 1453 2087 panem
1488 2039 1531 2073 et

70 2105 218 2146 vinum
239 2106 284 2146 in
307 2120 434 2145 suum
458 2119 614 2160 corpus
637 2112 680 2146 et
701 2105 958 2161 sanguinem
982 2111 1252 2152 convertens,
1276 2105 1358 2145 sub
1379 2121 1530 2147 earun-

69 2178 168 2221 dem
208 2194 353 2221 rerum
394 2179 599 2235 symbolis
640 2179 831 2235 seipsum
865 2178 1140 2227 sumendum,
1176 2192 1224 2219 ac
1259 2179 1529 2221 offerendum

71 2252 295 2308 Apostolis
327 2252 521 2301 tradidit,
555 2260 598 2293 et
630 2252 840 2308 praecepit
870 2251 1027 2299 dicens,
1060 2251 1141 2292 hoc
1169 2251 1297 2293 facite
1319 2252 1362 2293 in
1384 2268 1527 2294 meam

71 2328 531 2376 commemorationem,
555 2329 717 2384 quibus
738 2328 882 2370 verbis
910 2342 1082 2383 semper
1114 2327 1220 2368 Ecca
1252 2336 1526 2385 praeceptum

70 2415 161 2442 esse
194 2402 501 2444 Sacerdotibus
532 2402 762 2451 intellexit,
797 2408 846 2443 ut
880 2401 1143 2443 Sacrificium
1176 2400 1257 2441 hoc
1289 2401 1334 2442 in
1363 2401 1529 2444 Christi

72 2475 319 2516 memoriam
335 2475 530 2525 offerent,
547 2482 680 2531 atque
702 2475 798 2516 ideo
820 2475 862 2515 in
878 2474 1087 2522 Canone,¹
1103 2472 1232 2515 Unde
1255 2479 1299 2514 et
1319 2489 1530 2517 memores

71 2561 146 2589 nos
167 2548 274 2598 Dne,
305 2550 420 2590 servi
441 2550 509 2590 tui
542 2549 708 2591 Christi
739 2549 818 2589 filii
841 2549 909 2590 tui
930 2548 1022 2588 Dni
1044 2547 1129 2588 Nri
1150 2547 1293 2588 beatae
1317 2549 1529 2603 passionis

71 2620 292 2662 offerimus
326 2622 550 2678 praeclar-ee
585 2622 804 2679 majestati
830 2628 918 2663 tuae
940 2620 1126 2662 hostiam
1149 2635 1320 2676 puram,
1345 2620 1527 2664 hostiam

71 2703 275 2746 sanctam,
307 2696 493 2738 hostiam
530 2698 864 2738 immaculatam.
929 2695 981 2736 In
1016 2695 1083 2735 his
1115 2701 1261 2735 autem
1298 2695 1530 2750 speciebus

72 2767 150 2811 hoc
186 2771 437 2812 sacrificium
470 2786 522 2812 ca
556 2786 733 2827 quoque
760 2770 927 2812 ratione
956 2768 1131 2810 videtur
1161 2767 1385 2809 Christum
1408 2769 1529 2812 insti-

313 2892 320 2909 ¹
351 2892 416 2923 The
433 2893 541 2923 Canon
559 2893 674 2929 Μίδεω,
692 2892 795 2923 which
812 2892 836 2922 is
853 2890 969 2931 quoted
986 2889 1085 2920 rather
1101 2888 1229 2926 loosely.
