1905 3254
357 320 440 359 230
1004 335 1114 366 sEss.
1138 336 1197 366 v1.

361 443 521 497 quitas,
556 448 605 483 ut
633 457 764 483 unam
797 448 969 483 tantum
1001 442 1188 497 speciem
1216 440 1382 497 populo
1404 440 1667 491 concederet,
1689 441 1816 484 hodie

362 530 539 572 quoque
571 516 847 571 potissimum
872 516 1067 572 vigeant,
1096 529 1181 555 non
1204 514 1331 555 video
1352 529 1430 555 cur
1449 529 1526 556 nos
1545 515 1591 556 in
1612 517 1818 571 praesenti

361 588 418 629 ab
438 589 491 629 iis
511 588 797 630 discedamus.
860 589 1095 630 Nestorius
1115 588 1217 629 olim
1234 603 1333 628 cum
1350 588 1573 644 integrum
1588 588 1816 630 Christum

361 676 446 702 non
475 662 559 702 nisi
590 662 674 703 sub
706 668 895 718 utraque
927 662 1071 717 specie
1100 667 1309 702 assereret
1331 661 1552 708 contineri,
1591 660 1819 702 Catholica

360 734 559 777 Ecclesia
588 736 645 777 ad
673 736 873 778 haeresim
902 735 1013 777 hanc
1046 735 1305 777 abolendam
1338 735 1464 790 panis
1485 741 1656 776 tantum
1679 750 1817 777 saera-

361 816 558 850 mentum
590 810 754 866 populo
776 809 1011 850 ministrari
1032 808 1250 858 instituit3
1284 807 1389 863 quid
1410 807 1532 848 aliud
1553 823 1684 864 agere
1705 823 1820 850 nune

361 879 408 921 hi
443 880 662 930 videntur,
698 883 775 938 qui
811 888 1045 937 utramque
1081 882 1267 937 speciem
1304 887 1424 922 tanto
1459 880 1603 921 studio
1643 887 1816 937 petunt,

361 968 493 1009 quam
535 960 728 995 veterem
770 961 814 996 et
855 955 1081 1010 sepultum
1122 968 1309 995 errorem
1345 953 1562 994 excitare?
1621 953 1820 1009 Agnovit

360 1026 460 1067 olim
488 1028 620 1068 etiam
653 1028 850 1069 Ecclesia
885 1043 1105 1069 summum
1139 1027 1258 1083 quod
1292 1027 1549 1068 imminebat
1586 1026 1630 1067 in
1669 1026 1816 1066 minis-

361 1100 515 1141 trando
546 1101 831 1142 sacratissimo
862 1102 1077 1157 sanguine
1100 1100 1322 1142 effusionis
1344 1115 1393 1141 ac
1413 1099 1630 1155 sacrilegii
1649 1099 1817 1156 pericu-

359 1174 467 1222 lum,
501 1189 805 1230 summamque
837 1175 881 1215 in
913 1190 962 1216 eo
995 1174 1268 1222 asservando,
1301 1173 1420 1230 quod
1442 1174 1566 1215 facile
1590 1180 1816 1220 acesceret,

361 1260 410 1286 ac
431 1261 640 1287 nauseam
667 1253 872 1294 moveret,
903 1247 1231 1288 difficultatem:
1266 1247 1372 1302 quid
1404 1261 1494 1294 nos,
1526 1246 1604 1302 qui
1638 1252 1818 1287 centena

361 1319 625 1375 quandoque
661 1320 885 1361 hominum
920 1321 1059 1361 millia
1089 1322 1165 1361 uni
1196 1328 1371 1362 tantum
1403 1319 1598 1362 Parocho
1621 1320 1818 1376 subjecta

360 1405 453 1431 esse
475 1391 687 1440 videmus,
711 1398 844 1448 prout
864 1393 908 1433 in
931 1392 1127 1433 Ecclesia
1158 1407 1239 1433 sua
1269 1392 1414 1448 palam
1448 1406 1541 1432 esse
1566 1391 1672 1432 R'm’S
1695 1392 1816 1432 Pari-

359 1464 510 1505 siensis
546 1480 690 1520 nuper
727 1471 961 1507 attestatus
1001 1466 1099 1512 fuit,
1141 1481 1238 1506 cum
1279 1479 1426 1506 omnes
1457 1464 1545 1505 fere
1578 1465 1660 1504 sub
1700 1463 1816 1505 idem

359 1537 536 1579 Paschae
557 1545 735 1594 tempus
757 1540 1103 1580 communionem
1126 1545 1293 1593 petant,
1323 1537 1514 1579 accidere
1546 1552 1672 1592 posse
1708 1538 1816 1578 exis-

359 1614 597 1654 timamus?
658 1613 767 1663 Quis
788 1629 889 1654 sane
921 1614 1046 1661 calix,
1071 1620 1150 1654 aut
1171 1613 1319 1668 potius
1352 1627 1449 1667 quae
1477 1611 1565 1651 vini
1593 1611 1816 1667 amphorae

358 1701 436 1726 seu
460 1685 577 1727 dolia
600 1692 736 1727 tantae
757 1692 969 1741 poterunt
990 1684 1265 1726 multitudini
1287 1683 1515 1725 sufficere?
1569 1684 1663 1725 Nec
1686 1691 1815 1726 certae

358 1759 635 1808 conditiones,
660 1774 759 1815 quae
781 1774 806 1800 a
825 1759 1044 1799 nonnullis
1064 1765 1384 1815 proponuntur,
1408 1758 1511 1799 satis
1530 1757 1586 1799 ad
1607 1758 1815 1800 tuendam

360 1832 521 1889 Synodi
553 1832 855 1873 auctoritatem
889 1846 980 1873 esse
1011 1831 1230 1880 videntur,
1263 1847 1361 1873 cum
1395 1831 1518 1872 facile
1539 1831 1707 1886 possint
1728 1832 1815 1872 illae

357 1920 442 1946 non
475 1905 719 1961 adimpleri,
758 1912 801 1946 et
834 1912 979 1946 tamen
1014 1905 1255 1947 Decretum
1290 1905 1476 1947 Concilii
1504 1912 1714 1961 tanquam
1750 1920 1815 1946 co-

358 1978 521 2019 lumnis
557 1977 821 2018 universalis
856 1978 1064 2019 Ecclesiae
1098 1979 1275 2019 affixum
1307 1978 1533 2019 hominum
1569 1979 1815 2035 posteritati

359 2058 574 2107 perpetuo
592 2051 877 2106 relinquetur.
941 2051 1039 2092 Has
1060 2051 1199 2108 igitur
1221 2052 1290 2092 Smi
1313 2051 1494 2092 Domini
1514 2052 1650 2093 nostri
1669 2059 1818 2107 partes
1872 2088 1875 2090 .

359 2125 508 2180 potius
529 2140 620 2166 esse
642 2125 861 2173 ducerem,
893 2125 967 2180 qui
998 2140 1076 2180 per
1107 2126 1299 2173 nuncios,
1335 2126 1564 2182 legatosve
1593 2140 1693 2166 suos
1723 2140 1814 2166 rem
1872 2154 1878 2173 1

359 2198 517 2240 certius
539 2198 800 2254 exploraret,
835 2214 882 2239 ac
904 2198 1020 2254 quod
1043 2199 1197 2240 utilius
1218 2207 1331 2240 esset
1357 2200 1595 2255 diplomate
1616 2214 1696 2240 suo
1717 2214 1815 2240 con-

360 2271 547 2320 cederet,
582 2286 681 2312 eum
711 2271 957 2327 praesertim
985 2287 1053 2313 res
1075 2272 1167 2314 haec
1190 2273 1244 2314 ad
1265 2280 1402 2314 certas
1423 2280 1594 2314 tantum
1617 2273 1816 2314 nationes
1868 2321 1871 2328 μ

361 2360 407 2385 ac
429 2345 618 2401 populos
637 2345 854 2402 pertineat
866 2362 877 2395 3
916 2345 1079 2401 quibus
1107 2347 1341 2402 privilegio
1364 2347 1609 2403 praeceptis,
1631 2346 1748 2402 quod
1768 2361 1814 2387 re
1872 2338 1874 2342 ’

359 2417 561 2473 exigente
594 2417 719 2459 facile
760 2418 890 2458 etiam
932 2425 1173 2467 revocatur,
1216 2420 1363 2474 aptius
1403 2419 1624 2475 provideri
1655 2425 1812 2475 potest,

360 2504 491 2544 quam
526 2489 690 2546 Synodi
721 2491 952 2540 sanctione,
985 2506 1085 2546 quae
1108 2493 1360 2534 universum
1383 2493 1546 2540 orbem,
1568 2507 1653 2533 non
1675 2498 1814 2533 certas
1864 2531 1866 2533 ,

359 2570 531 2604 tantum
555 2570 719 2620 gentes,
743 2564 974 2620 complecti
997 2564 1122 2605 solet.

415 2638 901 2694 Bracarensis—-magni
923 2638 1113 2694 profecto
1141 2638 1219 2679 hoc
1244 2646 1308 2680 est
1339 2640 1518 2688 consilii,
1552 2655 1648 2680 cum
1668 2654 1737 2680 res
1758 2639 1813 2680 ad
1864 2642 1869 2661 ³

357 2723 428 2749 eos
449 2711 681 2765 pertineat,
705 2726 889 2766 quorum
912 2726 1050 2752 mores
1071 2712 1194 2752 nobis
1222 2720 1324 2753 sunt
1355 2713 1519 2768 ignoti3
1551 2711 1739 2766 ideoque
1769 2712 1813 2751 in
1860 2710 1867 2762 j

357 2784 449 2837 ejus
469 2783 781 2826 deliberatione
803 2793 847 2826 et
867 2800 956 2834 nos,
980 2792 1024 2826 et
1047 2786 1253 2826 Summus
1275 2786 1496 2834 Pontifex,
1520 2785 1645 2826 facile
1668 2800 1810 2826 errare
1865 2775 1868 2820 ἶ

356 2856 595 2908 possimus;
633 2857 807 2912 quando
840 2857 907 2898 hic
941 2873 1025 2898 non
1054 2858 1213 2914 dogma
1244 2866 1320 2900 aut
1350 2858 1528 2899 haeresis
1549 2858 1808 2899 definiatur:
1862 2883 1869 2914 3

1895 87 1905 146 ιὲ

1895 150 1905 164 ..
