<?xml version="1.0" encoding="UTF-8"?>
<!DOCTYPE html PUBLIC "-//W3C//DTD XHTML 1.0 Transitional//EN"
    "http://www.w3.org/TR/xhtml1/DTD/xhtml1-transitional.dtd">
<html xmlns="http://www.w3.org/1999/xhtml" xml:lang="en" lang="en">
 <head>
  <title>
</title>
<meta http-equiv="Content-Type" content="text/html;charset=utf-8" />
  <meta name='ocr-system' content='tesseract 3.04.00' />
  <meta name='ocr-capabilities' content='ocr_page ocr_carea ocr_par ocr_line ocrx_word'/>
</head>
<body>
  <div class='ocr_page' id='page_1' title='image "actaconciliitrid00paleuoft_0244.png"; bbox 0 0 1905 3254; ppageno 0'>
   <div class='ocr_carea' id='block_1_1' title="bbox 377 302 1179 340">
    <p class='ocr_par' dir='ltr' id='par_1_1' title="bbox 377 302 1179 340">
     <span class='ocr_line' id='line_1_1' title="bbox 377 302 1179 340; baseline -0.009 -1"><span class='ocrx_word' id='word_1_1' title='bbox 377 302 455 340; x_wconf 61' lang='lat'>108</span> <span class='ocrx_word' id='word_1_2' title='bbox 1003 307 1116 337; x_wconf 64' lang='lat' dir='ltr'>sess.</span> <span class='ocrx_word' id='word_1_3' title='bbox 1140 305 1179 332; x_wconf 67' lang='lat' dir='ltr'>v.</span> 
     </span>
    </p>
   </div>
   <div class='ocr_carea' id='block_1_2' title="bbox 376 403 1828 464">
    <p class='ocr_par' dir='ltr' id='par_1_2' title="bbox 376 403 1828 464">
     <span class='ocr_line' id='line_1_2' title="bbox 376 403 1828 464; baseline -0.016 0"><span class='ocrx_word' id='word_1_4' title='bbox 376 422 582 464; x_wconf 88' lang='lat' dir='ltr'>mutilata</span> <span class='ocrx_word' id='word_1_5' title='bbox 612 426 656 460; x_wconf 87' lang='lat' dir='ltr'>ct</span> <span class='ocrx_word' id='word_1_6' title='bbox 685 430 886 459; x_wconf 86' lang='lat' dir='ltr'>concussa</span> <span class='ocrx_word' id='word_1_7' title='bbox 917 419 997 461; x_wconf 87' lang='lat' dir='ltr'>est,</span> <span class='ocrx_word' id='word_1_8' title='bbox 1032 409 1208 452; x_wconf 86' lang='lat' dir='ltr'>tandem</span> <span class='ocrx_word' id='word_1_9' title='bbox 1239 409 1283 448; x_wconf 89' lang='lat' dir='ltr'>in</span> <span class='ocrx_word' id='word_1_10' title='bbox 1306 422 1355 448; x_wconf 94' lang='lat' dir='ltr'>eo</span> <span class='ocrx_word' id='word_1_11' title='bbox 1377 419 1522 447; x_wconf 89' lang='lat' dir='ltr'>omnes</span> <span class='ocrx_word' id='word_1_12' title='bbox 1553 403 1828 451; x_wconf 86' lang='lat' dir='ltr'>conveniunt,</span> 
     </span>
    </p>
   </div>
   <div class='ocr_carea' id='block_1_3' title="bbox 376 476 1905 1062">
    <p class='ocr_par' dir='ltr' id='par_1_3' title="bbox 376 476 1905 696">
     <span class='ocr_line' id='line_1_3' title="bbox 376 476 1905 538; baseline -0.016 -1"><span class='ocrx_word' id='word_1_13' title='bbox 376 496 504 537; x_wconf 91' lang='lat' dir='ltr'>illum</span> <span class='ocrx_word' id='word_1_14' title='bbox 529 498 731 535; x_wconf 88' lang='lat' dir='ltr'>accurate</span> <span class='ocrx_word' id='word_1_15' title='bbox 753 486 1085 533; x_wconf 79' lang='lat' dir='ltr'>emendandam,</span> <span class='ocrx_word' id='word_1_16' title='bbox 1109 499 1156 524; x_wconf 88' lang='lat' dir='ltr'>ac</span> <span class='ocrx_word' id='word_1_17' title='bbox 1182 480 1461 538; x_wconf 84' lang='lat' dir='ltr'>paucioribus</span> <span class='ocrx_word' id='word_1_18' title='bbox 1489 476 1635 519; x_wconf 79' lang='lat' dir='ltr'>verbis</span> <span class='ocrx_word' id='word_1_19' title='bbox 1668 482 1831 516; x_wconf 87' lang='lat' dir='ltr'>contra·</span> <span class='ocrx_word' id='word_1_20' title='bbox 1901 497 1905 527; x_wconf 62' lang='lat' dir='ltr'>l</span> 
     </span>
     <span class='ocr_line' id='line_1_4' title="bbox 377 547 1905 619; baseline -0.016 -11"><span class='ocrx_word' id='word_1_21' title='bbox 377 566 588 608; x_wconf 87' lang='lat' dir='ltr'>hendam:</span> <span class='ocrx_word' id='word_1_22' title='bbox 623 563 741 619; x_wconf 89' lang='lat' dir='ltr'>quod</span> <span class='ocrx_word' id='word_1_23' title='bbox 773 561 1003 618; x_wconf 85' lang='lat' dir='ltr'>negotium</span> <span class='ocrx_word' id='word_1_24' title='bbox 1037 555 1247 598; x_wconf 86' lang='lat' dir='ltr'>Patribus</span> <span class='ocrx_word' id='word_1_25' title='bbox 1276 560 1404 594; x_wconf 90' lang='lat' dir='ltr'>antea</span> <span class='ocrx_word' id='word_1_26' title='bbox 1432 550 1488 592; x_wconf 90' lang='lat' dir='ltr'>ad</span> <span class='ocrx_word' id='word_1_27' title='bbox 1508 549 1553 590; x_wconf 89' lang='lat' dir='ltr'>id</span> <span class='ocrx_word' id='word_1_28' title='bbox 1573 547 1831 594; x_wconf 86' lang='lat' dir='ltr'>constitutis,</span> <span class='ocrx_word' id='word_1_29' title='bbox 1884 547 1905 614; x_wconf 74' lang='lat' dir='ltr'>l</span> 
     </span>
     <span class='ocr_line' id='line_1_5' title="bbox 380 631 1158 696; baseline -0.015 -14"><span class='ocrx_word' id='word_1_30' title='bbox 380 641 566 696; x_wconf 87' lang='lat' dir='ltr'>aliisque</span> <span class='ocrx_word' id='word_1_31' title='bbox 586 653 704 679; x_wconf 88' lang='lat' dir='ltr'>nunc</span> <span class='ocrx_word' id='word_1_32' title='bbox 725 637 776 678; x_wconf 91' lang='lat' dir='ltr'>iis</span> <span class='ocrx_word' id='word_1_33' title='bbox 797 633 993 690; x_wconf 86' lang='lat' dir='ltr'>adjectis,</span> <span class='ocrx_word' id='word_1_34' title='bbox 1017 631 1158 672; x_wconf 89' lang='lat' dir='ltr'>datur.</span> 
     </span>
    </p>

    <p class='ocr_par' dir='ltr' id='par_1_4' title="bbox 380 695 1904 1062">
     <span class='ocr_line' id='line_1_6' title="bbox 438 695 1894 768; baseline -0.016 -13"><span class='ocrx_word' id='word_1_35' title='bbox 438 715 555 755; x_wconf 88' lang='lat' dir='ltr'>Tum</span> <span class='ocrx_word' id='word_1_36' title='bbox 580 712 742 768; x_wconf 81' lang='lat' dir='ltr'>Legati</span> <span class='ocrx_word' id='word_1_37' title='bbox 772 710 934 766; x_wconf 83' lang='lat' dir='ltr'>jubent</span> <span class='ocrx_word' id='word_1_38' title='bbox 961 707 1135 747; x_wconf 88' lang='lat' dir='ltr'>decreta</span> <span class='ocrx_word' id='word_1_39' title='bbox 1166 704 1272 745; x_wconf 87' lang='lat' dir='ltr'>alias</span> <span class='ocrx_word' id='word_1_40' title='bbox 1297 700 1534 757; x_wconf 81' lang='lat' dir='ltr'>composita</span> <span class='ocrx_word' id='word_1_41' title='bbox 1554 697 1608 737; x_wconf 88' lang='lat' dir='ltr'>de</span> <span class='ocrx_word' id='word_1_42' title='bbox 1629 695 1833 736; x_wconf 88' lang='lat' dir='ltr'>reforma·</span> <span class='ocrx_word' id='word_1_43' title='bbox 1884 706 1894 733; x_wconf 77' lang='grc'>’.</span> 
     </span>
     <span class='ocr_line' id='line_1_7' title="bbox 380 766 1834 829; baseline -0.016 0"><span class='ocrx_word' id='word_1_44' title='bbox 380 788 495 829; x_wconf 89' lang='lat' dir='ltr'>tione</span> <span class='ocrx_word' id='word_1_45' title='bbox 530 801 578 827; x_wconf 88' lang='lat' dir='ltr'>ac</span> <span class='ocrx_word' id='word_1_46' title='bbox 609 784 820 826; x_wconf 86' lang='lat' dir='ltr'>Patribus</span> <span class='ocrx_word' id='word_1_47' title='bbox 851 781 1017 823; x_wconf 89' lang='lat' dir='ltr'>dudum</span> <span class='ocrx_word' id='word_1_48' title='bbox 1058 793 1203 820; x_wconf 89' lang='lat' dir='ltr'>mense</span> <span class='ocrx_word' id='word_1_49' title='bbox 1245 775 1357 817; x_wconf 89' lang='lat' dir='ltr'>Maii</span> <span class='ocrx_word' id='word_1_50' title='bbox 1398 772 1528 820; x_wconf 88' lang='lat' dir='ltr'>edita,</span> <span class='ocrx_word' id='word_1_51' title='bbox 1570 766 1834 825; x_wconf 88' lang='lat' dir='ltr'>quibusdam</span> 
     </span>
     <span class='ocr_line' id='line_1_8' title="bbox 382 830 1904 914; baseline -0.015 -12"><span class='ocrx_word' id='word_1_52' title='bbox 382 869 528 903; x_wconf 88' lang='lat' dir='ltr'>tamen</span> <span class='ocrx_word' id='word_1_53' title='bbox 558 856 883 914; x_wconf 77' lang='lat' dir='ltr'>impedimentis</span> <span class='ocrx_word' id='word_1_54' title='bbox 918 853 1082 895; x_wconf 86' lang='lat' dir='ltr'>obortis</span> <span class='ocrx_word' id='word_1_55' title='bbox 1114 853 1159 892; x_wconf 90' lang='lat' dir='ltr'>in</span> <span class='ocrx_word' id='word_1_56' title='bbox 1190 850 1269 891; x_wconf 90' lang='lat' dir='ltr'>hoc</span> <span class='ocrx_word' id='word_1_57' title='bbox 1305 861 1444 903; x_wconf 86' lang='lat' dir='ltr'>usque</span> <span class='ocrx_word' id='word_1_58' title='bbox 1478 852 1653 900; x_wconf 83' lang='lat' dir='ltr'>tempus</span> <span class='ocrx_word' id='word_1_59' title='bbox 1689 841 1836 890; x_wconf 86' lang='lat' dir='ltr'>dilata,</span> <span class='ocrx_word' id='word_1_60' title='bbox 1883 830 1904 844; x_wconf 65' lang='grc'><em>’</em></span> 
     </span>
     <span class='ocr_line' id='line_1_9' title="bbox 380 915 1892 988; baseline -0.015 -12"><span class='ocrx_word' id='word_1_61' title='bbox 380 949 495 975; x_wconf 86' lang='lat' dir='ltr'>nunc</span> <span class='ocrx_word' id='word_1_62' title='bbox 511 932 664 988; x_wconf 86' lang='lat' dir='ltr'>repeti,</span> <span class='ocrx_word' id='word_1_63' title='bbox 698 937 748 971; x_wconf 91' lang='lat' dir='ltr'>ut</span> <span class='ocrx_word' id='word_1_64' title='bbox 769 927 1029 984; x_wconf 83' lang='lat' dir='ltr'>conjunctim</span> <span class='ocrx_word' id='word_1_65' title='bbox 1050 926 1094 966; x_wconf 88' lang='lat' dir='ltr'>in</span> <span class='ocrx_word' id='word_1_66' title='bbox 1118 924 1327 969; x_wconf 86' lang='lat' dir='ltr'>Sessione,</span> <span class='ocrx_word' id='word_1_67' title='bbox 1351 928 1439 962; x_wconf 84' lang='lat' dir='ltr'>tam</span> <span class='ocrx_word' id='word_1_68' title='bbox 1463 934 1514 960; x_wconf 88' lang='lat' dir='ltr'>ca</span> <span class='ocrx_word' id='word_1_69' title='bbox 1535 933 1634 973; x_wconf 85' lang='lat' dir='ltr'>quae</span> <span class='ocrx_word' id='word_1_70' title='bbox 1657 916 1712 957; x_wconf 88' lang='lat' dir='ltr'>ad</span> <span class='ocrx_word' id='word_1_71' title='bbox 1733 915 1836 971; x_wconf 88' lang='lat' dir='ltr'>dog·</span> <span class='ocrx_word' id='word_1_72' title='bbox 1883 923 1892 934; x_wconf 62' lang='lat'>¹*</span> 
     </span>
     <span class='ocr_line' id='line_1_10' title="bbox 382 991 1888 1062; baseline -0.014 -13"><span class='ocrx_word' id='word_1_73' title='bbox 382 1013 500 1048; x_wconf 87' lang='lat' dir='ltr'>mata</span> <span class='ocrx_word' id='word_1_74' title='bbox 521 1021 653 1062; x_wconf 87' lang='lat' dir='ltr'>quam</span> <span class='ocrx_word' id='word_1_75' title='bbox 675 1018 775 1060; x_wconf 81' lang='lat' dir='ltr'>quae</span> <span class='ocrx_word' id='word_1_76' title='bbox 800 1002 854 1043; x_wconf 91' lang='lat' dir='ltr'>ad</span> <span class='ocrx_word' id='word_1_77' title='bbox 874 1000 1227 1042; x_wconf 83' lang='lat' dir='ltr'>reformationem</span> <span class='ocrx_word' id='word_1_78' title='bbox 1250 1000 1460 1052; x_wconf 86' lang='lat' dir='ltr'>spectant,</span> <span class='ocrx_word' id='word_1_79' title='bbox 1483 991 1756 1033; x_wconf 85' lang='lat' dir='ltr'>sanciantur:</span> <span class='ocrx_word' id='word_1_80' title='bbox 1789 1004 1839 1030; x_wconf 89' lang='lat' dir='ltr'>ea</span> <span class='ocrx_word' id='word_1_81' title='bbox 1886 1023 1888 1026; x_wconf 96' lang='lat'>.</span> 
     </span>
    </p>
   </div>
   <div class='ocr_carea' id='block_1_4' title="bbox 382 1075 792 1135">
    <p class='ocr_par' dir='ltr' id='par_1_5' title="bbox 382 1075 792 1135">
     <span class='ocr_line' id='line_1_11' title="bbox 382 1075 792 1135; baseline -0.015 -14"><span class='ocrx_word' id='word_1_82' title='bbox 382 1086 507 1120; x_wconf 86' lang='lat' dir='ltr'>erant</span> <span class='ocrx_word' id='word_1_83' title='bbox 526 1075 792 1135; x_wconf 86' lang='lat' dir='ltr'>hujusmodi.</span> 
     </span>
    </p>
   </div>
   <div class='ocr_carea' id='block_1_5' title="bbox 553 1189 1677 1341">
    <p class='ocr_par' dir='ltr' id='par_1_6' title="bbox 553 1189 1677 1341">
     <span class='ocr_line' id='line_1_12' title="bbox 553 1189 1677 1256; baseline -0.012 -8"><span class='ocrx_word' id='word_1_84' title='bbox 553 1202 755 1248; x_wconf 79' lang='lat' dir='ltr'>Decreta</span> <span class='ocrx_word' id='word_1_85' title='bbox 780 1199 838 1245; x_wconf 86' lang='lat' dir='ltr'>de</span> <span class='ocrx_word' id='word_1_86' title='bbox 864 1195 1219 1244; x_wconf 80' lang='lat' dir='ltr'>Reformatione</span> <span class='ocrx_word' id='word_1_87' title='bbox 1244 1192 1498 1256; x_wconf 84' lang='lat' dir='ltr'>proposita,</span> <span class='ocrx_word' id='word_1_88' title='bbox 1524 1206 1584 1235; x_wconf 90' lang='lat' dir='ltr'>an</span> <span class='ocrx_word' id='word_1_89' title='bbox 1611 1189 1677 1234; x_wconf 85' lang='lat' dir='ltr'>ita</span> 
     </span>
     <span class='ocr_line' id='line_1_13' title="bbox 1009 1277 1229 1341; baseline -0.009 -18"><span class='ocrx_word' id='word_1_90' title='bbox 1009 1277 1229 1341; x_wconf 80' lang='lat' dir='ltr'>placeret.</span> 
     </span>
    </p>
   </div>
   <div class='ocr_carea' id='block_1_6' title="bbox 388 1367 1891 2833">
    <p class='ocr_par' dir='ltr' id='par_1_7' title="bbox 388 1367 1903 1936">
     <span class='ocr_line' id='line_1_14' title="bbox 448 1367 1888 1432; baseline -0.013 -7"><span class='ocrx_word' id='word_1_91' title='bbox 448 1384 563 1425; x_wconf 88' lang='lat' dir='ltr'>Cum</span> <span class='ocrx_word' id='word_1_92' title='bbox 586 1382 693 1423; x_wconf 83' lang='lat' dir='ltr'>alias</span> <span class='ocrx_word' id='word_1_93' title='bbox 709 1378 920 1420; x_wconf 85' lang='lat' dir='ltr'>nonnulla</span> <span class='ocrx_word' id='word_1_94' title='bbox 946 1375 1069 1432; x_wconf 88' lang='lat' dir='ltr'>[tam]</span> <span class='ocrx_word' id='word_1_95' title='bbox 1092 1375 1202 1415; x_wconf 87' lang='lat' dir='ltr'>circa</span> <span class='ocrx_word' id='word_1_96' title='bbox 1222 1372 1446 1427; x_wconf 81' lang='lat' dir='ltr'>Dogmata</span> <span class='ocrx_word' id='word_1_97' title='bbox 1464 1385 1596 1425; x_wconf 90' lang='lat' dir='ltr'>quam</span> <span class='ocrx_word' id='word_1_98' title='bbox 1619 1367 1841 1410; x_wconf 86' lang='lat' dir='ltr'>Reforma-</span> <span class='ocrx_word' id='word_1_99' title='bbox 1885 1415 1888 1419; x_wconf 19' lang='lat'>⁸</span> 
     </span>
     <span class='ocr_line' id='line_1_15' title="bbox 388 1439 1889 1511; baseline -0.014 -12"><span class='ocrx_word' id='word_1_100' title='bbox 388 1457 518 1499; x_wconf 88' lang='lat' dir='ltr'>tionis</span> <span class='ocrx_word' id='word_1_101' title='bbox 548 1454 778 1511; x_wconf 87' lang='lat' dir='ltr'>negotium</span> <span class='ocrx_word' id='word_1_102' title='bbox 802 1453 847 1492; x_wconf 90' lang='lat' dir='ltr'>in</span> <span class='ocrx_word' id='word_1_103' title='bbox 872 1450 951 1492; x_wconf 88' lang='lat' dir='ltr'>hoc</span> <span class='ocrx_word' id='word_1_104' title='bbox 984 1448 1136 1490; x_wconf 89' lang='lat' dir='ltr'>eodem</span> <span class='ocrx_word' id='word_1_105' title='bbox 1159 1453 1304 1487; x_wconf 90' lang='lat' dir='ltr'>sancto</span> <span class='ocrx_word' id='word_1_106' title='bbox 1328 1443 1522 1484; x_wconf 84' lang='lat' dir='ltr'>Concilio</span> <span class='ocrx_word' id='word_1_107' title='bbox 1544 1442 1600 1482; x_wconf 89' lang='lat' dir='ltr'>ab</span> <span class='ocrx_word' id='word_1_108' title='bbox 1622 1439 1843 1481; x_wconf 84' lang='lat' dir='ltr'>anteriori·</span> <span class='ocrx_word' id='word_1_109' title='bbox 1885 1464 1889 1478; x_wconf 79' lang='grc'><strong>.</strong></span> 
     </span>
     <span class='ocr_line' id='line_1_16' title="bbox 390 1513 1890 1572; baseline -0.014 0"><span class='ocrx_word' id='word_1_110' title='bbox 390 1532 475 1572; x_wconf 87' lang='lat' dir='ltr'>bus</span> <span class='ocrx_word' id='word_1_111' title='bbox 496 1528 707 1570; x_wconf 88' lang='lat' dir='ltr'>Patribus</span> <span class='ocrx_word' id='word_1_112' title='bbox 722 1525 886 1566; x_wconf 80' lang='lat' dir='ltr'>fuerint</span> <span class='ocrx_word' id='word_1_113' title='bbox 902 1522 1085 1568; x_wconf 86' lang='lat' dir='ltr'>decreta,</span> <span class='ocrx_word' id='word_1_114' title='bbox 1103 1519 1294 1560; x_wconf 92' lang='lat' dir='ltr'>nondum</span> <span class='ocrx_word' id='word_1_115' title='bbox 1312 1524 1457 1558; x_wconf 88' lang='lat' dir='ltr'>tamen</span> <span class='ocrx_word' id='word_1_116' title='bbox 1470 1514 1615 1555; x_wconf 88' lang='lat' dir='ltr'>omnia</span> <span class='ocrx_word' id='word_1_117' title='bbox 1628 1513 1842 1561; x_wconf 88' lang='lat' dir='ltr'>absoluta,</span> <span class='ocrx_word' id='word_1_118' title='bbox 1888 1563 1890 1565; x_wconf 66' lang='lat'>‚</span> 
     </span>
     <span class='ocr_line' id='line_1_17' title="bbox 390 1585 1883 1655; baseline -0.014 -11"><span class='ocrx_word' id='word_1_119' title='bbox 390 1603 468 1644; x_wconf 87' lang='lat' dir='ltr'>scd</span> <span class='ocrx_word' id='word_1_120' title='bbox 489 1601 632 1643; x_wconf 90' lang='lat' dir='ltr'>adhuc</span> <span class='ocrx_word' id='word_1_121' title='bbox 655 1597 859 1655; x_wconf 82' lang='lat' dir='ltr'>quaedam</span> <span class='ocrx_word' id='word_1_122' title='bbox 882 1593 1113 1636; x_wconf 88' lang='lat' dir='ltr'>sancienda</span> <span class='ocrx_word' id='word_1_123' title='bbox 1134 1590 1369 1647; x_wconf 84' lang='lat' dir='ltr'>supersint,</span> <span class='ocrx_word' id='word_1_124' title='bbox 1391 1588 1553 1629; x_wconf 84' lang='lat' dir='ltr'>idcirco</span> <span class='ocrx_word' id='word_1_125' title='bbox 1581 1586 1734 1627; x_wconf 88' lang='lat' dir='ltr'>eadem</span> <span class='ocrx_word' id='word_1_126' title='bbox 1768 1585 1842 1626; x_wconf 88' lang='lat' dir='ltr'>Sa·</span> <span class='ocrx_word' id='word_1_127' title='bbox 1880 1627 1883 1629; x_wconf 63' lang='grc'><strong>,</strong></span> 
     </span>
     <span class='ocr_line' id='line_1_18' title="bbox 388 1653 1890 1723; baseline -0.013 -7"><span class='ocrx_word' id='word_1_128' title='bbox 388 1680 612 1716; x_wconf 88' lang='lat' dir='ltr'>crosancta</span> <span class='ocrx_word' id='word_1_129' title='bbox 633 1670 894 1712; x_wconf 87' lang='lat' dir='ltr'>Tridentina</span> <span class='ocrx_word' id='word_1_130' title='bbox 917 1666 1116 1723; x_wconf 72' lang='lat' dir='ltr'>Synodus</span> <span class='ocrx_word' id='word_1_131' title='bbox 1138 1671 1216 1705; x_wconf 92' lang='lat' dir='ltr'>etc.</span> <span class='ocrx_word' id='word_1_132' title='bbox 1241 1664 1418 1718; x_wconf 86' lang='lat' dir='ltr'>incepta</span> <span class='ocrx_word' id='word_1_133' title='bbox 1438 1659 1703 1707; x_wconf 87' lang='lat' dir='ltr'>continuare,</span> <span class='ocrx_word' id='word_1_134' title='bbox 1726 1665 1769 1699; x_wconf 87' lang='lat' dir='ltr'>et</span> <span class='ocrx_word' id='word_1_135' title='bbox 1791 1657 1845 1700; x_wconf 87' lang='lat' dir='ltr'>ad</span> <span class='ocrx_word' id='word_1_136' title='bbox 1879 1653 1890 1692; x_wconf 60' lang='grc' dir='ltr'><em>ἴ</em></span> 
     </span>
     <span class='ocr_line' id='line_1_19' title="bbox 388 1732 1845 1794; baseline -0.011 -6"><span class='ocrx_word' id='word_1_137' title='bbox 388 1746 659 1788; x_wconf 82' lang='lat' dir='ltr'>laudabilem</span> <span class='ocrx_word' id='word_1_138' title='bbox 682 1743 886 1784; x_wconf 86' lang='lat' dir='ltr'>effectum</span> <span class='ocrx_word' id='word_1_139' title='bbox 909 1739 1098 1780; x_wconf 92' lang='lat' dir='ltr'>Domino</span> <span class='ocrx_word' id='word_1_140' title='bbox 1118 1736 1358 1794; x_wconf 83' lang='lat' dir='ltr'>perducere</span> <span class='ocrx_word' id='word_1_141' title='bbox 1390 1734 1584 1790; x_wconf 84' lang='lat' dir='ltr'>cupiens,</span> <span class='ocrx_word' id='word_1_142' title='bbox 1617 1733 1769 1788; x_wconf 88' lang='lat' dir='ltr'>aliqua</span> <span class='ocrx_word' id='word_1_143' title='bbox 1800 1732 1845 1772; x_wconf 92' lang='lat' dir='ltr'>in</span> 
     </span>
     <span class='ocr_line' id='line_1_20' title="bbox 390 1806 1846 1877; baseline -0.011 -15"><span class='ocrx_word' id='word_1_144' title='bbox 390 1819 583 1877; x_wconf 82' lang='lat' dir='ltr'>presenti</span> <span class='ocrx_word' id='word_1_145' title='bbox 613 1817 811 1876; x_wconf 75' lang='lat' dir='ltr'>Sessione</span> <span class='ocrx_word' id='word_1_146' title='bbox 833 1811 1105 1855; x_wconf 85' lang='lat' dir='ltr'>decernenda</span> <span class='ocrx_word' id='word_1_147' title='bbox 1127 1810 1316 1867; x_wconf 76' lang='lat' dir='ltr'>putavit,</span> <span class='ocrx_word' id='word_1_148' title='bbox 1340 1823 1440 1865; x_wconf 82' lang='lat' dir='ltr'>quae</span> <span class='ocrx_word' id='word_1_149' title='bbox 1464 1807 1519 1849; x_wconf 90' lang='lat' dir='ltr'>ad</span> <span class='ocrx_word' id='word_1_150' title='bbox 1548 1806 1846 1848; x_wconf 88' lang='lat' dir='ltr'>Ecclesiarum</span> 
     </span>
     <span class='ocr_line' id='line_1_21' title="bbox 390 1870 1891 1936; baseline -0.012 -1"><span class='ocrx_word' id='word_1_151' title='bbox 390 1893 679 1935; x_wconf 88' lang='lat' dir='ltr'>ministerium</span> <span class='ocrx_word' id='word_1_152' title='bbox 702 1896 745 1931; x_wconf 89' lang='lat' dir='ltr'>et</span> <span class='ocrx_word' id='word_1_153' title='bbox 766 1889 935 1930; x_wconf 88' lang='lat' dir='ltr'>cultum</span> <span class='ocrx_word' id='word_1_154' title='bbox 956 1886 1046 1927; x_wconf 90' lang='lat' dir='ltr'>Dei</span> <span class='ocrx_word' id='word_1_155' title='bbox 1064 1886 1148 1926; x_wconf 90' lang='lat' dir='ltr'>rite</span> <span class='ocrx_word' id='word_1_156' title='bbox 1169 1881 1485 1925; x_wconf 87' lang='lat' dir='ltr'>instituendum</span> <span class='ocrx_word' id='word_1_157' title='bbox 1508 1879 1742 1936; x_wconf 82' lang='lat' dir='ltr'>pertinent.</span> <span class='ocrx_word' id='word_1_158' title='bbox 1880 1870 1891 1878; x_wconf 38' lang='grc' dir='ltr'>ι’</span> 
     </span>
    </p>

    <p class='ocr_par' dir='ltr' id='par_1_8' title="bbox 392 1948 1884 2677">
     <span class='ocr_line' id='line_1_22' title="bbox 451 1948 1880 2017; baseline -0.012 -9"><span class='ocrx_word' id='word_1_159' title='bbox 451 1967 525 2008; x_wconf 84' lang='grc' dir='ltr'>Α(1</span> <span class='ocrx_word' id='word_1_160' title='bbox 545 1963 860 2007; x_wconf 88' lang='lat' dir='ltr'>moderandum</span> <span class='ocrx_word' id='word_1_161' title='bbox 882 1962 1021 2017; x_wconf 87' lang='lat' dir='ltr'>igitur</span> <span class='ocrx_word' id='word_1_162' title='bbox 1040 1973 1277 2000; x_wconf 87' lang='lat' dir='ltr'>numerum</span> <span class='ocrx_word' id='word_1_163' title='bbox 1300 1955 1596 2000; x_wconf 81' lang='lat' dir='ltr'>Sacerdotum,</span> <span class='ocrx_word' id='word_1_164' title='bbox 1620 1968 1717 1994; x_wconf 89' lang='lat' dir='ltr'>cum</span> <span class='ocrx_word' id='word_1_165' title='bbox 1739 1967 1846 1994; x_wconf 89' lang='lat' dir='ltr'>com-</span> <span class='ocrx_word' id='word_1_166' title='bbox 1873 1948 1880 1972; x_wconf 67' lang='lat'><strong>²</strong></span> 
     </span>
     <span class='ocr_line' id='line_1_23' title="bbox 392 2023 1881 2097; baseline -0.012 -14"><span class='ocrx_word' id='word_1_167' title='bbox 392 2047 568 2097; x_wconf 86' lang='lat' dir='ltr'>pertum</span> <span class='ocrx_word' id='word_1_168' title='bbox 603 2039 658 2080; x_wconf 88' lang='lat' dir='ltr'>sit</span> <span class='ocrx_word' id='word_1_169' title='bbox 692 2036 977 2094; x_wconf 86' lang='lat' dir='ltr'>quamplures</span> <span class='ocrx_word' id='word_1_170' title='bbox 1010 2032 1066 2074; x_wconf 89' lang='lat' dir='ltr'>ad</span> <span class='ocrx_word' id='word_1_171' title='bbox 1097 2046 1239 2073; x_wconf 87' lang='lat' dir='ltr'>sacros</span> <span class='ocrx_word' id='word_1_172' title='bbox 1268 2030 1442 2071; x_wconf 88' lang='lat' dir='ltr'>ordines</span> <span class='ocrx_word' id='word_1_173' title='bbox 1462 2027 1637 2085; x_wconf 86' lang='lat' dir='ltr'>passim,</span> <span class='ocrx_word' id='word_1_174' title='bbox 1660 2034 1704 2068; x_wconf 88' lang='lat' dir='ltr'>et</span> <span class='ocrx_word' id='word_1_175' title='bbox 1724 2025 1848 2067; x_wconf 92' lang='lat' dir='ltr'>nullo</span> <span class='ocrx_word' id='word_1_176' title='bbox 1873 2023 1881 2037; x_wconf 77' lang='grc'>””</span> 
     </span>
     <span class='ocr_line' id='line_1_24' title="bbox 394 2101 1884 2165; baseline -0.011 -9"><span class='ocrx_word' id='word_1_177' title='bbox 394 2114 569 2156; x_wconf 85' lang='lat' dir='ltr'>delectu</span> <span class='ocrx_word' id='word_1_178' title='bbox 592 2111 778 2160; x_wconf 84' lang='lat' dir='ltr'>admitti,</span> <span class='ocrx_word' id='word_1_179' title='bbox 802 2109 879 2165; x_wconf 90' lang='lat' dir='ltr'>qui</span> <span class='ocrx_word' id='word_1_180' title='bbox 901 2107 1031 2149; x_wconf 89' lang='lat' dir='ltr'>variis</span> <span class='ocrx_word' id='word_1_181' title='bbox 1054 2106 1224 2147; x_wconf 86' lang='lat' dir='ltr'>artibus</span> <span class='ocrx_word' id='word_1_182' title='bbox 1246 2111 1291 2145; x_wconf 90' lang='lat' dir='ltr'>et</span> <span class='ocrx_word' id='word_1_183' title='bbox 1312 2102 1493 2144; x_wconf 88' lang='lat' dir='ltr'>fallaciis</span> <span class='ocrx_word' id='word_1_184' title='bbox 1515 2101 1782 2157; x_wconf 87' lang='lat' dir='ltr'>confingunt,</span> <span class='ocrx_word' id='word_1_185' title='bbox 1804 2113 1847 2140; x_wconf 86' lang='lat' dir='ltr'>se</span> <span class='ocrx_word' id='word_1_186' title='bbox 1876 2127 1884 2155; x_wconf 64' lang='lat'><em>2</em></span> 
     </span>
     <span class='ocr_line' id='line_1_25' title="bbox 395 2173 1849 2233; baseline -0.012 -3"><span class='ocrx_word' id='word_1_187' title='bbox 395 2187 653 2229; x_wconf 89' lang='lat' dir='ltr'>beneficium</span> <span class='ocrx_word' id='word_1_188' title='bbox 676 2182 1047 2227; x_wconf 87' lang='lat' dir='ltr'>Ecclesiasticum,</span> <span class='ocrx_word' id='word_1_189' title='bbox 1066 2186 1144 2220; x_wconf 89' lang='lat' dir='ltr'>aut</span> <span class='ocrx_word' id='word_1_190' title='bbox 1161 2179 1292 2220; x_wconf 89' lang='lat' dir='ltr'>etiam</span> <span class='ocrx_word' id='word_1_191' title='bbox 1314 2174 1628 2233; x_wconf 87' lang='lat' dir='ltr'>patrimonium</span> <span class='ocrx_word' id='word_1_192' title='bbox 1647 2173 1849 2214; x_wconf 90' lang='lat' dir='ltr'>idoneum</span> 
     </span>
     <span class='ocr_line' id='line_1_26' title="bbox 393 2243 1850 2318; baseline -0.012 -15"><span class='ocrx_word' id='word_1_193' title='bbox 393 2261 629 2318; x_wconf 84' lang='lat' dir='ltr'>possidere,</span> <span class='ocrx_word' id='word_1_194' title='bbox 663 2257 835 2305; x_wconf 88' lang='lat' dir='ltr'>statuit,</span> <span class='ocrx_word' id='word_1_195' title='bbox 868 2270 922 2295; x_wconf 91' lang='lat' dir='ltr'>ne</span> <span class='ocrx_word' id='word_1_196' title='bbox 960 2253 1059 2309; x_wconf 87' lang='lat' dir='ltr'>quis</span> <span class='ocrx_word' id='word_1_197' title='bbox 1089 2251 1293 2307; x_wconf 86' lang='lat' dir='ltr'>deinceps</span> <span class='ocrx_word' id='word_1_198' title='bbox 1327 2249 1526 2290; x_wconf 82' lang='lat' dir='ltr'>Clericus</span> <span class='ocrx_word' id='word_1_199' title='bbox 1560 2247 1774 2288; x_wconf 87' lang='lat' dir='ltr'>Secularis</span> <span class='ocrx_word' id='word_1_200' title='bbox 1797 2243 1850 2286; x_wconf 89' lang='lat' dir='ltr'>ad</span> 
     </span>
     <span class='ocr_line' id='line_1_27' title="bbox 394 2315 1884 2385; baseline -0.013 -9"><span class='ocrx_word' id='word_1_201' title='bbox 394 2349 534 2375; x_wconf 89' lang='lat' dir='ltr'>sacros</span> <span class='ocrx_word' id='word_1_202' title='bbox 571 2331 759 2373; x_wconf 89' lang='lat' dir='ltr'>Ordines</span> <span class='ocrx_word' id='word_1_203' title='bbox 790 2332 1112 2385; x_wconf 80' lang='lat' dir='ltr'>promoveatur,</span> <span class='ocrx_word' id='word_1_204' title='bbox 1144 2324 1228 2364; x_wconf 92' lang='lat' dir='ltr'>nisi</span> <span class='ocrx_word' id='word_1_205' title='bbox 1260 2322 1383 2378; x_wconf 88' lang='lat' dir='ltr'>prius</span> <span class='ocrx_word' id='word_1_206' title='bbox 1419 2319 1616 2361; x_wconf 72' lang='lat' dir='ltr'>adhibita</span> <span class='ocrx_word' id='word_1_207' title='bbox 1651 2315 1884 2374; x_wconf 64' lang='lat' dir='ltr'>diligenti!</span> 
     </span>
     <span class='ocr_line' id='line_1_28' title="bbox 394 2366 1882 2465; baseline -0.013 -15"><span class='ocrx_word' id='word_1_208' title='bbox 394 2407 656 2465; x_wconf 84' lang='lat' dir='ltr'>cognitione,</span> <span class='ocrx_word' id='word_1_209' title='bbox 692 2409 869 2450; x_wconf 86' lang='lat' dir='ltr'>constet,</span> <span class='ocrx_word' id='word_1_210' title='bbox 906 2415 1007 2441; x_wconf 88' lang='lat' dir='ltr'>eum</span> <span class='ocrx_word' id='word_1_211' title='bbox 1047 2397 1307 2440; x_wconf 89' lang='lat' dir='ltr'>beneficium</span> <span class='ocrx_word' id='word_1_212' title='bbox 1344 2393 1695 2440; x_wconf 87' lang='lat' dir='ltr'>ecclesiasticum,</span> <span class='ocrx_word' id='word_1_213' title='bbox 1738 2388 1852 2447; x_wconf 88' lang='lat' dir='ltr'>quod</span> <span class='ocrx_word' id='word_1_214' title='bbox 1870 2366 1882 2419; x_wconf 63' lang='lat' dir='ltr'>l</span> 
     </span>
     <span class='ocr_line' id='line_1_29' title="bbox 395 2465 1848 2528; baseline -0.014 -4"><span class='ocrx_word' id='word_1_215' title='bbox 395 2484 478 2525; x_wconf 87' lang='lat' dir='ltr'>sibi</span> <span class='ocrx_word' id='word_1_216' title='bbox 500 2481 556 2522; x_wconf 86' lang='lat' dir='ltr'>ad</span> <span class='ocrx_word' id='word_1_217' title='bbox 577 2481 746 2521; x_wconf 84' lang='lat' dir='ltr'>victum</span> <span class='ocrx_word' id='word_1_218' title='bbox 766 2477 947 2518; x_wconf 89' lang='lat' dir='ltr'>honeste</span> <span class='ocrx_word' id='word_1_219' title='bbox 969 2473 1167 2520; x_wconf 87' lang='lat' dir='ltr'>sufficiat,</span> <span class='ocrx_word' id='word_1_220' title='bbox 1191 2471 1365 2528; x_wconf 89' lang='lat' dir='ltr'>pacifice</span> <span class='ocrx_word' id='word_1_221' title='bbox 1386 2468 1607 2525; x_wconf 89' lang='lat' dir='ltr'>possidere</span> <span class='ocrx_word' id='word_1_222' title='bbox 1620 2483 1631 2517; x_wconf 82' lang='lat'><em>3</em></span> <span class='ocrx_word' id='word_1_223' title='bbox 1653 2481 1709 2507; x_wconf 89' lang='lat' dir='ltr'>ne</span> <span class='ocrx_word' id='word_1_224' title='bbox 1731 2465 1848 2512; x_wconf 84' lang='lat' dir='ltr'>alias,</span> 
     </span>
     <span class='ocr_line' id='line_1_30' title="bbox 398 2461 1878 2635; baseline -0.014 -37"><span class='ocrx_word' id='word_1_225' title='bbox 398 2558 474 2613; x_wconf 91' lang='lat' dir='ltr'>qui</span> <span class='ocrx_word' id='word_1_226' title='bbox 495 2555 643 2596; x_wconf 83' lang='lat' dir='ltr'>divino</span> <span class='ocrx_word' id='word_1_227' title='bbox 667 2550 913 2593; x_wconf 87' lang='lat' dir='ltr'>Ministerio</span> <span class='ocrx_word' id='word_1_228' title='bbox 935 2547 1182 2602; x_wconf 88' lang='lat' dir='ltr'>adscriptus</span> <span class='ocrx_word' id='word_1_229' title='bbox 1204 2551 1281 2594; x_wconf 88' lang='lat' dir='ltr'>est,</span> <span class='ocrx_word' id='word_1_230' title='bbox 1311 2559 1409 2585; x_wconf 92' lang='lat' dir='ltr'>cum</span> <span class='ocrx_word' id='word_1_231' title='bbox 1440 2541 1602 2584; x_wconf 83' lang='lat' dir='ltr'>ordinis</span> <span class='ocrx_word' id='word_1_232' title='bbox 1632 2461 1878 2635; x_wconf 49' lang='lat' dir='ltr'>dedecoras</span> 
     </span>
     <span class='ocr_line' id='line_1_31' title="bbox 398 2619 1849 2677; baseline -0.014 -5"><span class='ocrx_word' id='word_1_233' title='bbox 398 2629 643 2672; x_wconf 87' lang='lat' dir='ltr'>mendicare</span> <span class='ocrx_word' id='word_1_234' title='bbox 659 2633 739 2668; x_wconf 91' lang='lat' dir='ltr'>aut</span> <span class='ocrx_word' id='word_1_235' title='bbox 756 2624 978 2666; x_wconf 90' lang='lat' dir='ltr'>sordidum</span> <span class='ocrx_word' id='word_1_236' title='bbox 994 2622 1187 2677; x_wconf 89' lang='lat' dir='ltr'>aliquem</span> <span class='ocrx_word' id='word_1_237' title='bbox 1205 2625 1426 2676; x_wconf 78' lang='lat' dir='ltr'>quaestum</span> <span class='ocrx_word' id='word_1_238' title='bbox 1442 2628 1641 2657; x_wconf 82' lang='lat' dir='ltr'>exercere</span> <span class='ocrx_word' id='word_1_239' title='bbox 1658 2619 1849 2670; x_wconf 88' lang='lat' dir='ltr'>cogatur.</span> 
     </span>
    </p>

    <p class='ocr_par' dir='ltr' id='par_1_9' title="bbox 397 2683 1852 2833">
     <span class='ocr_line' id='line_1_32' title="bbox 456 2683 1852 2749; baseline -0.014 -4"><span class='ocrx_word' id='word_1_240' title='bbox 456 2703 532 2745; x_wconf 91' lang='lat' dir='ltr'>Ad</span> <span class='ocrx_word' id='word_1_241' title='bbox 559 2701 740 2744; x_wconf 89' lang='lat' dir='ltr'>titulum</span> <span class='ocrx_word' id='word_1_242' title='bbox 761 2696 1020 2741; x_wconf 90' lang='lat' dir='ltr'>Patrimonii</span> <span class='ocrx_word' id='word_1_243' title='bbox 1040 2694 1242 2741; x_wconf 87' lang='lat' dir='ltr'>ordinari,</span> <span class='ocrx_word' id='word_1_244' title='bbox 1264 2691 1446 2749; x_wconf 88' lang='lat' dir='ltr'>posthac</span> <span class='ocrx_word' id='word_1_245' title='bbox 1474 2704 1559 2731; x_wconf 92' lang='lat' dir='ltr'>non</span> <span class='ocrx_word' id='word_1_246' title='bbox 1590 2688 1757 2745; x_wconf 87' lang='lat' dir='ltr'>possint</span> <span class='ocrx_word' id='word_1_247' title='bbox 1775 2683 1852 2726; x_wconf 87' lang='lat' dir='ltr'>nisi</span> 
     </span>
     <span class='ocr_line' id='line_1_33' title="bbox 397 2761 1852 2833; baseline -0.013 -14"><span class='ocrx_word' id='word_1_248' title='bbox 397 2778 472 2825; x_wconf 86' lang='lat' dir='ltr'>illi,</span> <span class='ocrx_word' id='word_1_249' title='bbox 501 2792 613 2833; x_wconf 88' lang='lat' dir='ltr'>quos</span> <span class='ocrx_word' id='word_1_250' title='bbox 632 2775 887 2832; x_wconf 88' lang='lat' dir='ltr'>Episcopus</span> <span class='ocrx_word' id='word_1_251' title='bbox 915 2768 1180 2827; x_wconf 75' lang='lat' dir='ltr'>Judicaverit</span> <span class='ocrx_word' id='word_1_252' title='bbox 1203 2764 1482 2808; x_wconf 83' lang='lat' dir='ltr'>assumendos</span> <span class='ocrx_word' id='word_1_253' title='bbox 1502 2778 1582 2820; x_wconf 89' lang='lat' dir='ltr'>pro</span> <span class='ocrx_word' id='word_1_254' title='bbox 1602 2761 1852 2803; x_wconf 86' lang='lat' dir='ltr'>necessitate</span> 
     </span>
    </p>
   </div>
   <div class='ocr_carea' id='block_1_7' title="bbox 402 2834 1851 2898">
    <p class='ocr_par' dir='ltr' id='par_1_10' title="bbox 402 2834 1851 2898">
     <span class='ocr_line' id='line_1_34' title="bbox 402 2834 1851 2898; baseline -0.012 -7"><span class='ocrx_word' id='word_1_255' title='bbox 402 2850 699 2890; x_wconf 83' lang='lat' dir='ltr'>Ecclesiarum</span> <span class='ocrx_word' id='word_1_256' title='bbox 728 2860 920 2893; x_wconf 86' lang='lat' dir='ltr'>suarum,</span> <span class='ocrx_word' id='word_1_257' title='bbox 955 2851 999 2885; x_wconf 92' lang='lat' dir='ltr'>et</span> <span class='ocrx_word' id='word_1_258' title='bbox 1028 2856 1205 2898; x_wconf 89' lang='lat' dir='ltr'>quoque</span> <span class='ocrx_word' id='word_1_259' title='bbox 1236 2840 1361 2896; x_wconf 87' lang='lat' dir='ltr'>prius</span> <span class='ocrx_word' id='word_1_260' title='bbox 1381 2843 1626 2894; x_wconf 86' lang='lat' dir='ltr'>perspecto,</span> <span class='ocrx_word' id='word_1_261' title='bbox 1650 2834 1851 2892; x_wconf 87' lang='lat' dir='ltr'>patrimo·</span> 
     </span>
    </p>
   </div>
   <div class='ocr_carea' id='block_1_8' title="bbox 1867 621 1905 3254">
    <p class='ocr_par' dir='ltr' id='par_1_11' title="bbox 1867 621 1905 3254">
     <span class='ocr_line' id='line_1_35' title="bbox 1867 621 1905 2722; baseline 0 -1104"><span class='ocrx_word' id='word_1_262' title='bbox 1867 621 1905 2722; x_wconf 95' lang='lat' dir='ltr'>     </span> 
     </span>
     <span class='ocr_line' id='line_1_36' title="bbox 1867 2722 1905 3254; baseline 0 0"><span class='ocrx_word' id='word_1_263' title='bbox 1867 2722 1905 3254; x_wconf 95' lang='lat' dir='ltr'> </span> 
     </span>
    </p>
   </div>
  </div>
 </body>
</html>
