1905 3254
352 288 434 330 548
970 302 1081 332 snss.
1107 302 1184 331 vn.

357 410 423 459 sit,
466 410 542 465 qui
583 409 637 450 ad
678 423 778 450 eum
819 408 1066 449 faciendum
1115 413 1379 464 potestatem
1420 421 1504 447 non
1543 407 1809 448 habuerunt.

357 482 503 529 Mitto,
527 482 645 538 quod
676 496 871 523 censeam
905 496 977 522 eos
1009 487 1273 536 potestatem
1303 480 1356 521 ad
1378 480 1422 520 id
1441 479 1671 530 habuissc3
1704 479 1812 536 quid

357 555 471 595 enim
510 560 574 594 est
606 554 741 609 collig
760 568 816 594 ¹³e
855 554 1019 594 abusus
1051 553 1248 593 ordinis?
1285 552 1516 607 [quinam]¹
1542 558 1656 599 sunt,
1680 566 1810 607 quam

359 627 437 683 qui
461 633 700 668 cernuntur
729 627 773 666 in
805 626 1076 667 institutione
1109 626 1437 666 ordinatorum?
1491 625 1576 666 Sed
1603 625 1739 671 mitto,
1763 629 1812 664 ut

358 700 464 749 dixi,
488 700 578 741 hoc.
643 700 762 750 Quid
785 715 885 741 vero
907 699 961 740 de
983 698 1157 740 defectu
1190 699 1421 754 potestatis
1454 705 1624 755 oportet
1656 698 1810 746 dicere,

358 789 455 814 cum
475 773 541 814 illi
570 773 737 814 nullam
770 773 913 829 legem
946 772 1198 813 sanxerint?
1244 772 1361 812 Nam
1395 773 1430 812 si
1462 778 1696 827 postquam
1730 770 1811 811 Ca-

357 861 491 887 nones
523 852 860 901 composuerunt
895 845 926 884 ii
959 844 1106 884 statim
1141 843 1292 899 legum
1325 843 1636 885 authoritatem
1670 850 1813 884 essent

361 919 574 967 habituri,
598 919 751 959 merito
772 918 857 958 dici
878 922 1036 972 posset,
1059 916 1138 956 hoc
1169 923 1422 972 potuerunt,
1444 915 1559 956 illud
1578 931 1663 956 non
1685 924 1812 972 potu-

359 999 513 1042 erunt3
547 992 623 1033 sed
659 1007 757 1033 cum
779 992 809 1032 ii
832 990 1071 1031 scribarum
1104 996 1148 1030 et
1181 989 1478 1044 operariorum
1511 989 1646 1030 officio
1679 989 1816 1030 functi

360 1067 456 1115 sint,
479 1067 635 1107 Patres
668 1071 815 1106 autem
849 1064 1041 1105 debeant
1073 1064 1288 1118 corrigere
1321 1063 1534 1111 CanoncS,
1558 1063 1721 1111 tollere,
1746 1064 1816 1104 vel

361 1140 561 1195 probare,
585 1138 694 1194 quid
717 1137 873 1178 attinet
894 1136 1089 1177 defectus
1121 1137 1354 1192 potestatis
1375 1137 1637 1177 mentionem
1660 1136 1813 1185 facere,

361 1228 459 1254 eum
481 1227 604 1253 omne
625 1211 772 1257 robur,
797 1210 933 1250 omnis
966 1208 1206 1249 authoritas
1242 1224 1391 1250 eorum
1425 1223 1450 1249 a
1480 1209 1690 1250 Patribus
1710 1224 1814 1265 pen-

361 1285 475 1330 deat,
512 1286 796 1341 ipsorumque
833 1283 889 1323 sit
923 1282 976 1323 de
1010 1283 1064 1322 iis
1091 1282 1324 1337 judicium,
1363 1289 1496 1338 atque
1531 1284 1740 1323 censura?
1781 1282 1817 1322 si

361 1358 459 1414 quis
478 1358 625 1398 scribae
647 1371 724 1396 suo
744 1356 970 1396 literarum
993 1354 1317 1395 scribendarum
1342 1362 1648 1411 argumentum
1680 1354 1816 1402 daret,

359 1432 394 1472 is
410 1434 423 1451 ⁹
444 1445 547 1471 vero
571 1430 717 1485 aliqua
737 1428 781 1468 in
802 1427 1037 1488 scribendis
1057 1428 1193 1468 literis
1215 1428 1270 1468 ad
1292 1435 1599 1483 argumentum
1624 1428 1816 1475 adderet,

361 1504 469 1560 quid
499 1504 720 1558 reliquum
759 1508 883 1548 esset,
919 1502 1001 1541 nisi
1034 1508 1083 1542 ut
1115 1501 1332 1542 Dominus
1366 1502 1553 1556 acceptis
1587 1502 1728 1542 literis
1764 1501 1817 1542 de

361 1577 515 1617 scriba}
549 1576 751 1616 manibus
783 1575 1007 1630 superflua
1044 1574 1228 1622 tolleret,
1253 1581 1296 1615 et
1328 1575 1560 1630 epistolam
1593 1590 1670 1615 suo
1703 1575 1815 1615 arbi-

359 1656 480 1690 tratu
503 1648 769 1696 emendaret,
793 1648 861 1688 cui
896 1647 1024 1688 etiam
1059 1653 1170 1687 esset
1200 1647 1422 1703 integrum
1454 1662 1517 1696 ea,
1547 1662 1647 1702 quae
1670 1647 1818 1689 addita

359 1728 462 1762 sunt
484 1737 507 1762 a
529 1721 680 1769 scriba,
704 1720 905 1775 probare.
958 1720 1056 1760 Non
1079 1719 1224 1775 placet
1246 1727 1392 1760 autem
1414 1720 1505 1761 nihi
1526 1721 1563 1760 is
1587 1720 1749 1768 Canon,
1768 1736 1817 1762 eo

362 1794 479 1850 quod
510 1794 727 1835 difficilem
762 1809 888 1834 usum
924 1792 1075 1840 habet,
1112 1793 1405 1835 confusionem
1441 1794 1620 1842 inducit,
1657 1794 1743 1835 odii
1775 1801 1818 1836 et

360 1862 716 1908 inimicitiarum3
740 1882 891 1908 causas
927 1867 1120 1922 praebet3
1164 1867 1207 1907 in
1245 1872 1340 1923 ejus
1374 1883 1473 1908 vero
1495 1868 1636 1909 locum
1668 1883 1818 1909 censeo

361 1941 609 1982 faciendum
645 1956 850 1982 canonem
892 1955 944 1981 ex
984 1940 1337 1980 annotationibus
1376 1939 1457 1980 Rmi
1501 1939 1576 1980 Dni
1606 1941 1819 1998 Episcopi

365 2015 658 2070 Segobicnsis,
702 2014 778 2070 qui
820 2014 1014 2053 omnium
1055 2014 1265 2054 rationem
1306 2013 1454 2062 habet,
1493 2021 1537 2055 et
1576 2015 1817 2070 praesertim

363 2087 553 2143 Regum,
577 2093 621 2128 et
643 2087 672 2127 S
738 2086 796 2128 D.
821 2087 879 2127 N.
900 2091 1003 2142 jura
1023 2094 1261 2128 conservat.

422 2160 493 2200 De
527 2162 570 2200 20
602 2166 645 2200 et
677 2160 720 2199 3⁰
753 2159 930 2199 Canone
962 2159 1014 2199 iis
1047 2160 1220 2214 rejectis
1259 2160 1528 2215 reponendos
1565 2175 1715 2202 censeo
1749 2175 1819 2201 eos

366 2233 563 2274 Canoncs
584 2247 691 2287 quos
712 2231 914 2273 recitavit
938 2231 1058 2271 Illmus
1082 2232 1328 2273 Cardinalis
1350 2232 1678 2289 Lotharingius.

422 2306 492 2347 De
514 2313 682 2362 quarto,
706 2305 748 2345 in
772 2320 860 2361 quo
881 2305 1029 2360 agitur
1052 2305 1104 2346 de
1133 2305 1414 2346 Titularibus
1445 2306 1689 2362 Episcopis,
1713 2307 1820 2348 tales

365 2380 612 2436 Episeopos
644 2379 687 2419 in
719 2385 944 2436 posterum
969 2378 1141 2418 omnino
1177 2393 1261 2418 non
1294 2377 1552 2419 ordinandos
1583 2394 1743 2426 censeo,
1767 2379 1819 2420 de

365 2467 551 2509 quorum
574 2451 844 2492 institutione
868 2460 966 2506 post
987 2452 1265 2507 gravissimas
1287 2458 1418 2507 atque
1441 2451 1706 2493 doctissimas
1727 2467 1818 2494 sen-

363 2526 522 2567 tentias
559 2525 655 2566 Illmi
698 2523 945 2565 Cardinalis
984 2524 1272 2580 Lotharingii,
1314 2532 1355 2566 et
1396 2524 1477 2565 Rnui
1516 2525 1572 2565 D.
1609 2525 1819 2581 Episcopi

367 2598 659 2654 Segobiensis,
700 2597 969 2652 superfluum
1011 2604 1075 2638 est
1118 2597 1285 2652 aliquid
1325 2597 1492 2638 dicere:
1546 2597 1634 2638 duo
1676 2605 1819 2639 tamen

408 2717 415 2734 ¹
443 2717 519 2747 This
536 2717 560 2746 is
573 2727 605 2746 as
620 2716 701 2746 little
717 2716 880 2746 alteration
897 2727 929 2746 as
945 2716 1087 2757 possible,
1104 2722 1133 2747 to
1150 2717 1286 2757 produce
1303 2727 1458 2755 grammar
1474 2722 1506 2746 at
1522 2716 1607 2746 least.

407 2769 420 2787 ²
444 2770 488 2807 Si,
506 2769 576 2799 MS.
623 2770 715 2799 From
732 2769 791 2799 this
807 2770 890 2800 word
905 2775 934 2800 to
951 2770 1076 2800 adderet
1094 2770 1118 2800 is
1134 2771 1172 2809 by
1190 2769 1320 2800 niistake
1337 2770 1480 2810 repeated
1497 2770 1530 2800 in
1545 2769 1594 2800 the
1612 2771 1681 2800 MS.

404 2822 416 2839 ³
441 2822 658 2860 Inixnicorum,
673 2821 741 2853 MS.

867 2922 898 2943 ἧ-
