1905 3254
699 309 810 339 sssss.
837 308 863 340 1.
1458 292 1511 331 29

45 416 330 474 judicassent,
352 415 466 458 illud
495 415 550 456 ad
579 415 764 456 Pati-um
786 420 1057 462 conventum,
1082 420 1131 455 ut
1163 428 1311 454 eorum
1335 427 1510 469 quoque

48 487 264 545 judicium
283 488 573 543 explorarent,
589 487 748 528 referre
766 488 976 528 solebant.
1012 485 1132 526 Dum
1148 484 1214 525 his
1231 483 1513 526 emendandis

51 575 185 616 opera
206 560 409 609 dabatur,
433 560 615 601 aliarum
637 574 782 600 rerum
804 558 1152 614 disputationem
1185 564 1333 612 patres
1364 570 1510 611 prose-

52 633 316 688 quebantur,
341 633 474 673 donec
495 632 719 673 elaborata
740 632 896 680 omnia,
920 638 963 673 et
985 631 1191 686 expolita,
1210 629 1511 684 frequentiori-

52 705 136 746 bus
150 720 377 746 consensus
394 704 617 760 suffragiis
634 711 926 752 censerentur,
941 719 1041 759 quae
1059 710 1216 751 tamen,
1232 703 1315 743 nisi
1333 709 1513 757 peracta

53 777 252 824 sessione,
285 784 433 818 sancta
462 783 648 831 rataque
680 775 801 816 haud
828 776 1119 823 habebantur,
1143 790 1241 817 cum
1275 775 1513 829 unicuique

54 850 183 891 etiam
205 851 249 890 in
271 851 458 891 sessione
480 851 576 905 ipsa
596 849 822 891 consilium
845 856 1032 899 mutare,
1056 850 1331 906 probataque
1353 850 1513 905 impro-

54 923 172 971 bare,
205 930 337 978 prout
371 924 557 964 Sanctus
587 923 781 977 Spiritus
812 930 1086 978 suggereret,
1121 923 1300 973 liceret3
1335 921 1442 963 adeo
1466 928 1516 962 ut

54 1001 368 1052 cujuscumque
411 996 583 1051 generis
624 1002 935 1050 argumentum
987 996 1032 1036 in
1081 994 1516 1051 Congregationibus

56 1076 230 1110 tantum
266 1074 600 1124 pertractatum,
633 1068 678 1108 in
711 1067 896 1108 sessione
933 1066 1107 1109 demum
1140 1067 1369 1109 definitum
1402 1066 1515 1108 dice-

57 1147 196 1181 retur.

115 1212 259 1261 Nunc,
281 1219 331 1253 ut
353 1212 408 1253 ad
428 1227 517 1252 rem
544 1211 734 1259 redeam,
757 1214 901 1252 coacta
932 1212 1074 1266 prima
1104 1211 1302 1267 generali
1331 1211 1515 1252 Patrum

59 1286 427 1342 Congrcgatione,
457 1286 744 1333 Mantuaan
774 1285 899 1340 gravi
933 1285 1126 1325 oratione
1161 1299 1353 1332 exorsus,
1376 1283 1516 1324 laetari

58 1373 102 1400 se
124 1358 312 1406 tandem,
336 1359 409 1406 ait,
433 1357 658 1399 advenisse
680 1357 791 1398 illud
812 1364 987 1412 tempus
1017 1357 1094 1397 diu
1116 1364 1317 1412 optatum
1341 1372 1366 1397 a
1388 1357 1517 1397 Sanc-

57 1430 191 1472 tissm0·
212 1429 314 1471 Dno
336 1430 444 1479 Nro,
467 1445 553 1485 quo
586 1430 722 1485 possit
751 1429 918 1470 labenti
950 1429 1212 1470 Christiana>
1240 1429 1517 1484 Reipublicae

58 1503 313 1559 praesidium
337 1502 520 1544 adferre.
584 1502 709 1542 Nihil
730 1502 791 1542 illi
818 1501 1084 1556 jampridem
1117 1502 1249 1542 fuisse
1282 1502 1517 1556 antiquius,

60 1591 191 1632 quam
214 1576 461 1617 Concilium
487 1575 823 1616 OEcumenicum
846 1590 1014 1630 cogere,
1033 1589 1119 1629 quo
1142 1574 1277 1629 impia
1297 1572 1520 1614 lus-retico-

38 1650 43 1653 ’
62 1663 158 1689 rum
181 1647 387 1703 dogmata
408 1647 551 1695 evelli,
575 1646 807 1702 depravati
839 1646 1031 1686 fidelium
1055 1660 1194 1686 mores
1216 1644 1452 1691 emendari,
1476 1651 1521 1685 et

62 1736 166 1762 suus
187 1720 407 1762 catholicae
429 1720 639 1760 Ecclesiae
660 1720 776 1759 nitor
798 1719 970 1759 restitui
991 1718 1143 1772 possit.
1207 1717 1305 1757 Hac
1321 1717 1374 1758 de
1392 1732 1522 1758 causa

61 1808 217 1834 novem
239 1808 283 1833 se
305 1793 361 1832 ab
381 1792 480 1832 hinc
500 1806 668 1832 menses
686 1791 905 1845 Legatum
921 1789 1006 1829 huc
1028 1789 1083 1829 ab
1102 1803 1152 1828 co
1173 1789 1351 1829 missum
1373 1788 1520 1836 fuisse,

64 1872 113 1906 ut
134 1880 265 1921 quam
299 1865 521 1905 celerrime
542 1871 690 1919 patres
710 1863 936 1917 negotium
958 1861 1039 1902 hoc
1061 1861 1286 1916 religionis
1308 1861 1522 1916 aggrede-

62 1946 228 1980 rentur.
292 1937 451 1978 Postea
483 1952 633 1977 causas
665 1936 846 1991 exponit
881 1934 987 1974 alias
1018 1949 1043 1974 a
1075 1934 1201 1974 nobis
1220 1934 1392 1980 relatas,
1417 1949 1522 1989 qua-

64 2017 244 2066 propter
276 2008 331 2049 ad
365 2008 479 2049 hunc
515 2023 653 2063 usque
675 2007 789 2047 diem
828 2005 1096 2046 Sacrosancti
1130 2003 1316 2045 Concilii
1350 2005 1522 2046 initium

65 2082 197 2124 fuerit
217 2082 426 2123 delatum.

123 2156 254 2196 Nunc
286 2155 475 2210 amplius
509 2169 593 2194 non
626 2168 718 2194 esse
754 2149 1127 2207 supersedendum
1160 2151 1442 2196 existimasse,
1476 2159 1525 2193 ut

68 2235 316 2283 expectatos
336 2228 434 2269 hinc
457 2228 512 2268 ab
535 2227 735 2268 omnibus
756 2225 925 2266 fructus
947 2223 1121 2265 tandem
1146 2223 1395 2265 Christiana
1417 2225 1523 2266 Res-

68 2302 244 2358 publica
274 2303 497 2357 percipere
530 2301 733 2355 incipiat3
767 2298 962 2353 gaudere
983 2312 1027 2337 se
1050 2297 1236 2337 maxime
1259 2313 1355 2338 cum
1380 2298 1526 2339 videat

68 2380 133 2415 tot
162 2381 308 2430 patres
329 2373 410 2415 ado
433 2372 650 2428 frequenti
672 2378 790 2412 coetu
813 2370 1087 2418 convenisse;
1120 2383 1324 2424 magnam
1355 2384 1400 2410 se
1427 2369 1525 2412 hinc

70 2447 114 2488 in
135 2463 255 2503 spem
279 2448 442 2495 venire,
466 2446 679 2487 feliciores
701 2443 898 2500 quotidie
926 2457 1182 2498 progressus
1211 2442 1525 2496 expectandos;

71 2519 235 2562 hortari
255 2521 365 2568 illos,
388 2527 437 2561 ut
464 2519 658 2575 jejuniiS,
682 2517 968 2563 orationibus
991 2517 1132 2556 missae
1165 2515 1383 2555 sacrificiis
1415 2515 1525 2555 divi-

73 2607 177 2634 num
197 2594 281 2634 sibi
301 2607 461 2634 numen
482 2592 722 2638 concilient,
747 2605 834 2646 quo
861 2589 1030 2630 facilius
1063 2603 1211 2629 eorum
1243 2588 1528 2643 cogitationes

76 2681 123 2707 ac
142 2667 328 2708 actiones
350 2666 405 2708 ad
426 2665 621 2706 veritatis
650 2664 801 2705 lumen
831 2663 1090 2704 excitentur.
1153 2661 1270 2701 Tum
1292 2675 1345 2701 ex
1367 2661 1528 2715 scripto

75 2736 267 2779 ordinem
291 2753 315 2778 a
337 2736 577 2778 Secretario
598 2735 686 2791 legi
704 2736 850 2790 jussit,
874 2735 949 2790 qui
982 2733 1181 2789 proximo
1212 2732 1282 2772 die
1314 2731 1529 2772 dominico

78 2809 122 2849 in
170 2810 539 2865 supplicationum
581 2809 682 2855 ritu,
726 2807 911 2862 aliisque
951 2805 1220 2847 solemnibus
1260 2803 1529 2845 celebrandis
