1905 3254
358 280 412 320 84
1000 296 1110 326 sEss.
1136 297 1197 325 111.

362 399 709 454 amplectendam
744 400 958 449 hortetur,
993 401 1336 456 excitet,-atque
1366 399 1579 455 impellat.
1643 400 1816 456 Signifi-

361 479 461 513 cant
492 480 717 528 praeterea,
742 489 831 530 qua
861 474 1027 515 ratione
1066 474 1130 514 uti
1163 473 1337 521 debeat,
1371 488 1458 528 quo
1489 472 1710 514 decretum
1739 472 1819 514 hoc

362 546 442 586 toti
462 545 525 586 illi
544 547 786 588 Provinciae
808 548 1074 596 innotescat3
1104 546 1213 601 quid
1235 547 1367 586 etiam
1385 548 1424 586 ei
1443 545 1682 586 curandum
1705 547 1761 587 sit
1782 546 1817 586 si

362 619 542 660 fortasse
567 621 757 661 Senatus
778 620 911 677 Regii
944 619 1212 661 authoritate
1243 619 1356 659 illud
1390 619 1525 675 vulgo
1557 618 1817 661 denunciare

360 690 659 745 prohibeatur.

418 762 506 803 His
542 765 606 804 ita
636 765 882 805 constitutis
913 764 1076 820 Legati
1111 764 1430 804 reformationis
1463 764 1689 819 negotium
1725 769 1818 804 toto

360 836 503 876 animo
537 837 875 892 amplectuntur,
898 836 1073 892 quando
1105 836 1157 876 de
1191 852 1240 877 eo
1273 836 1470 892 quotidie
1503 851 1546 876 se
1580 851 1604 876 a
1634 835 1818 876 diversis

360 909 569 950 Patribus
590 910 767 965 publice
790 900 1088 965 privatimque
1120 910 1316 950 sentiunt
1343 909 1630 965 interpellari.
1695 908 1817 949 Inter

361 989 536 1023 caeteros
561 982 831 1038 Seripandus
864 983 931 1022 vir
961 983 1141 1022 summis
1174 981 1380 1022 doctrinae
1411 988 1545 1037 atque
1582 982 1818 1037 probitatis

357 1056 616 1096 muneribus
653 1062 860 1105 ornatus3
904 1061 947 1095 et
983 1055 1062 1110 qui
1097 1055 1230 1097 vitam
1271 1069 1395 1095 suam
1430 1069 1614 1102 omnem,
1645 1069 1731 1094 non
1767 1069 1817 1095 eo

357 1136 528 1170 tantum
561 1118 756 1184 tempore
789 1144 887 1169 cum
918 1128 962 1169 in
997 1128 1211 1169 Coenobio
1247 1135 1411 1184 ageret,
1441 1127 1517 1169 sed
1551 1129 1684 1168 etiam
1719 1143 1816 1168 cum

355 1202 622 1258 dignitatum
654 1202 819 1259 gradus
851 1208 1131 1258 pervenerat,
1155 1201 1210 1242 ad
1239 1217 1353 1242 verae
1385 1201 1611 1257 religionis
1645 1216 1693 1242 ae
1726 1201 1816 1257 pie-

355 1277 460 1317 tatis
480 1277 644 1317 cultum
674 1275 909 1316 direxerat.
971 1275 1084 1315 Cum
1108 1275 1232 1316 varia
1252 1282 1296 1316 et
1318 1276 1490 1316 infinita
1511 1290 1647 1331 prope
1668 1275 1713 1315 in
1736 1274 1816 1316 hoc

356 1363 513 1404 genere
537 1363 561 1388 a
581 1347 780 1388 Praelatis
801 1353 993 1388 cerneret
1014 1347 1263 1404 efflagitari,
1286 1348 1512 1404 negotium
1535 1347 1612 1389 dat
1633 1347 1815 1403 quibus-

355 1422 467 1469 dam,
491 1422 569 1478 qui
590 1421 671 1462 hae
693 1420 747 1461 de
771 1435 815 1461 re
837 1435 981 1461 secum
1004 1420 1243 1461 studiosius
1275 1428 1469 1478 agerent,
1493 1427 1542 1462 ut
1573 1436 1625 1462 ea
1655 1422 1739 1476 ipsi
1769 1421 1815 1461 in

355 1511 491 1536 unum
533 1495 766 1542 conferant,
805 1494 969 1550 quibus
1010 1501 1173 1549 putant
1206 1494 1446 1535 necessario
1481 1493 1814 1550 providendum,

355 1575 490 1624 atque
524 1567 579 1608 ad
609 1583 711 1608 eum
743 1568 904 1622 scripta
944 1566 1158 1608 deferant.
1237 1567 1302 1607 Hi
1338 1568 1492 1608 Patres
1528 1567 1738 1622 quinque,
1770 1566 1816 1607 ni

353 1641 495 1689 fallor,
529 1641 711 1681 fuerunt
744 1638 1112 1695 Archiepiscopus
1144 1639 1174 1680 J
1179 1639 1386 1689 adrensis,
1420 1639 1688 1696 Ragusinus,
1712 1641 1816 1681 Sur-

353 1714 566 1762 rentinus,
591 1713 870 1762 Mutinensis,
894 1713 1112 1753 Sutrinus.

411 1787 477 1827 Hi
505 1788 659 1843 igitur,
680 1802 776 1827 cum
808 1787 852 1826 in
883 1786 1123 1826 Ecclesiam
1154 1787 1378 1842 irrepsisse
1411 1786 1623 1835 viderent,
1649 1786 1813 1842 quibus

350 1869 443 1902 tota
472 1861 782 1909 labefactatur,
806 1875 858 1901 ea
883 1860 1028 1900 omnia
1058 1860 1198 1900 titulis
1227 1859 1493 1916 quibusdam
1524 1866 1742 1908 annotata,
1766 1875 1813 1900 ac

349 1935 538 1977 rationes
570 1950 762 1990 quoque,
796 1934 961 1990 quibus
1000 1933 1089 1974 illis
1125 1934 1290 1975 occurri
1322 1934 1464 1975 adhuc
1495 1940 1654 1990 posset,
1699 1934 1811 1975 Seri-

350 2008 497 2064 pando
519 2008 721 2049 afferunt.

418 2124 710 2172 Reformatio
733 2126 1000 2188 excogitata
1025 2140 1050 2169 a
1077 2124 1363 2186 quibusdam
1393 2125 1630 2173 Patribus
1665 2127 1742 2174 fol.

409 2222 690 2277 Seripandus,
728 2222 803 2277 qui
840 2222 901 2262 rei
939 2220 1073 2276 hujus
1109 2220 1387 2276 perficiendae
1425 2225 1590 2262 summa
1627 2223 1809 2264 ardebat

350 2294 606 2351 cupiditate,
629 2295 798 2351 quippe
821 2294 898 2350 qui
920 2301 1114 2334 cerneret
1135 2293 1345 2334 Romanae
1359 2294 1568 2336 Ecclesiae
1586 2296 1808 2337 incolumi-

349 2375 483 2409 tatem
507 2368 562 2408 ab
584 2367 665 2408 hac
685 2382 853 2408 morum
877 2366 1181 2407 emendatione
1210 2366 1452 2421 plurimum
1485 2368 1692 2423 pendere,
1716 2376 1807 2410 ten-

349 2440 531 2482 tandum
573 2441 698 2497 prius
739 2440 822 2480 sibi
863 2440 1031 2480 censuit
1072 2454 1250 2480 suorum
1291 2440 1557 2495 collegarum
1599 2441 1805 2482 animum.

351 2514 509 2569 Itaque
541 2529 630 2554 rem
653 2513 738 2553 illis
767 2513 921 2569 aperit,
946 2528 992 2552 ac
1014 2512 1143 2552 missa
1164 2512 1248 2552 sibi
1272 2513 1333 2553 ait
1355 2527 1380 2552 a
1400 2512 1580 2553 diversis
1600 2514 1809 2554 Patribus

349 2587 550 2643 quaedam
568 2586 884 2628 reformationis
901 2586 1058 2641 capita,
1077 2585 1131 2625 dc
1149 2586 1314 2641 quibus
1330 2586 1375 2626 in
1392 2586 1578 2627 Patrum
1600 2602 1806 2628 consensu
1869 2630 1872 2635 ,

347 2660 498 2702 referri
519 2660 758 2716 postulant,
776 2666 827 2699 ut
845 2658 964 2714 quod
981 2674 1002 2698 e
1020 2658 1277 2713 reipublicae
1302 2657 1565 2699 Christianae
1587 2658 1806 2700 commodo

347 2749 439 2774 esse
472 2734 708 2784 videbitur,
743 2748 876 2789 quam
909 2733 1099 2789 primum
1133 2732 1407 2774 decernatur.
1471 2733 1616 2775 Mittit
1648 2734 1805 2776 deinde

347 2807 402 2847 ad
434 2822 504 2848 eos
535 2807 741 2848 traditam
773 2807 893 2848 illam
925 2807 1009 2847 sibi
1040 2806 1284 2855 formulam,
1319 2808 1389 2848 cui
1412 2814 1456 2848 et
1478 2808 1803 2864 inscriptionem
1861 2795 1868 2885 ἕ
