1905 3254
383 320 466 361 308
1008 335 1118 365 sEss
1144 334 1223 364 vn.

383 446 542 495 petuos
563 440 764 481 Abbates
786 454 890 486 esse,
914 439 1017 480 licet
1037 453 1123 480 non
1146 438 1341 479 addictos
1361 444 1490 478 certae
1512 438 1638 486 Eccae,
1667 452 1838 492 semper

382 521 527 554 tamen
548 514 631 553 sub
654 528 698 553 se
721 513 832 553 filios
854 527 900 552 ac
923 511 1151 552 monachos
1183 512 1226 551 in
1258 510 1338 551 hoc
1372 511 1443 551 vel
1476 510 1552 550 illo
1580 511 1838 551 monasterio

381 585 583 632 retinere,
606 600 683 626 nec
704 600 897 639 unquam
920 583 1116 625 desinere
1139 599 1230 625 esse
1254 584 1467 624 Abbates.
1530 582 1712 623 Habere
1732 584 1837 623 item

381 674 425 700 se
447 659 734 714 privilegium
759 673 784 699 a
805 659 940 713 Papa,
965 673 1050 713 quo
1075 657 1295 698 conferant
1321 656 1508 712 [ordines
1524 657 1569 711 ¹]‚
1591 660 1838 697 consecrant

382 732 564 779 Calices,
598 739 641 772 et
662 732 851 779 Patinas,
880 731 1061 787 perinde
1094 746 1141 771 ac
1168 731 1203 771 si
1233 731 1434 785 ipsaemet
1462 729 1836 770 benedicerentur.

382 804 435 845 In
469 804 549 846 hac
584 805 850 852 difficultate,
888 804 1106 859 quoniam,
1142 804 1177 843 si
1213 818 1313 843 vere
1347 818 1416 843 res
1451 810 1544 843 erat
1578 800 1835 848 definienda,

379 884 503 918 erant
539 877 775 932 privilegia
811 884 854 917 et
888 877 1099 917 nonnulla
1134 876 1221 916 alia
1255 875 1512 923 exhibenda,
1547 876 1663 931 quod
1698 876 1838 915 minus

378 949 584 1002 praesenti
616 956 810 1003 tempore
843 948 1051 1003 expedire
1084 948 1330 995 videbatur,
1362 948 1458 988 ideo
1491 949 1657 1003 placuit
1687 954 1838 1002 postea

381 1019 714 1061 Cassinensibus
754 1022 894 1061 locum
942 1020 1256 1060 Clarevallensi
1300 1020 1551 1060 humaniter
1593 1019 1837 1060 concedere.

379 1093 494 1134 Nam
518 1109 614 1134 cum
648 1094 841 1149 ejusdem
876 1094 1120 1149 Religionis
1152 1094 1204 1133 S¹i
1230 1093 1456 1133 Benedicti
1491 1107 1637 1132 omnes
1668 1093 1838 1132 omnino

378 1173 534 1214 essent,
557 1173 600 1207 et
622 1166 868 1206 Praesidens
903 1166 1241 1206 Clarevallensis
1274 1165 1328 1206 ad
1361 1165 1639 1206 Cassinenses
1658 1165 1839 1206 officiose

377 1237 528 1279 literas
562 1238 760 1285 dedisset,
795 1238 1095 1280 commendata
1128 1254 1152 1279 a
1185 1239 1347 1280 cunctis
1378 1239 1463 1279 fuit
1495 1238 1588 1279 haec
1629 1238 1839 1279 modestia

379 1318 428 1351 ut
451 1310 783 1356 Clarevallensi,
806 1312 981 1352 natione
1006 1312 1152 1359 Gallo,
1175 1312 1242 1352 his
1264 1312 1541 1366 temporibus
1569 1311 1808 1352 cederetur.

437 1383 541 1423 Post
572 1383 680 1430 haec,
715 1398 812 1423 cum
845 1382 1163 1439 Lotharingius
1199 1385 1242 1423 in
1277 1382 1501 1438 Synodum
1537 1390 1651 1424 esset
1683 1383 1836 1438 aecipi-

378 1455 529 1503 endus,
552 1456 675 1496 lectis
696 1456 819 1511 prius
841 1471 865 1496 a
888 1457 1143 1504 SecretariO,
1161 1456 1214 1497 de
1233 1471 1361 1503 more,
1380 1457 1533 1505 literis,
1552 1458 1837 1512 responsioni-

378 1528 460 1569 bus
494 1543 519 1569 a
551 1529 722 1584 Synodo
755 1528 967 1569 habendis
997 1529 1153 1569 delecti
1185 1529 1375 1577 fuerunt,
1400 1530 1651 1570 Patriarcha
1678 1530 1835 1571 Hiero-

378 1601 676 1656 solymstanus,
729 1600 1100 1656 Archiepiscopus
1149 1600 1478 1656 Hydruntinus,
1538 1603 1836 1650 Granatensis,

376 1672 629 1728 Episcopus
650 1672 874 1719 Lavensis,
905 1672 1280 1720 Conimbricensis,
1311 1679 1354 1713 et
1379 1673 1740 1721 Salmanticensis,
1763 1674 1839 1728 qui

378 1758 479 1784 eum
501 1745 545 1784 in
569 1745 751 1785 Patrum
784 1751 949 1785 coetum
978 1744 1255 1786 deducerent.
1320 1744 1418 1794 Quo
1441 1744 1716 1794 adveniente,
1740 1761 1837 1786 cum

378 1830 432 1856 ex
454 1817 666 1872 gradibus
682 1817 845 1873 Legati
867 1833 966 1858 eum
990 1817 1209 1872 accepturi
1224 1817 1558 1866 descendissent,
1573 1818 1838 1874 tandemque

378 1903 525 1931 omnes
560 1890 868 1939 concedissent,
905 1897 999 1931 tum
1040 1891 1164 1931 lectae
1206 1890 1384 1931 fuerunt
1420 1891 1560 1932 literae
1592 1891 1747 1948 Regiae
1784 1894 1839 1934 ab

380 1962 644 2003 Oratoribus
665 1962 860 2010 redditae,
883 1963 927 2003 in
947 1963 1240 2018 Latinamque
1261 1963 1456 2019 linguam
1478 1979 1713 2013 conversae,
1738 1981 1838 2021 quae

380 2034 486 2075 alibi
507 2042 669 2078 extant.

653 2172 823 2219 Literae
850 2172 993 2235 Regis
1019 2172 1193 2219 Galliae
1218 2174 1277 2219 ad
1303 2173 1572 2237 Synodum.

439 2286 548 2327 Inde
566 2286 808 2327 Cardinalis
826 2285 1139 2342 Lotharingius
1159 2287 1350 2342 incepit.²
1392 2287 1491 2328 Illmi
1506 2287 1608 2334 Dni,
1626 2287 1707 2328 Rmi
1727 2288 1837 2344 Epi-

381 2361 510 2416 scopi,
536 2359 932 2400 christianissimus
954 2358 1052 2400 Rex
1083 2359 1281 2408 Carolus,
1304 2359 1488 2415 Reginae
1511 2360 1669 2401 Matris
1693 2360 1839 2402 Chris-

379 2432 630 2473 tianissimae
653 2430 933 2480 authoritate,
956 2446 1002 2472 ac
1019 2434 1244 2489 praecipuo
1260 2433 1396 2489 Regis
1412 2433 1626 2474 Navarrae
1647 2449 1836 2482 assensu,

379 2503 704 2558 Procerumque
739 2503 933 2544 omnium
970 2505 1310 2560 conscriptorum
1348 2506 1538 2554 consilio,
1564 2504 1642 2546 has
1673 2506 1835 2554 literas,

381 2591 478 2631 quae
510 2576 637 2617 modo
658 2577 780 2617 lectae
803 2583 916 2625 sunt,
939 2575 1142 2624 decrevit,
1165 2578 1363 2634 mihique
1385 2578 1439 2619 ad
1460 2593 1534 2619 vos
1555 2579 1837 2634 proferendas

423 2688 432 2706 ¹
459 2685 534 2715 This
549 2685 664 2716 should
678 2686 808 2727 perhaps
823 2686 861 2717 be
875 2686 1033 2727 supplied,
1051 2686 1166 2726 though
1183 2698 1223 2718 no
1239 2698 1331 2728 space
1345 2688 1371 2718 is
1386 2688 1443 2718 left
1456 2689 1504 2719 for
1520 2689 1556 2719 it.

421 2735 434 2752 ²
457 2737 533 2766 This
556 2737 667 2777 speech
688 2748 816 2778 appears
841 2738 874 2768 in
898 2738 941 2768 Le
964 2738 1050 2776 Plat,
1069 2750 1098 2769 v.
1120 2740 1193 2777 551,
1217 2744 1247 2770 et
1267 2750 1352 2780 seqq.
1400 2741 1463 2770 But
1486 2742 1502 2771 I
1524 2741 1603 2771 have
1628 2742 1679 2772 the
1705 2741 1838 2781 original

379 2789 510 2819 editions
525 2790 560 2820 of
578 2790 639 2820 this
653 2791 717 2820 and
735 2791 789 2821 Du
804 2791 945 2822 Ferrier's
960 2792 1081 2833 speech,
1098 2792 1220 2833 printed
1235 2797 1267 2823 at
1283 2793 1365 2834 Ripa
1380 2794 1480 2835 (Riva
1496 2794 1530 2824 di
1545 2795 1670 2831 Trento,
1686 2805 1719 2825 or
1735 2794 1836 2835 Riefl)

384 2840 415 2870 in
435 2841 526 2877 1562,
542 2842 636 2873 while
654 2842 704 2873 the
719 2844 847 2874 council
862 2855 925 2875 was
938 2844 1056 2883 sitting.
1102 2846 1193 2877 From
1209 2846 1290 2876 these
1306 2847 1320 2876 1
1336 2850 1452 2877 correct
1468 2846 1518 2877 the
1536 2847 1607 2878 MS.
