1905 3254
705 291 814 322 sess.
839 292 884 321 11.
1461 278 1516 318 45

53 407 146 442 tum
170 414 284 455 opus
305 398 503 440 ediderit.
558 400 676 440 Oriri
697 399 796 441 hinc
818 401 1073 456 frequenter
1088 401 1440 457 perplexitatem,
1463 408 1513 442 ut

53 473 262 514 salutaria
283 487 364 529 pro
385 473 525 513 noxiis
541 473 806 529 rejiciantur.
822 473 1067 529 prohibitos
1080 474 1210 515 etiam
1233 489 1325 515 esse
1341 474 1513 530 aliquot

55 547 98 587 in
116 547 372 587 universum
394 547 542 594 libros,
565 546 655 602 qui,
672 546 775 587 licet
792 547 834 587 in
852 547 1077 602 aliquibus
1093 548 1200 588 vitio
1221 563 1305 589 non
1323 555 1511 596 careant,

52 618 97 659 in
118 619 295 674 reliquis
316 625 462 660 tamen
484 633 576 660 esse
598 619 939 675 probatissimos.
1004 618 1181 675 Cupere
1214 635 1258 662 se
1279 621 1429 677 igitur,
1463 627 1514 662 ut

56 691 141 731 ista
161 690 460 738 emendentur,
480 705 527 731 ac
543 689 737 732 haeretici
761 691 950 748 benigne
966 692 1222 741 invitentur,
1241 708 1339 734 cum
1363 708 1512 734 eorum

53 779 261 806 numerus
274 764 404 805 hodie
420 763 672 805 Catholicos
694 763 784 805 fere
807 779 985 820 aequare
1008 764 1221 806 videatur.

109 836 194 877 Hae
215 837 450 892 separatim
475 837 723 893 aliquorum
747 838 989 879 sententiae.

111 908 282 950 Eodem
318 909 480 958 ordine,
522 917 565 951 et
610 910 698 952 fere
739 925 882 959 sensu,
922 910 1194 966 reliquorum
1236 912 1365 953 etiam
1410 920 1513 954 sunt

54 989 225 1030 secutae,
267 997 454 1038 quarum
505 998 736 1031 summam,
788 983 1022 1025 brevitatis
1072 1000 1214 1034 causa,
1267 986 1509 1041 subjiciam.

57 1056 219 1097 Omnes
234 1057 387 1112 itaque
403 1064 541 1098 totam
559 1072 650 1098 rem
672 1057 716 1097 in
732 1057 816 1098 tria
831 1057 976 1113 capita
989 1057 1298 1100 distinxerunt.
1333 1060 1481 1100 Primo
1499 1075 1508 1099 ε

53 1138 239 1186 egerunt
251 1130 304 1172 de
318 1131 528 1172 librorum
543 1146 722 1172 censura
736 1149 746 1181 ;
769 1131 841 1177 2¹¹⁰,
865 1146 918 1171 an
933 1131 1018 1172 sint
1037 1131 1219 1172 vocandi
1240 1131 1306 1172 illi
1323 1146 1511 1187 quorum

50 1204 228 1246 interest
246 1221 257 1254 3
290 1204 369 1254 35⁰,
404 1220 457 1245 an
480 1205 692 1245 haereticis
714 1204 819 1245 fides
841 1205 1020 1260 publica
1041 1205 1097 1246 sit
1119 1205 1404 1246 concedenda.

113 1276 271 1326 Quoad
292 1277 482 1332 primum
505 1285 654 1333 caput,
678 1293 760 1319 non
793 1277 1043 1323 defuerunt,
1078 1279 1155 1334 qui
1188 1277 1394 1327 dicerent,
1427 1294 1511 1319 non

54 1348 213 1390 debere
237 1349 472 1406 Synodum,
495 1350 539 1391 in
561 1365 607 1391 rc
630 1358 718 1392 tam
740 1366 936 1407 operosa,
960 1358 1003 1392 et
1025 1366 1164 1408 prope
1186 1353 1368 1400 infinita,
1391 1368 1511 1394 occu-

52 1423 160 1478 pari,
182 1438 278 1464 cum
301 1430 423 1464 vasta
445 1425 498 1465 sit
530 1423 742 1465 librorum
765 1425 898 1480 sylva,
923 1425 1077 1481 ingens
1110 1425 1341 1467 authorum
1365 1427 1511 1467 multi-

54 1494 174 1543 tudo,
212 1499 260 1537 ea
297 1496 560 1552 plerumque
582 1497 798 1538 scribendi
821 1499 1088 1554 prolixitate,
1113 1506 1163 1540 ut
1185 1500 1371 1556 singulis
1393 1516 1510 1541 seru-

54 1568 196 1609 tandis
218 1569 291 1610 vix
313 1569 538 1612 biennium
561 1571 698 1626 possit
721 1571 929 1612 sufficere.
982 1572 1139 1627 Magni
1161 1579 1377 1628 praeterea
1398 1573 1511 1628 peri-

53 1642 139 1682 culi
158 1658 246 1684 rem
270 1643 457 1699 plenam,
475 1644 529 1685 de
552 1651 618 1685 tot
640 1644 938 1685 voluminibus
960 1652 1126 1686 certum
1150 1653 1508 1701 perpetuumque

46 1714 261 1771 judicium
297 1716 423 1763 ferre,
458 1730 556 1757 cum
593 1731 698 1756 usus
719 1730 867 1756 recens
888 1715 1054 1763 doceat,
1085 1732 1156 1757 eos
1179 1732 1355 1773 quoquc
1379 1719 1507 1767 viros,

52 1787 127 1841 qui
162 1786 218 1827 ad
253 1786 439 1827 Iudicem
463 1787 710 1828 Romanum
749 1787 937 1829 adhibiti
970 1789 1162 1835 fuerunt,
1184 1789 1327 1844 lapsos
1360 1790 1506 1832 fuisse.

29 1885 34 1892 ·
52 1859 237 1909 Quando
258 1860 396 1915 igitur
416 1875 530 1901 nune
552 1860 640 1901 alia
663 1860 868 1916 graviora
891 1868 1023 1917 atque
1047 1862 1225 1903 utiliora
1246 1863 1417 1919 agenda
1432 1865 1507 1905 im-

52 1932 256 1988 pendant,
279 1933 323 1973 in
346 1933 412 1974 his
434 1933 701 1974 fructuosius
725 1933 897 1974 Sanctae
922 1933 1085 1989 Synodi
1107 1949 1284 1990 operam
1308 1950 1508 1977 exercen-

52 2005 163 2047 dam.
228 2005 388 2047 Indicis
421 2013 567 2048 autem
604 2006 963 2055 emendationem,
997 2008 1087 2048 sive
1136 2008 1402 2050 Sanctissimi
1448 2010 1506 2051 N.

48 2079 212 2135 judicio
233 2080 588 2136 relinquendam3
621 2095 698 2122 seu
722 2081 960 2136 gymnasiis
982 2080 1180 2136 publicis,
1201 2087 1276 2122 aut
1298 2083 1508 2137 generali-

52 2152 136 2194 bus
163 2154 422 2210 religionum
438 2171 448 2204 3
487 2161 564 2195 aut
601 2154 845 2211 deligendis
881 2169 934 2195 ex
957 2154 1159 2194 omnibus
1180 2156 1412 2210 provinciis
1435 2157 1509 2198 ali-

52 2234 160 2282 quot
181 2228 298 2276 viris,
322 2227 688 2269 committendam.
751 2227 950 2282 Fuitque
974 2226 1065 2267 haee
1086 2227 1393 2269 nonnullorum
1427 2230 1507 2271 Pa-

55 2307 167 2342 trum
191 2302 419 2349 sententia,
442 2301 754 2357 praecipueque
778 2301 1077 2348 Granatensis,
1102 2301 1392 2352 Bracarensis,
1425 2304 1507 2346 Lc-

56 2372 283 2427 gionensiS,
308 2374 606 2415 Almeriensis.

125 2444 287 2488 Caeteri
327 2446 828 2488 contra—Conciliorum
871 2462 962 2488 esse
1014 2446 1151 2488 ardua
1202 2453 1406 2496 tractare,
1454 2463 1507 2489 ex

53 2516 174 2559 libris
210 2520 304 2560 erui
350 2520 575 2576 dogmata,
625 2521 787 2576 quibus
823 2520 878 2561 ad
917 2520 1045 2561 fidem
1088 2521 1387 2561 instituimur:
1436 2536 1508 2562 cos

55 2592 177 2646 prius
196 2593 518 2649 expurgandos,
554 2600 604 2634 ut
640 2608 778 2649 purus
812 2593 1021 2635 doctrinae
1049 2594 1192 2649 liquor
1212 2594 1312 2634 inde
1334 2594 1507 2636 hauria-

54 2669 136 2706 tur.
198 2666 526 2709 Sanctissimum
560 2666 617 2707 N.
648 2673 864 2722 praeterea
899 2682 948 2707 ea
975 2667 1145 2723 jubere,
1185 2667 1381 2722 adeoque
1413 2683 1507 2709 mu-

54 2751 134 2779 nus
168 2743 335 2781 summa
368 2743 468 2782 cura
507 2746 641 2795 atque
682 2740 815 2781 animi
849 2741 1125 2781 contentione
1167 2740 1505 2796 suscipiendum.

55 2808 283 2853 Rationem
304 2813 420 2854 illius
435 2812 683 2868 perficiendi
705 2828 800 2853 eam
822 2813 1037 2869 imprimis
1054 2828 1160 2860 esse,
1180 2820 1229 2854 ut
1251 2828 1304 2854 ex
1327 2821 1505 2870 patrum

55 2885 199 2927 ordine
223 2887 357 2943 aliqui
380 2888 716 2936 constituantur,
741 2888 815 2941 qui
846 2887 940 2928 aliis
962 2887 1109 2935 etiam,
1134 2901 1242 2941 quos
1263 2890 1507 2942 oportuerit
