1905 3254
686 268 800 298 snss.
828 268 903 300 vn.
1455 254 1537 296 379

69 371 232 421 Gallos,
269 379 346 414 aut
379 372 618 429 Hispanos,
652 390 738 416 non
774 375 905 417 valde
938 382 1265 433 repugnaturos
1296 377 1531 434 putabant,

66 445 241 486 omnino
271 446 552 502 reciperetur.
614 448 789 489 Priores
809 449 1000 497 aiebant,
1033 449 1359 505 Episcoporum
1379 449 1529 491 autho-

63 519 234 560 ritatem
262 520 390 561 nimis
428 521 474 561 in
511 536 563 562 ea
598 521 923 577 amplificatam,
957 538 1054 563 cum
1077 522 1259 571 dicatur,
1281 539 1367 564 non
1388 523 1527 564 solum

63 591 286 633 institutos
309 607 334 633 a
356 592 543 642 Christo,
567 592 646 634 sed
667 593 814 641 etiam,
852 593 1015 635 habere
1047 602 1314 650 potestatem
1349 595 1530 652 regendi

61 665 105 706 in
126 665 334 706 Ecclesiis
361 666 446 707 sibi
478 667 713 707 commissis
731 684 741 717 3
775 667 892 722 quod
913 674 1051 716 sonat,
1076 683 1148 709 eos
1171 669 1200 710 J
1205 668 1527 709 urisdictionem

62 735 224 778 habere
245 737 497 779 immediate
519 753 544 779 a
567 737 757 787 Christo,
779 753 864 779 non
886 754 911 780 a
933 740 1071 794 Papa.
1135 739 1455 795 Improbabant
1486 746 1530 780 et

61 808 187 857 illud,
220 810 466 867 Episcopos
488 811 757 853 authoritate
783 812 907 853 Sedis
925 812 1094 868 Aplicae
1118 821 1376 868 assumptos,
1409 813 1528 869 quod

60 882 153 924 haec
171 883 306 924 verba
318 884 484 926 soleant
499 885 584 926 sibi
598 900 815 941 usurpare
829 886 963 927 etiam
979 886 1246 927 Patriarchae
1264 886 1525 928 Orientales.

62 956 282 998 Dicebant
303 965 347 999 et
370 958 495 1006 illud,
529 961 674 999 sancta
708 959 959 1008 traditione,
982 959 1143 1002 inferre
1180 961 1265 1002 Jus
1300 959 1525 1002 divinum:

58 1035 289 1084 praeterea,
331 1045 483 1071 verum
505 1045 588 1071 non
612 1046 715 1078 esse,
739 1032 981 1088 Episcopos
1010 1034 1260 1074 successisse
1284 1033 1525 1089 Apostolis,

57 1101 133 1142 scd
166 1102 210 1142 in
241 1102 382 1143 locum
419 1104 752 1159 Apostolorum,
788 1104 907 1160 quod
938 1105 1070 1162 longe
1112 1105 1273 1157 differt,
1310 1112 1360 1147 ut
1401 1106 1525 1162 apud

58 1173 307 1214 Roffensem
359 1182 509 1216 contra
554 1175 820 1217 Lutherum.
875 1176 993 1217 Tum
1037 1176 1345 1218 authoritatem
1387 1178 1524 1233 Papae

59 1246 189 1287 nimis
225 1254 411 1303 anguste
446 1263 492 1289 ac
524 1250 673 1304 jejune
708 1248 891 1289 relatam
933 1249 1260 1304 querebantur3
1306 1265 1403 1291 cum
1440 1266 1525 1291 non

64 1320 322 1376 explicatur,
365 1336 464 1362 eum
517 1321 680 1363 habere
731 1329 995 1377 potestatem
1049 1337 1182 1378 super
1232 1323 1523 1365 universalem

58 1392 250 1441 Bonnam,
273 1393 349 1435 sed
372 1402 544 1435 tantum
566 1396 610 1436 in
627 1396 780 1445 Eccli⁸‚
802 1394 920 1451 quod
941 1395 1045 1436 satis
1067 1410 1150 1435 non
1172 1402 1264 1445 est,
1300 1396 1426 1444 sicut,
1449 1411 1524 1437 nec

54 1467 165 1508 illud
186 1468 380 1510 sufficere
403 1468 593 1517 aiebant,
634 1468 754 1524 quod
783 1469 1003 1525 gubernet
1025 1484 1174 1509 omnes
1205 1468 1371 1510 Christi
1405 1484 1522 1517 ech,

56 1553 153 1580 cum
189 1539 257 1580 hic
298 1554 437 1580 sermo
454 1540 735 1582 distributive
774 1542 921 1595 potius
957 1555 1088 1595 quam
1130 1540 1352 1581 collective
1387 1541 1522 1596 accipi

55 1612 205 1667 possit.
267 1612 505 1660 Postremo,
530 1613 647 1667 quod
669 1628 818 1654 omnes
836 1613 978 1669 magis
1000 1613 1249 1659 movebant,
1272 1612 1383 1653 illud
1401 1613 1520 1654 vide-

55 1683 201 1731 batur,
224 1684 344 1740 quod
365 1700 461 1725 cuin
493 1685 570 1725 diu
603 1685 692 1727 haee
724 1685 986 1740 disceptatio
1007 1684 1061 1725 de
1084 1684 1351 1726 authoritate
1383 1685 1520 1741 Papae

57 1757 192 1799 fuerit
222 1757 470 1813 divulgata,
508 1758 734 1799 ferendum
770 1772 855 1798 non
890 1763 984 1798 erat
1019 1758 1255 1813 quicquam
1289 1757 1372 1798 nisi
1412 1759 1522 1799 inte-

60 1845 186 1887 grum
217 1846 264 1872 ac
297 1832 540 1886 perfectum
579 1831 633 1872 de
671 1832 764 1887 ejus
796 1837 1013 1886 potestate
1050 1831 1193 1880 exirc;
1236 1846 1289 1872 ne
1325 1831 1520 1887 alioquin

55 1901 141 1943 illis
171 1903 346 1944 cessisse
380 1903 648 1951 viderentur,
685 1903 761 1958 qui
782 1910 961 1959 negant,
985 1918 1084 1944 eum
1111 1903 1382 1958 superiorem
1405 1903 1518 1944 Con-

58 1973 170 2023 cilio,
206 1981 251 2016 et
288 1975 534 2029 praesertim
572 1974 649 2015 hoc
684 1981 894 2030 tempore,
933 1990 1020 2030 quo
1052 1974 1188 2015 omnis
1215 1973 1519 2016 haereticorum

59 2054 239 2088 conatus
272 2047 328 2088 ad
363 2062 614 2103 supremam
651 2047 762 2088 hanc
804 2048 968 2089 Vicarii
1002 2047 1166 2088 Christi
1208 2046 1519 2089 authoritatem

59 2121 420 2177 oppugnandam,
456 2121 631 2162 assiduo
653 2120 831 2162 tendere
851 2121 1041 2162 videtur.
1117 2120 1170 2161 In
1192 2135 1280 2175 qua
1303 2122 1522 2162 sententia

57 2195 178 2236 fuere
201 2194 572 2251 Caputaquensis,
595 2195 894 2243 Rossanensis,
914 2194 1336 2250 Justinopolitanus,
1364 2194 1519 2236 Vesta-

57 2282 152 2317 nus,
190 2269 533 2316 Neoeastrensis,
562 2270 743 2317 Laincz,
774 2269 1045 2316 Advocatus,
1080 2269 1323 2316 Promotor,
1355 2268 1519 2310 Salme-

58 2355 198 2382 ronus.
247 2342 335 2391 Qui
358 2348 506 2382 contra
527 2341 846 2397 responderunt
863 2342 949 2382 duo
964 2348 1139 2382 tantum
1162 2341 1298 2389 fuere,
1316 2341 1519 2390 Auditor,

61 2414 137 2468 qui
158 2414 279 2469 prius
299 2414 423 2461 dixit,
457 2422 501 2455 et
524 2414 804 2463 Mutinensis,
839 2415 916 2469 qui
938 2418 1035 2469 ejus
1056 2414 1328 2461 sententiam,
1357 2413 1519 2468 ipsissi-

61 2487 153 2535 mis,
176 2494 227 2528 ut
247 2488 340 2543 ipse
364 2488 522 2535 aiebat,
546 2488 800 2536 rationibus,
834 2494 1010 2528 secutus
1031 2494 1108 2530 est,
1133 2502 1243 2542 quas
1264 2494 1308 2527 et
1330 2487 1521 2542 amplius

62 2561 370 2602 corroboravit.
432 2561 538 2602 Fuit
560 2562 616 2602 ab
638 2562 745 2617 ipsis
765 2562 808 2601 in
842 2561 993 2615 primis
1027 2562 1320 2608 constitutum,
1357 2560 1392 2600 si
1425 2575 1518 2601 con-

62 2632 217 2674 cordiae
251 2634 361 2674 ratio
394 2649 492 2674 cum
517 2633 663 2674 Gallis
686 2639 730 2674 et
763 2632 975 2687 Hispanis
1009 2631 1217 2673 tentanda
1242 2638 1350 2679 erat,
1387 2638 1521 2687 prout

62 2704 233 2746 omnino
264 2706 517 2747 tentandam
561 2712 605 2747 et
648 2704 898 2753 ineundam,
935 2704 1037 2744 boni
1069 2718 1216 2744 omnes
1256 2704 1520 2753 sentiebant,

65 2782 157 2818 tum
182 2792 264 2820 non
290 2779 418 2820 licere
450 2779 611 2819 Pribus
643 2794 792 2819 eorum
820 2778 1057 2833 opiniones,
1092 2791 1203 2832 quas
1235 2777 1320 2832 ipsi
1353 2777 1518 2832 absque
