1905 3254
352 268 434 307 644
978 284 1086 315 sEss.
1111 283 1171 314 ix.

691 416 812 462 Vota
837 415 948 462 data
971 416 1020 462 in
1048 415 1266 463 Sessione
1291 419 1336 463 9.
1407 415 1486 463 fol.

415 538 588 587 Quibus
621 539 823 593 peractis,
865 553 961 579 cum
1002 538 1164 594 Legati
1203 539 1248 578 in
1286 538 1438 578 animis
1470 537 1680 578 haberent
1710 551 1805 577 con-

357 610 505 650 cilium
545 611 717 651 omnino
757 612 1005 658 terminare,
1046 625 1124 651 nec
1159 625 1209 650 eo
1247 610 1316 650 die
1356 616 1544 665 possent,
1586 626 1682 652 cum
1723 609 1808 650 alia

358 683 530 738 agenda
580 689 868 738 superessent,
915 688 1151 738 propterea
1193 696 1246 722 ex
1286 688 1498 738 suggestu
1533 682 1806 737 publicatum

355 756 455 804 fuit,
493 756 623 811 quod,
660 772 758 797 cum
796 756 851 796 ob
887 754 1004 795 horae
1045 753 1296 795 tarditatem
1338 755 1481 795 onmia
1514 754 1683 795 absolvi
1723 769 1808 795 non

355 835 542 883 possent,
577 828 645 868 die
676 827 878 882 sequenti
905 827 1047 868 Sessio
1068 827 1280 875 finiretur,
1313 834 1412 883 post
1434 827 1551 882 quod
1579 829 1806 868 cantatus²

356 908 421 941 est
440 900 629 955 hymnus
649 901 715 941 Tc
736 901 901 948 Deum,
925 900 1001 940 &c.

414 975 549 1015 Post²
590 973 683 1014 haec
724 973 933 1014 solemnia
972 977 1161 1027 peracta,
1209 971 1374 1026 Legati
1424 971 1600 1012 domum
1643 973 1810 1013 reversi

356 1055 524 1098 curant,
546 1054 596 1088 ut
617 1047 794 1088 decreta
818 1045 1036 1102 quaedam,
1065 1059 1165 1100 quae
1188 1051 1457 1099 supererant,
1481 1052 1809 1100 componantur,

355 1127 405 1160 ut
426 1120 495 1161 die
516 1121 702 1161 crastina
723 1121 767 1160 in
791 1120 990 1160 Sessione
1011 1117 1413 1173 promulgarentur,
1435 1124 1566 1172 atque
1585 1118 1648 1159 ita
1667 1119 1811 1159 omnia

356 1192 653 1233 absolvantur.
716 1192 769 1232 In
799 1191 867 1231 his
899 1197 993 1232 erat
1025 1190 1246 1231 decretum
1275 1189 1329 1230 de
1358 1189 1667 1246 Indulgentiis,
1690 1190 1809 1245 quod

353 1279 439 1304 non
475 1264 682 1320 placebat
724 1263 951 1304 Cardinali
988 1263 1184 1310 Morono,
1226 1269 1276 1303 ut
1318 1263 1554 1318 quicquam
1589 1269 1808 1318 ageretur,

354 1337 517 1392 partim
538 1336 746 1378 dubitans
767 1351 819 1377 ne
839 1337 937 1377 hinc
959 1336 1139 1377 daretur
1169 1337 1333 1376 occasio
1363 1335 1629 1391 disputandi,
1652 1341 1696 1376 et
1716 1350 1809 1376 rem

355 1409 660 1465 protrahendi3
693 1410 855 1465 partim
887 1411 1018 1450 etiam
1041 1408 1294 1450 existimans
1315 1408 1451 1448 satius
1482 1423 1574 1448 esse
1602 1422 1693 1448 rem
1714 1414 1807 1448 tan-

355 1490 445 1523 tam
469 1490 678 1536 tanquam
700 1481 850 1522 multis
873 1481 1111 1536 Capitibus
1139 1487 1458 1520 controversam
1484 1495 1663 1535 prorsus
1683 1480 1808 1520 omit·

355 1562 462 1602 tere,
486 1569 617 1609 quam
639 1554 762 1594 illam
778 1554 919 1594 obiter
936 1560 1123 1600 tantum,
1147 1559 1191 1593 et
1212 1552 1315 1599 levi,
1337 1551 1456 1606 quod
1479 1551 1613 1599 aiunt,
1631 1550 1808 1592 brachio

355 1628 582 1682 attingere.
645 1628 841 1667 Tamcn³
870 1634 914 1667 et
937 1625 1185 1666 Cardinalis
1216 1624 1530 1679 Lotharingius
1561 1624 1718 1664 acriter
1738 1638 1810 1664 ur-

354 1700 504 1755 gebat,
527 1707 571 1741 et
594 1715 724 1755 quam
757 1700 940 1754 plurimi
974 1698 1170 1744 Praelati,
1205 1703 1255 1737 ut
1287 1696 1340 1737 de
1375 1697 1437 1737 eis
1469 1697 1618 1751 aliqua
1648 1696 1811 1737 mentio

352 1773 487 1820 fieret,
510 1787 564 1812 ne
593 1771 915 1812 Haereticorum
948 1785 1066 1811 error
1099 1770 1190 1810 sive
1225 1769 1366 1824 magis
1399 1768 1738 1815 confirmaretur,
1775 1768 1812 1808 si

354 1844 464 1885 nihil
489 1844 543 1885 de
564 1844 632 1885 his
665 1852 807 1885 actum
845 1859 936 1884 esse
960 1842 1173 1890 viderent,
1195 1848 1289 1882 tum
1320 1842 1451 1882 etiam
1484 1840 1588 1896 quia
1607 1840 1699 1881 haee
1721 1840 1812 1881 sola

354 1933 422 1958 res
442 1918 737 1973 praetermissa
759 1917 885 1958 facile
906 1931 1016 1957 novo
1041 1915 1232 1955 Concilio
1254 1913 1528 1955 convocando
1549 1914 1810 1955 occasionem

355 1990 481 2030 brevi
504 1989 608 2030 dare
630 1987 859 2045 potuisset.

414 2063 575 2118 Itaque
606 2068 729 2102 nocte
760 2062 859 2117 ipsa
891 2061 1126 2102 conflatum
1158 2059 1244 2099 fuit
1274 2058 1497 2100 decretum
1519 2059 1565 2099 id
1585 2058 1639 2100 de
1662 2059 1812 2100 Indul-

357 2136 528 2191 gentiis,
566 2149 827 2189 summoque
863 2149 991 2174 mane
1027 2139 1264 2187 antequam
1298 2132 1342 2172 in
1382 2132 1627 2172 Ecclesiam
1662 2132 1813 2187 prodi-

356 2215 494 2255 retur,
536 2207 757 2248 convocati
807 2207 1000 2252 fuerunt,
1042 2208 1111 2259 (ut
1154 2205 1361 2245 Oratores
1405 2210 1449 2244 et
1494 2204 1811 2258 quamplurimi

359 2281 576 2333 P1·aelati‚)
614 2293 844 2333 coramque
876 2279 962 2318 illis
999 2279 1112 2318 lecta
1141 2278 1285 2317 omnia
1316 2276 1394 2316 illa
1425 2276 1612 2324 decreta,
1637 2292 1735 2332 quae
1766 2278 1811 2318 in

360 2355 557 2395 Sessione
578 2353 674 2408 ipsa
693 2349 1017 2407 promulganda
1039 2356 1173 2395 eraut,
1194 2364 1290 2388 cum
1313 2348 1392 2388 hoc
1414 2348 1467 2388 de
1492 2348 1811 2403 Indulgentiisg

359 2428 402 2467 in
426 2441 514 2482 quo
545 2433 691 2466 tamen
724 2422 968 2463 Carclinalis
1004 2421 1213 2461 Moronus
1250 2426 1402 2475 aperte
1437 2435 1578 2460 coram
1611 2421 1813 2465 omnibus

359 2500 580 2556 professus
602 2497 697 2542 fuit,
721 2496 804 2536 sibi
825 2509 909 2535 non
941 2494 1128 2549 placere,
1149 2500 1199 2534 ut
1226 2492 1280 2533 de
1314 2507 1364 2533 eo
1391 2492 1558 2547 aliquid
1591 2500 1811 2548 ageretur.

404 2625 413 2642 ¹
440 2624 506 2654 The
523 2625 594 2654 MS.
612 2623 667 2653 has
683 2626 846 2652 cantatum
861 2621 924 2651 aud
939 2621 1108 2660 hymnum.

402 2683 415 2700 Σ
439 2683 515 2712 This
540 2682 601 2712 aud
624 2682 674 2711 the
698 2685 771 2711 next
795 2679 968 2721 paragraph
995 2690 1046 2710 are
1072 2678 1232 2709 extracted
1257 2678 1297 2716 by
1316 2676 1513 2716 Raynaldus,
1531 2677 1589 2707 No.
1607 2677 1678 2713 211,
1694 2687 1724 2716 p.
1739 2677 1812 2713 475,

360 2736 411 2766 ed.
428 2735 487 2765 ult.

403 2794 415 2810 ³
441 2794 663 2829 Veruntamen,
683 2793 787 2830 Rayn.
