1905 3254
322 252 371 292 12
967 269 1080 299 sEss.
1108 269 1134 298 1.

318 374 676 430 contagionisque
713 374 908 429 periculo
940 373 1183 415 evitandus.
1248 373 1337 414 Soli
1374 373 1565 428 Hispani
1603 374 1776 429 praelati

321 464 373 490 ex
395 447 658 489 Tridentina
679 447 855 488 civitate
875 446 1092 488 discedere
1106 455 1372 495 recusarunt,
1392 448 1556 503 quippe
1571 449 1646 503 qui
1667 448 1776 489 hanc

320 522 463 561 morbi
495 521 755 561 occasionem
789 522 1025 568 confictam,
1059 535 1142 561 non
1176 536 1335 568 veram,
1369 536 1461 561 esse
1495 521 1579 561 sibi
1600 537 1777 576 persua-

319 593 483 634 derent.
545 592 656 634 Haec
692 594 756 634 ita
776 594 997 648 utrimque
1021 593 1334 649 vulgabantur.
1398 593 1587 644 Quidam
1631 601 1777 634 tamen

320 667 492 707 acutius
527 666 800 722 migrationis
832 666 951 707 illius
999 682 1174 707 causam
1222 666 1511 722 interpretati,
1561 666 1661 707 inde
1700 666 1779 707 hoc

323 741 564 795 profectum
601 740 885 783 affirmabant,
910 739 1027 794 quod
1057 755 1153 780 cum
1190 754 1275 780 non
1309 740 1411 780 satis
1446 740 1558 780 inter
1590 740 1777 780 Paulum

320 816 497 857 tertium
515 823 558 857 et
581 816 787 857 Carolum
810 815 863 856 V.
888 822 991 856 tunc
1013 816 1273 863 conveniret,
1291 815 1376 856 imo
1400 815 1549 856 Caroli
1572 815 1780 856 Oratores

320 886 625 927 audacioribus
647 886 793 927 verbis
817 885 1022 927 adversus
1053 887 1300 927 Pontificios
1322 888 1387 927 uti
1408 888 1652 942 coepissent,
1676 903 1778 943 pru-

320 958 473 1000 denter
515 959 681 1000 Paulus
723 959 923 1000 libertati
966 959 1151 1000 Concilii
1195 960 1438 1001 cavendum
1487 977 1592 1010 esse,
1647 968 1778 1016 atque

322 1031 439 1071 intra
474 1030 789 1086 jurisdictionis
812 1046 901 1071 suae
923 1032 1041 1080 fines,
1071 1047 1158 1087 quo
1200 1034 1336 1073 tutior
1370 1035 1570 1075 omnibus
1611 1034 1780 1075 dicendi

322 1104 441 1145 locus
462 1110 647 1159 pateret,
683 1104 925 1145 Concilium
961 1106 1308 1160 persequendam
1340 1122 1432 1147 esse
1450 1107 1628 1154 censuit,
1663 1107 1779 1163 quod

323 1177 479 1218 deinde
512 1178 633 1217 novis
673 1177 863 1218 subortis
905 1177 1230 1233 impedimentis
1265 1179 1396 1219 etiam
1427 1195 1684 1235 suspensum
1723 1181 1779 1221 ab

322 1250 472 1291 eodem
496 1250 591 1291 fuit.

382 1324 509 1364 Obiit
549 1329 702 1378 postea
751 1323 918 1365 Paulus
953 1324 1042 1366 III.
1087 1340 1195 1366 anno
1236 1326 1354 1374 1549,
1401 1330 1525 1383 cujus
1565 1343 1781 1368 successor

325 1397 475 1438 Julius
496 1396 653 1438 tertius
674 1411 824 1437 rursus
848 1397 1094 1438 Concilium
1130 1398 1172 1438 in
1197 1398 1379 1438 eandem
1404 1399 1607 1440 Tridenti
1630 1399 1780 1440 civita-

324 1478 425 1519 tem,
457 1470 576 1526 quod
609 1469 654 1510 id
682 1477 725 1511 ct
759 1470 917 1512 Carolo
940 1471 994 1511 V.
1030 1472 1266 1526 multisque
1297 1473 1572 1528 principibus
1606 1481 1781 1529 gratum

325 1549 450 1591 esset,
492 1543 710 1583 revocavit
747 1557 858 1583 anno
900 1542 1106 1593 MDLI.;
1161 1559 1313 1584 verum
1355 1560 1452 1585 cum
1493 1546 1644 1601 paucis
1685 1552 1783 1601 post

326 1617 548 1657 mensibus
582 1631 739 1672 graves
772 1616 990 1657 tumultus
1024 1617 1157 1657 variis
1192 1618 1237 1657 in
1274 1618 1378 1658 locis
1414 1625 1554 1659 essent
1589 1619 1782 1667 excitati,

325 1689 581 1744 bellumque
603 1690 755 1745 ingens
775 1690 819 1729 in
843 1690 1005 1738 Gallia,
1032 1690 1281 1739 Germania,
1306 1692 1526 1747 Italiaque
1540 1692 1782 1742 exarsisset,

326 1764 470 1803 visum
494 1763 579 1803 fuit
597 1763 627 1803 J
632 1763 722 1803 ulio
746 1762 835 1803 III.
859 1763 1034 1803 interim
1054 1763 1249 1805 Concilio
1280 1765 1652 1820 supersedendum
1674 1782 1781 1808 esse.

326 1835 412 1876 His
435 1836 563 1877 bellis
596 1835 859 1877 Christianae
882 1837 972 1878 fere
1014 1852 1162 1878 omnes
1203 1838 1445 1878 Provinciae
1484 1839 1782 1894 compluribus

326 1910 448 1950 annis
471 1910 649 1951 fuerunt
685 1911 934 1966 exagitatae,
976 1910 1109 1951 donec
1163 1926 1273 1952 anno
1307 1911 1524 1953 MDLIX
1570 1913 1781 1969 Omnipo-

327 1984 459 2024 tentis
480 1983 566 2024 Dei
582 1984 857 2039 benignitate
878 1999 965 2038 pax
998 1999 1168 2024 summa
1199 1984 1312 2024 inter
1344 1999 1490 2025 omnes
1513 1984 1784 2026 Christianos

331 2057 551 2112 Principes
572 2057 657 2098 fuit
670 2057 907 2105 conciliata,
926 2072 979 2097 ex
995 2072 1081 2112 qua
1102 2063 1144 2098 et
1169 2056 1399 2097 Catholica
1419 2058 1576 2113 religio
1598 2060 1784 2101 maxime

329 2130 553 2171 sublevari
573 2146 698 2186 posse
720 2131 993 2185 sperabatur.

386 2204 551 2246 Verum
575 2203 758 2245 decessit
784 2220 884 2245 mox
916 2205 1104 2245 Enricus
1128 2204 1354 2246 Secundus
1388 2205 1635 2247 Galliarum
1671 2206 1781 2255 Rex,

331 2278 552 2334 pauloque
570 2284 666 2333 post
684 2282 780 2333 ejus
800 2278 918 2318 filius
933 2278 970 2319 F
974 2278 1186 2319 ranciscus
1203 2278 1266 2320 II.
1283 2279 1445 2320 ibidem
1465 2279 1574 2329 Rex,
1594 2296 1781 2336 quorum

331 2351 470 2398 obitu,
493 2365 589 2390 cum
610 2365 795 2406 regnum
821 2349 980 2391 Carolo
1003 2349 1088 2391 IX.
1114 2349 1256 2391 adhuc
1285 2351 1507 2407 impuberi
1532 2360 1644 2393 esset
1664 2352 1780 2394 dela-

332 2432 440 2472 tum,
472 2424 685 2480 regnique
707 2423 1024 2465 administratio
1050 2423 1222 2465 interim
1251 2425 1307 2465 ab
1334 2425 1527 2466 Antonio
1559 2427 1781 2468 Borbonio

331 2497 585 2539 Vandomiae
598 2497 706 2538 duce
719 2503 928 2553 tanquam
941 2512 994 2537 ex
1010 2497 1131 2553 regia
1144 2498 1279 2553 stirpe
1291 2499 1567 2553 proximiore,
1584 2515 1671 2542 una
1684 2516 1781 2542 cum

333 2570 485 2625 regina
506 2576 656 2616 matre,
677 2571 806 2625 juxta
827 2572 1039 2626 majorum
1063 2571 1207 2626 gentis
1233 2571 1352 2611 illius
1372 2587 1525 2619 mores,
1559 2579 1671 2614 esset
1691 2589 1781 2614 sus-

334 2650 474 2698 cepta,
506 2650 609 2684 tunc
636 2643 767 2683 variis
799 2644 966 2684 artibus
992 2650 1219 2699 coeperunt
1240 2644 1416 2699 quidam
1442 2645 1688 2687 Galliarum
1709 2662 1782 2687 no-

335 2715 446 2756 biles
467 2723 510 2756 et
531 2731 732 2772 proceres
753 2716 1009 2772 religionem
1035 2723 1225 2757 nostram
1251 2717 1523 2772 perturbare,
1557 2719 1785 2775 multaque

335 2788 379 2828 in
420 2790 582 2844 vulgus
622 2804 830 2845 spargere
867 2789 921 2830 ad
958 2789 1228 2831 catholicam
1265 2789 1393 2832 fidem
1429 2791 1784 2837 labefactandam.
