1905 3254
385 268 441 308 02
1033 284 1140 314 snss.
1166 285 1210 314 11.

386 405 527 446 pauca
548 389 774 445 praefatus,
812 390 870 429 sic
899 388 1054 430 deinde
1087 396 1151 430 est
1183 395 1370 430 secutus
1435 389 1603 430 Audivi
1633 389 1842 430 nonnulla

385 462 438 502 de
461 461 591 502 titulo
619 460 780 502 decreti
805 476 829 501 a
851 461 939 501 ΒΜ)
962 460 1017 501 D.
1042 475 1138 501 meo
1167 460 1324 502 ArchP⁰
1349 461 1611 501 Granatensi
1642 461 1839 516 proponi,

392 551 416 576 a
460 535 623 590 quibus
666 540 881 589 quantum
924 550 1007 590 ego
1048 535 1177 590 longe
1218 534 1422 575 dissentio
1465 549 1686 590 cuperem,
1730 535 1842 574 bona

388 609 510 650 Illrum
532 608 803 664 Legatorum
829 608 983 664 gratia,
1008 608 1217 648 brevibus
1240 606 1294 648 ad
1319 622 1369 647 ea
1397 606 1673 662 respondere.
1739 606 1839 655 Hic,

385 698 481 723 cum
505 682 666 738 Legati
687 682 934 730 tacuissent,
961 689 1064 722 tunc
1085 681 1158 722 ille
1177 698 1184 722 :
1230 681 1600 722 Taciturnitatem
1628 680 1738 721 hanc
1760 695 1842 736 ego

385 772 617 797 consensus
638 757 729 796 loco
751 755 1086 811 interpretabor.
1150 754 1261 795 Dico
1298 755 1451 810 igitur,
1476 754 1688 810 praesenti
1710 754 1842 795 titulo

385 845 470 870 non
492 844 582 870 esse
604 829 679 869 illa
696 829 844 876 verba,
861 827 1151 868 universalem
1165 827 1420 875 Ecclesiam,
1437 828 1527 875 δια,
1547 826 1839 883 adjungenda,

385 910 480 943 tum
503 917 655 942 revera
676 902 849 941 inutilia
870 908 984 948 sunt,
1009 916 1105 941 cum
1130 900 1234 941 satis
1269 907 1447 947 constet,
1472 901 1713 942 Ecclesiam
1746 901 1840 941 uni-

387 974 600 1015 versalem
639 989 663 1013 a
686 974 865 1014 concilio
888 974 1053 1020 referri,
1078 973 1315 1028 potiusque
1339 974 1531 1027 speciosa
1554 973 1774 1028 quaedam,
1798 979 1842 1014 et

388 1049 458 1099 (ut
480 1046 543 1086 ita
565 1045 722 1097 dicam)
740 1045 890 1085 inflata
913 1045 1049 1085 verba
1072 1044 1321 1094 videantur,
1346 1051 1439 1084 tum
1454 1044 1574 1099 quia,
1589 1044 1632 1083 in
1650 1044 1840 1099 antiquis

388 1117 604 1164 Conciliis,
627 1124 670 1157 et
695 1117 747 1157 iis
782 1117 1038 1172 praesertim,
1073 1132 1187 1172 quae,
1227 1123 1277 1157 ut
1310 1123 1500 1172 quatuor
1534 1116 1783 1172 Evangelia
1816 1132 1841 1158 a

386 1190 490 1231 viris
513 1190 671 1230 sanctis
709 1196 812 1229 sunt
845 1196 1020 1244 recepta
1042 1204 1267 1244 nunquam
1288 1190 1450 1230 inserta
1471 1189 1603 1230 fuisse
1629 1189 1838 1230 videmus.

384 1264 479 1304 Nec
501 1279 568 1304 ine
591 1268 739 1302 movet
763 1261 1107 1302 Constantiensis
1131 1268 1173 1302 et
1196 1262 1448 1302 Basilicnsis
1483 1262 1667 1302 Concilii
1697 1277 1839 1303 exem-

383 1337 521 1392 plum.
586 1335 637 1375 In
673 1335 995 1375 Constantiensi
1028 1334 1152 1383 enim,
1188 1349 1285 1374 cum
1322 1335 1492 1375 nullum
1526 1342 1637 1376 esset
1674 1341 1838 1376 certum

384 1415 530 1464 caput,
556 1408 707 1448 nullus
734 1407 904 1448 omnino
934 1407 1193 1461 exploratus
1225 1406 1438 1455 Pontifex,
1471 1422 1610 1462 eoque
1643 1414 1838 1462 tempore

383 1481 553 1536 vigeret
575 1479 770 1525 schisma,
794 1478 1060 1519 necessarius
1082 1478 1270 1518 maxime
1302 1478 1384 1518 fuit
1417 1478 1630 1533 ejusmodi
1663 1479 1837 1520 titulus.

384 1554 449 1594 In¹
474 1554 705 1594 Basiliensi
727 1568 830 1594 vero
857 1553 909 1607 (si
932 1559 1076 1592 tamen
1096 1551 1142 1591 id
1166 1551 1407 1591 Concilium
1434 1551 1648 1592 nomInari
1670 1554 1834 1607 potest)

381 1643 476 1668 cum
500 1627 739 1668 schismatis
763 1626 924 1667 occasio
948 1631 1234 1680 quaereretur,
1259 1624 1377 1679 quod
1390 1631 1432 1665 et
1457 1624 1609 1665 deinde
1638 1632 1836 1666 secutum

381 1707 459 1747 est,
488 1700 549 1739 nil
572 1700 731 1739 mirum
757 1705 833 1747 est,
858 1698 893 1738 si
915 1697 1093 1739 tandem
1115 1697 1435 1751 inscriptionem
1458 1698 1542 1738 fuit
1567 1698 1833 1753 amplexum.

383 1772 497 1812 Cum
520 1778 666 1812 autem
688 1786 764 1811 nos
788 1785 942 1812 verum
966 1770 1354 1825 indubitatumque
1376 1777 1570 1811 nostrum
1584 1770 1834 1811 Pontificem

378 1844 632 1890 habeamus,
658 1858 788 1899 quem
811 1850 854 1884 et
876 1842 1038 1883 habere
1062 1842 1277 1888 volumus,
1303 1856 1379 1882 cur
1400 1842 1549 1897 potius
1570 1842 1835 1898 inpraesenti

382 1917 524 1957 aliena
559 1916 644 1956 ista
666 1915 870 1970 exempla
898 1929 1028 1969 quam
1058 1920 1121 1953 tot
1155 1914 1240 1954 alia
1278 1914 1549 1968 apertissima
1581 1914 1834 1969 probatissi-

379 2004 539 2044 maque
580 1989 829 2028 imitemur?
891 1987 985 2028 Cur
1027 1988 1210 2042 antiqua
1253 1986 1536 2026 sacrosancta
1574 1987 1832 2043 spernimus,

379 2069 429 2102 ut
460 2061 701 2102 recentiora
724 2061 841 2101 varie
878 2058 1054 2115 prodita
1091 2060 1359 2113 sequamur?
1423 2058 1599 2099 Utinam
1632 2072 1733 2098 vero
1750 2073 1834 2098 non

377 2135 440 2174 ita
463 2134 610 2174 faciles
632 2134 763 2174 multi
786 2134 830 2173 in
851 2132 972 2172 novis
995 2131 1197 2172 doctrinis
1220 2131 1478 2186 arripiendis
1500 2137 1654 2178 essent,
1680 2132 1833 2186 utique

376 2206 506 2247 hodie
529 2207 670 2247 minus
696 2221 720 2246 a
741 2206 864 2246 nobis
886 2205 997 2245 foret
1025 2203 1327 2244 laborandum.
1393 2204 1486 2243 Nos
1521 2204 1661 2258 igitur
1684 2210 1830 2244 vetus-

376 2280 499 2327 tiora,
533 2280 568 2319 si
600 2279 807 2335 sapimus,
831 2278 1108 2323 retineamus,
1133 2276 1375 2331 posteriora
1397 2277 1594 2331 posteris,
1624 2277 1659 2316 si
1681 2276 1744 2317 ita
1771 2277 1832 2317 eis

375 2352 582 2407 placebit,
621 2351 932 2405 relinquamus.
993 2348 1148 2388 Titulo
1180 2346 1294 2394 huic,
1339 2347 1392 2388 de
1427 2362 1513 2402 quo
1551 2348 1734 2403 agimus,
1769 2348 1831 2388 nil

374 2438 552 2479 prorsus
584 2423 808 2471 addamus,
843 2437 941 2463 cum
974 2421 1042 2461 hic
1074 2421 1169 2475 ipse
1199 2419 1369 2474 pridem
1401 2420 1463 2460 ita
1504 2420 1636 2460 fuerit
1672 2420 1716 2460 in
1750 2420 1830 2461 hac

375 2497 525 2538 cadem
549 2495 711 2552 syuodo
743 2495 956 2542 decretus,
981 2499 1024 2534 et
1055 2493 1112 2534 ab
1145 2493 1347 2532 omnibus
1372 2492 1649 2548 approbatus.
1712 2492 1827 2533 Hac·

376 2577 502 2610 tenus
521 2568 574 2609 de
597 2568 739 2609 titulo.

452 2639 611 2689 Quoad
656 2638 894 2687 decretum,
943 2639 1028 2679 tria
1078 2638 1296 2693 praecipue
1343 2637 1508 2678 deduxi
1556 2638 1826 2679 animadver-

373 2713 532 2754 tenda:
562 2712 715 2767 priino,
742 2712 1000 2752 sententiam
1021 2714 1128 2767 ejus,
1155 2726 1201 2750 ac
1222 2711 1347 2751 finem
1386 2726 1472 2766 quo
1502 2711 1731 2767 dirigitur3
1764 2727 1826 2754 se-

1008 2802 1015 2818 ¹
1044 2802 1104 2839 Ex,
1120 2800 1188 2830 MS.
