1905 3254
352 264 435 307 374
979 280 1089 310 SEss.
1114 279 1195 309 vn.

355 387 440 427 sint
460 386 504 426 in
523 386 649 426 nobis
669 384 916 426 schismata.
979 385 1120 426 Docet
1141 385 1321 440 insuper
1350 383 1412 425 Sta
1445 381 1657 440 Synodus,
1680 383 1726 423 in
1747 397 1810 424 or-

356 460 582 500 dinatione
603 459 940 515 Episcoporum‚
972 458 1270 505 Sacerdotum,
1310 464 1354 498 et
1388 463 1643 498 caeterorum
1683 456 1811 497 Ordi-

356 547 474 580 num,
499 538 635 587 atque
662 532 795 572 etiam
828 532 1189 587 presbyterorum
1222 531 1508 576 institutione,
1543 544 1622 570 nec
1649 529 1810 576 Plebis,

355 621 434 647 nec
457 606 650 662 cujusvis
672 606 893 647 saecularis
912 605 1153 661 potestatis,
1169 611 1213 646 et
1233 604 1518 661 magistratus
1544 617 1809 650 consensum,

356 679 449 721 sive
471 680 752 728 vocationem,
788 679 878 720 sive
915 679 1227 720 authoritatem
1264 678 1327 720 ita
1361 677 1600 719 necessario
1633 676 1812 732 requiri,

358 760 408 794 ut
429 753 521 794 sine
542 768 593 794 ea
612 753 736 793 irrita
757 753 812 793 sit
834 752 906 792 vel
928 752 1094 799 electio,
1113 752 1183 793 vel
1197 751 1426 799 ordinatio,
1453 752 1524 792 vel
1542 749 1812 806 jurisdicti03

357 827 464 882 quin
499 826 647 882 potius
678 825 886 875 decernit,
923 824 1048 880 Epos
1071 825 1271 866 canonice
1303 831 1564 880 assumptos,
1601 830 1644 864 et
1668 823 1812 863 Sacer-

357 899 480 941 dotes
517 900 573 940 ab
605 899 841 954 Episcopis
872 897 1106 945 ordinatos,
1139 897 1474 952 Plcbanosque¹
1514 897 1569 938 ad
1600 896 1814 952 regendas

357 971 593 1013 Parochias
638 977 825 1019 vocatos,
862 985 948 1011 non
983 985 1075 1010 esse
1112 969 1256 1010 larvas
1291 969 1493 1024 PapaleS,
1528 977 1604 1011 aut
1634 970 1813 1026 figmen-

358 1053 453 1087 tum
482 1044 738 1092 humanum,
774 1043 850 1084 sed
871 1057 995 1084 veros
1018 1049 1061 1083 et
1080 1042 1299 1098 legitimos
1319 1042 1434 1084 EccBE
1457 1043 1695 1090 Ministros,
1719 1043 1814 1098 qui-

356 1119 442 1160 bus
462 1119 595 1159 etiam
619 1118 674 1158 sit
694 1116 940 1173 parendum
973 1122 1017 1157 et
1038 1115 1329 1157 obediendum
1348 1133 1357 1156 z
1389 1131 1461 1157 eos
1483 1132 1601 1166 vero,
1625 1117 1703 1172 qui
1724 1123 1815 1157 tan-

357 1190 582 1231 tummodo
605 1205 629 1230 a
650 1188 837 1243 Populo,
861 1194 905 1229 et
928 1187 1059 1228 Civili
1081 1188 1344 1243 magistratu
1367 1188 1510 1229 vocati
1539 1195 1582 1229 et
1609 1188 1813 1236 instituti,

359 1262 416 1302 ad
436 1262 528 1302 haec
550 1261 793 1302 ministeria
814 1260 1058 1302 exercenda
1080 1260 1332 1303 ascendunt.
1360 1267 1436 1301 aut
1468 1261 1545 1317 qui
1567 1276 1619 1302 ea
1639 1260 1816 1316 propria

359 1334 627 1377 authoritate
650 1335 722 1375 vel
743 1335 892 1390 potius
913 1334 1160 1375 temeritate
1183 1334 1270 1374 sibi
1292 1341 1482 1381 sumunt,
1504 1349 1588 1374 non
1609 1334 1815 1374 Ecclesia-3

357 1409 588 1456 ministros,
621 1408 696 1449 sed
731 1408 850 1449 fures
883 1415 926 1449 et
959 1408 1161 1455 latrones,
1194 1422 1273 1462 per
1298 1408 1457 1448 ostium
1478 1422 1563 1448 non
1584 1408 1813 1463 ingressos,

357 1479 582 1521 habendos
603 1495 708 1521 esse.

417 1554 463 1594 Si
496 1554 593 1608 quis
625 1552 800 1601 dixerit,
823 1553 1079 1608 Episcopos,
1103 1553 1373 1594 authoritate
1397 1553 1522 1594 Sedis
1543 1553 1814 1609 Apostolieae

358 1632 401 1667 et
448 1626 531 1666 sub
572 1625 726 1666 Beatmi
761 1626 897 1681 Papae
939 1625 1190 1667 obedientia
1232 1632 1490 1681 assumptos,
1531 1640 1618 1666 non
1659 1640 1750 1666 esse
1792 1640 1817 1666 a

360 1698 537 1739 Christo
558 1698 794 1746 institutos,
817 1705 860 1739 et
883 1698 1151 1753 presbyteris
1169 1699 1415 1754 superiores
1428 1715 1438 1748 3
1461 1698 1531 1739 vel
1547 1712 1633 1739 non
1653 1697 1816 1739 habere

357 1779 621 1828 potestatem
656 1770 900 1817 ordinandi,
931 1778 1009 1812 aut
1039 1786 1134 1812 eam
1167 1787 1258 1812 esse
1291 1772 1379 1812 illis
1411 1787 1684 1813 communem
1717 1786 1815 1812 cum

357 1844 669 1891 sacerdotibus,
689 1844 781 1884 sive
804 1843 976 1885 ordines
998 1845 1054 1885 ab
1086 1845 1175 1886 illis
1211 1845 1402 1892 collatos,
1438 1845 1530 1886 sine
1563 1845 1720 1900 plebis,
1744 1844 1815 1885 vel

357 1918 585 1973 potestatis
625 1917 845 1957 saecularis
879 1932 1100 1966 consensu,
1145 1925 1223 1959 aut
1260 1919 1497 1966 vocatione,
1533 1919 1676 1959 irritos
1708 1933 1813 1965 esse,

356 1992 562 2047 ipsosque
597 1991 743 2031 larvas
776 1991 978 2046 papales,
1022 2005 1071 2032 ac
1101 1992 1365 2048 figmentum
1412 1992 1658 2034 humanum
1693 2008 1814 2043 csse3

360 2064 615 2104 Anathema
638 2063 708 2104 sit.

414 2137 521 2177 Post
540 2136 633 2177 haec
649 2142 860 2191 tempora,
873 2151 971 2176 cum
995 2136 1115 2177 varia
1135 2137 1408 2193 subsequuta
1429 2145 1585 2186 essent,
1609 2153 1670 2188 ac,
1702 2139 1816 2179 inter

358 2216 525 2258 caetera,
539 2210 824 2266 Legatorum,
837 2208 1072 2250 Mantuani
1089 2216 1133 2250 ct
1148 2211 1392 2266 Seripandi,
1408 2212 1555 2252 obitus
1569 2227 1613 2252 se
1629 2211 1813 2267 adjunx-

357 2284 474 2331 isset,
508 2282 626 2338 quod
657 2283 748 2323 loco
784 2298 860 2323 suo
900 2283 1078 2337 plenius
1109 2283 1318 2333 dicemus,
1357 2284 1521 2341 Legati
1556 2285 1816 2340 superstites

357 2356 636 2399 difficultates
657 2371 802 2397 omnes
834 2356 1059 2413 sigillatim
1095 2371 1195 2411 quae
1227 2358 1270 2397 in
1292 2357 1371 2398 hac
1394 2358 1576 2398 materia
1597 2365 1700 2398 tunc
1721 2373 1816 2399 ver-

357 2430 583 2477 sabantur,
608 2445 655 2470 ac
675 2444 823 2470 rerum
845 2436 1020 2476 statum,
1038 2429 1274 2485 diligenter
1299 2431 1479 2471 Summo
1501 2432 1708 2472 Pontificc
1729 2432 1812 2488 sig-

357 2503 620 2544 nificandum
654 2509 942 2552 censuerunt,
977 2510 1026 2543 ut
1060 2503 1178 2544 illius
1210 2504 1383 2544 consilio
1416 2519 1503 2558 quo
1532 2504 1812 2560 progredien-

358 2576 463 2617 dum
486 2577 544 2617 sit
570 2576 614 2616 in
643 2574 796 2631 primis
829 2575 1126 2617 admoneatur.
1189 2576 1483 2618 Difficultates
1515 2584 1661 2619 autem
1691 2585 1815 2620 erant

358 2648 437 2690 hae.

719 2743 727 2760 ³
757 2744 814 2774 See
829 2744 990 2783 Adelung„
1010 2743 1148 2775 Glossar.
1168 2745 1265 2775 under
1279 2745 1452 2775 Plebanus.
