1905 3254
671 319 785 349 sEss.
810 320 885 349 vu,
1431 303 1506 342 331

55 426 352 473 instrumento,
376 425 559 466 conferri
595 431 761 466 certum
793 440 908 475 esse,
939 425 1059 466 illam
1087 440 1188 467 vero
1210 440 1309 482 quae
1332 433 1397 467 est
1419 441 1513 468 con-

53 497 247 544 tentiosa,
284 498 483 553 quamvis
517 513 541 538 a
577 498 701 554 Papa
734 499 874 540 libero
914 506 1037 540 motu
1073 500 1310 547 tribuatur,
1354 499 1512 547 dando,

52 570 327 616 instituendo,
363 569 613 618 auferendo,
646 578 793 612 tamen
816 571 1027 613 adversus
1050 572 1378 633 Philosophiam
1400 588 1513 629 pug-

52 657 168 690 nare,
191 643 226 683 si
248 648 367 683 totus
390 642 457 683 hic
484 649 605 684 actus
636 644 686 683 2ΞΒ
719 658 872 692 causae,
911 650 954 684 et
989 658 1074 684 non
1106 644 1272 698 primae,
1304 644 1515 684 attribue-

51 722 187 757 retur.
250 715 380 756 Dixit
402 716 547 764 etiam,
570 716 624 757 dc
646 717 902 758 necessitate
925 716 1082 760 salutis
1104 731 1211 764 esse,
1236 723 1286 756 ut
1312 716 1380 757 hic
1413 717 1513 757 arti-

52 789 176 830 culus
211 788 456 837 definiatur,
497 804 629 845 quem
663 796 782 832 totus
817 789 1096 831 Christianus
1132 789 1248 830 orbis
1290 797 1512 845 expectat,

50 862 267 918 siquidem
302 863 511 904 Haeretici
542 864 605 904 nil
639 864 762 905 aliud
784 870 1001 920 quaerunt,
1036 878 1167 919 quam
1203 862 1510 904 Hicrarchiam

49 934 159 977 hanc
199 943 421 986 evertere,
465 938 546 978 etsi
587 937 666 978 hoc
708 938 1075 983 dissimulabitur,
1117 936 1261 977 dicent
1303 936 1514 978 Haerctici

51 1009 196 1050 omnia
227 1016 374 1050 nostra
404 1009 526 1050 nullo
560 1009 847 1052 fundamento
879 1010 973 1058 niti,
1007 1016 1050 1050 et
1080 1009 1274 1051 consulto
1306 1024 1383 1050 nos
1410 1010 1514 1050 omi-

52 1082 167 1130 sisse,
190 1098 237 1124 ac
258 1082 431 1125 decreta
452 1084 597 1125 omnia
617 1090 762 1125 nostra
784 1098 956 1139 semper
975 1083 1236 1124 irridebunt.

105 1156 567 1213 Aversanus—quod
600 1157 791 1211 dignitas
832 1157 1107 1212 Episcopalis
1143 1157 1342 1198 instituta
1377 1163 1443 1198 cst
1484 1172 1509 1198 a

47 1228 158 1277 Deo,
180 1229 432 1284 ordinisque
454 1236 672 1285 potcstas;
706 1229 863 1270 divisio
885 1236 1032 1270 autem
1060 1229 1330 1270 Dioeccsium
1354 1245 1401 1271 ac
1422 1230 1505 1271 dis-

48 1302 230 1344 tributio
252 1317 485 1344 munerum
511 1309 605 1343 tota
624 1303 762 1343 oritur
785 1318 808 1343 a
832 1303 966 1358 Papa.

105 1375 505 1431 Mutinensis—qui
540 1390 654 1416 unus
687 1375 834 1416 fuerat
855 1391 909 1417 ex
932 1390 1081 1417 eorum
1111 1375 1293 1416 Patrum
1315 1390 1510 1421 numero,

47 1448 123 1503 qui
156 1447 394 1489 doctrinam
435 1455 786 1504 composuerant,
827 1464 903 1490 seu
945 1449 1244 1497 restituerant,
1278 1449 1510 1504 sigillatim

46 1521 134 1563 fere
159 1521 214 1562 ad
234 1521 379 1562 omnia
400 1521 456 1562 ab
479 1521 572 1562 aliis
605 1521 777 1576 obJecta
808 1521 1048 1577 respondit.
1110 1522 1172 1562 Et
1210 1523 1322 1562 inter
1354 1529 1511 1563 caetcra

46 1593 171 1642 dixit,
208 1609 294 1635 non
329 1595 540 1650 cogitasse
578 1609 649 1635 eos
690 1594 931 1635 doctrinam
974 1594 1154 1635 uberem
1193 1601 1236 1635 ct
1270 1595 1508 1649 perfectam

46 1666 189 1716 cdere,
212 1682 310 1708 cum
333 1667 437 1708 satis
457 1667 593 1708 sciant
614 1667 757 1707 multa
783 1666 852 1707 hic
876 1667 1025 1707 abesse
1043 1683 1053 1715 3
1087 1667 1162 1707 scd
1193 1681 1293 1722 quae
1326 1668 1511 1708 sufficiat

47 1739 102 1781 ad
122 1739 425 1781 haereticorum
447 1740 606 1794 scripta
628 1738 902 1780 confutanda.
966 1738 1035 1778 De
1067 1737 1326 1787 charactere,
1351 1738 1396 1779 id
1426 1754 1510 1780 non

46 1812 186 1854 solum
211 1827 236 1853 a
256 1812 376 1853 Divo
397 1812 570 1853 Thoma
591 1812 766 1866 saepius,
799 1810 875 1852 sed
896 1817 940 1851 et
963 1826 987 1851 a
1010 1811 1068 1851 S¹⁰
1095 1810 1336 1859 Clemente,
1370 1818 1415 1853 et
1451 1812 1508 1852 ab

48 1885 239 1941 antiquis
274 1885 484 1926 Patribus
517 1883 669 1925 eodem
706 1898 846 1931 sensu,
878 1883 980 1924 licet
1011 1883 1120 1924 forte
1153 1897 1239 1923 non
1263 1883 1414 1925 eodem
1436 1900 1509 1926 no·

17 1945 26 1951 ⁵
46 1957 174 2004 minc,
207 1958 423 2013 usurpari.
486 1956 621 1997 Recte
658 1956 702 1996 id
734 1956 867 1997 etiam
900 1955 1067 1997 dictum
1103 1970 1209 2003 csse,
1247 1955 1367 2011 quod
1395 1957 1506 2013 Epi-

49 2031 166 2085 scopi
206 2036 503 2071 successerunt
524 2030 616 2070 loco
649 2029 976 2085 Apostolorum,
1011 2030 1047 2069 si
1068 2035 1182 2069 recte
1204 2029 1480 2086 intelligatur
1497 2049 1508 2081 ;

47 2117 147 2144 nam
168 2103 374 2160 Apostoli
395 2118 479 2144 non
501 2102 643 2143 solum
674 2102 848 2143 fucrant
870 2102 1095 2157 Episcopi,
1129 2101 1203 2142 sed
1226 2103 1355 2143 etiam
1379 2105 1510 2160 primi

47 2176 270 2233 Episcopi,
303 2178 346 2217 in
379 2191 481 2232 qua,
521 2183 572 2216 ut
607 2177 670 2216 ita
700 2175 887 2222 dicatur,
921 2175 1144 2230 primitatc
1166 2190 1251 2216 non
1273 2177 1510 2219 succedunt

48 2248 120 2290 alii
139 2249 378 2305 Episcopi,
401 2249 510 2290 sicut
532 2249 701 2305 primus
721 2248 850 2289 homo
872 2248 1029 2289 habuit
1052 2254 1227 2297 costam,
1247 2249 1292 2288 in
1314 2263 1507 2304 qua-non

48 2321 282 2363 succedunt
304 2322 377 2363 alii
398 2321 607 2369 homines,
641 2321 748 2377 quia
770 2320 889 2377 quod
911 2321 1102 2376 primum
1125 2328 1191 2362 est
1213 2321 1381 2363 ratione
1402 2329 1509 2365 tcm-

48 2396 164 2452 poris
181 2397 523 2452 praerogativam
547 2395 637 2436 illis
672 2395 829 2436 tribuit
858 2395 969 2436 solis.
1034 2394 1140 2436 Ideo
1172 2395 1382 2451 Apostoli
1416 2396 1510 2439 fue-

48 2474 150 2508 runt
187 2467 332 2523 primi,
375 2475 419 2508 et
459 2468 640 2509 fuerunt
682 2467 897 2523 Episcopi
938 2468 981 2508 in
1024 2467 1263 2507 universali
1296 2467 1507 2511 Ecclesia.

47 2539 289 2582 Damnavit
309 2541 441 2581 etiam
464 2539 590 2588 illud,
625 2539 742 2596 quod
763 2540 942 2596 quidam
965 2539 1132 2586 volunt,
1164 2545 1214 2580 ut
1237 2538 1446 2581 Sacerdos
1465 2549 1509 2583 et

49 2613 301 2654 sacrificium
324 2614 411 2655 sint
437 2614 668 2669 conjuncta
699 2619 873 2653 natura.
936 2611 1066 2652 Dixit
1099 2611 1212 2652 enim
1246 2625 1330 2652 non
1365 2614 1509 2655 omnia

50 2686 231 2727 relativa
261 2701 352 2727 esse
384 2690 629 2742 conjuncta,
655 2685 729 2726 sed
751 2692 921 2726 tantum
945 2699 1007 2732 ea,
1040 2699 1139 2739 quae
1163 2690 1278 2730 sunt,
1312 2692 1363 2726 ut
1386 2686 1508 2729 aiunt

50 2757 313 2815 Philosophi,
336 2759 574 2800 secundum
597 2773 703 2806 esse,
738 2758 872 2798 veluti
897 2757 1135 2797 sacrificans
1158 2763 1201 2796 ct
1222 2757 1478 2800 sacrificium
1497 2777 1506 2809 ;

51 2845 132 2872 non
157 2839 299 2873 autem
325 2831 531 2872 Sacerdos
548 2838 590 2872 et
611 2831 880 2877 sacrificium,
906 2844 1005 2883 qum
1028 2835 1128 2868 sunt
1150 2828 1332 2869 relativa
1360 2846 1507 2873 secun-
