1905 3254
690 309 800 340 sess.
826 310 902 340 vn.
1441 295 1519 335 311

66 418 253 469 gregata
294 413 467 470 Synodo
508 414 742 469 expetitur.
816 413 921 455 Huc
957 428 1034 454 vos
1074 414 1286 469 majorum
1322 413 1523 468 exempla

65 486 270 528 trahunt.¹
329 486 428 527 Hoc
462 486 547 527 Dei
568 487 753 527 verbum
785 486 925 535 docet,
960 500 1008 527 ac
1030 492 1081 527 ut
1112 501 1339 541 speremus
1359 487 1403 526 in
1423 501 1520 541 pro-

65 559 203 600 missis
234 560 335 607 suis,
371 574 471 614 quae
498 574 722 614 nunquam
757 560 857 600 fecit
888 559 1022 606 irrita,
1059 559 1271 613 imperat3
1304 566 1435 614 atque
1458 559 1522 600 ita

64 630 237 671 demum
259 646 312 672 ex
333 630 412 671 hoc
432 631 523 672 loco
544 646 633 686 pax
654 631 754 678 Dei,
782 643 882 685 quae
904 638 1121 686 exuperat
1141 646 1310 672 omnem
1333 645 1518 678 sensum,

63 708 346 757 expectatur;
378 703 616 758 Templum
648 703 763 743 enim
784 703 871 743 Dei
892 710 1088 744 sanctum
1111 710 1186 751 est,
1217 703 1335 758 quod
1366 717 1519 743 sumus

62 788 138 815 nos
154 773 265 822 Viri,
283 775 460 824 Patres;
482 781 525 816 et
541 776 714 816 tametsi
735 775 968 816 divisiones
991 776 1230 831 gratiarum
1253 776 1350 822 sint,
1374 790 1520 816 omnes

63 851 207 886 tamen
227 861 304 886 nos
326 846 371 886 in
394 861 481 887 uno
504 847 688 902 Spiritu,
711 848 788 902 qui
808 848 978 888 nomine
999 847 1202 888 Domini2
1222 847 1252 888 J
1256 861 1333 887 esu
1356 845 1520 886 Christi

63 919 318 975 congregati
339 933 502 966 sumus,
525 934 632 974 quos
653 927 697 960 et
719 919 862 960 dicere
882 934 1054 960 necesse
1079 926 1156 966 est,
1179 926 1237 967 et,
1260 924 1393 973 prout
1416 918 1518 973 Spi—

63 991 175 1032 ritus
212 992 396 1032 Sanetus
428 991 567 1039 dabit,
590 992 750 1047 eloqui.
814 992 924 1041 Quae
960 992 1117 1039 omnia,
1152 998 1202 1032 ut
1240 991 1381 1047 magis
1412 990 1518 1031 scire

62 1063 245 1117 potestis
278 1063 332 1104 ad
364 1064 474 1104 bene
508 1064 726 1119 beateque
766 1064 1098 1111 decernendum,
1140 1078 1194 1104 ex
1228 1063 1373 1104 divino
1406 1078 1517 1118 prae-

62 1136 222 1190 scripto
242 1144 343 1178 sunt
364 1138 537 1178 omnino
570 1139 821 1179 necessaria.
884 1138 998 1179 Haec
1029 1138 1173 1178 onmia
1203 1138 1519 1178 Christianissi-

63 1223 159 1249 mus
179 1210 290 1258 Rex,
315 1225 412 1250 cum
433 1211 517 1250 sibi
539 1211 642 1251 satis
662 1211 941 1266 persuadeat,
963 1226 1040 1251 ncc
1063 1211 1297 1266 quicquain
1324 1210 1516 1250 alienum

64 1281 119 1321 ab
140 1281 206 1322 his
238 1296 263 1322 a
288 1282 413 1322 nobis
434 1289 651 1338 expectet.
715 1283 819 1323 Duo
841 1290 986 1323 tamen
1008 1283 1233 1338 praecipua
1254 1289 1355 1323 sunt
1376 1297 1440 1329 ca,
1464 1282 1518 1322 de

62 1354 224 1409 quibus
243 1369 318 1395 nos
340 1355 544 1396 admonet
564 1371 645 1411 pro
666 1372 745 1397 sua
766 1357 809 1396 in
830 1356 937 1396 hanc
969 1356 1191 1411 Synoduiu
1225 1356 1516 1401 observantia,

62 1435 106 1470 et
136 1444 215 1484 pro
237 1445 301 1478 ea,
325 1445 454 1485 quam
477 1432 621 1477 sentit,
645 1446 698 1471 ex
720 1430 785 1471 his
806 1431 849 1471 in
873 1430 1101 1486 Religione
1133 1430 1321 1471 dissidiis
1349 1444 1518 1470 sumina

60 1502 288 1543 molestia.³
346 1503 541 1544 Primum
577 1504 726 1559 itaque
763 1519 787 1544 a
823 1504 947 1544 nobis
981 1504 1187 1559 postulat,
1221 1511 1271 1544 ut
1304 1509 1516 1558 quantum

60 1574 154 1614 fieri
173 1576 349 1630 poterit,
369 1590 484 1617 nova
505 1576 683 1617 dissidia
704 1577 905 1623 vitemus,
936 1590 1069 1617 novas
1095 1577 1274 1631 inquam
1298 1582 1341 1616 et
1362 1576 1516 1615 infruc-

60 1654 210 1688 tuosas
239 1648 537 1703 relinquamus
568 1651 819 1703 quaeti0ne5‚
855 1665 903 1690 ac
934 1650 1111 1689 deinum
1144 1655 1359 1704 quantum
1393 1648 1515 1687 nobis

59 1721 176 1769 licet,
198 1723 424 1767 evitemus,
458 1729 509 1763 ut
541 1722 764 1776 Principes
785 1728 828 1762 et
849 1723 1091 1762 Provinciae
1125 1737 1273 1762 omnes
1304 1722 1359 1761 ab
1388 1721 1517 1761 armis

61 1795 320 1837 abstineant.
367 1796 442 1836 Ab
465 1796 543 1836 hoc
565 1795 780 1836 desiderio
801 1794 1129 1835 excitandorum
1153 1795 1368 1834 bellorum
1393 1808 1514 1848 pror—

62 1883 134 1909 sus
153 1883 229 1908 nos
252 1868 414 1909 alienos
436 1883 526 1909 esse
549 1875 735 1923 oportet,
757 1883 811 1908 ne
834 1867 911 1922 qui
933 1882 985 1907 cx
1007 1867 1131 1907 nobis
1152 1866 1454 1913 discesserunt,
1473 1874 1517 1908 et

62 1956 106 1982 se
127 1943 184 1983 ab
206 1942 403 1983 Ecclesia
424 1942 511 1983 Dei
532 1943 835 1997 praeciderunt,
868 1941 1118 1982 existiment
1146 1940 1286 1995 magis
1318 1939 1397 1980 hoe
1419 1955 1515 1981 con-

63 2020 195 2055 ventu
220 2014 440 2069 Principes
471 2015 526 2055 ad
559 2030 680 2055 arma
712 2015 914 2063 excitari3
949 2020 993 2054 et
1019 2014 1249 2053 societates
1280 2019 1323 2053 ct
1349 2012 1516 2054 foedera

62 2087 176 2127 uniri
198 2087 253 2128 ad
273 2087 438 2128 bellum
462 2094 853 2141 quantumcunque
886 2099 1069 2133 sacrum,
1103 2100 1235 2139 quam
1267 2084 1320 2125 de
1342 2085 1514 2126 univer-

62 2159 139 2200 sali
161 2160 355 2200 omnium
378 2159 619 2199 animorum
641 2159 986 2199 reconciliatione
1008 2157 1200 2197 decerni:
1233 2156 1389 2197 soliciti
1414 2164 1514 2198 ante

62 2233 204 2274 omnia
225 2247 398 2274 servare
421 2233 654 2273 veritatem
677 2232 813 2278 Pacis,
838 2232 872 2271 si
899 2230 1006 2286 quid
1028 2231 1072 2270 in
1098 2245 1149 2270 ea
1181 2230 1395 2270 sententia
1416 2245 1514 2285 pec-

62 2312 205 2347 catum
238 2312 314 2347 est.
376 2305 558 2351 Parcite,
593 2319 750 2359 quaeSO,
778 2304 932 2344 Patres
966 2302 1235 2358 amplissimi.
1298 2301 1516 2344 Henricus

63 2385 190 2434 pater
211 2377 365 2420 author
383 2378 468 2419 fuit
482 2377 614 2432 paciS,
636 2392 736 2433 quae
757 2377 802 2417 in
825 2376 1073 2417 Christiano
1095 2376 1198 2416 orbe
1221 2381 1308 2415 tam
1331 2375 1516 2416 feliciter

61 2451 269 2493 hactenus
285 2458 503 2493 servatur:
527 2465 622 2492 eam
640 2450 767 2505 quasi
783 2456 1042 2490 testamento
1063 2448 1194 2504 paulo
1215 2453 1314 2502 post
1331 2449 1516 2489 moriens

61 2525 149 2565 filio
172 2523 398 2565 Francisco
419 2523 534 2578 Regi
557 2522 886 2564 commendavit.
939 2522 1068 2562 Hanc
1088 2521 1126 2561 F
1129 2521 1346 2562 ranciscus
1367 2520 1513 2569 frater,

104 2653 114 2674 ¹
138 2654 285 2693 Trahant,
303 2654 374 2685 MS.

102 2705 116 2723 ²
140 2707 208 2745 Dei,
226 2707 297 2737 MS.

102 2758 115 2776 ³
140 2759 306 2796 Modestia,
323 2758 396 2788 both
413 2758 444 2788 in
458 2758 508 2789 the
525 2759 595 2789 MS.
610 2759 673 2788 an¹l
697 2759 729 2788 in
754 2758 795 2788 Le
812 2757 895 2787 Plat.
941 2757 1048 2787 Before
1065 2757 1080 2785 I
1097 2755 1263 2785 exainincd
1280 2755 1332 2785 the
1350 2754 1433 2795 Ripa
1449 2755 1515 2786 edi-

61 2814 137 2848 tron,
156 2811 179 2841 it
192 2822 254 2842 was
267 2822 299 2842 so
315 2811 432 2842 altered
450 2811 491 2850 by
506 2812 690 2852 conjecture.
736 2811 801 2841 The
816 2810 900 2842 other
916 2810 999 2840 word
1019 2810 1042 2839 is
1057 2819 1214 2839 nonsense.
