1905 3254
661 275 772 305 sEss.
800 276 894 306 rm.
1431 269 1507 311 591

59 372 178 415 ciunt
199 380 354 422 tamen,
370 390 455 416 non
473 377 611 419 videri
633 382 854 436 expedire,
869 399 958 426 rem
981 385 1089 427 adeo
1110 402 1264 429 novam
1286 404 1398 431 nune
1419 398 1510 432 ten-

58 453 163 494 tare,
199 463 294 489 cum
331 449 514 491 Concilii
555 468 707 494 cursus
748 457 851 497 satis
892 472 1004 499 nune
1044 461 1264 503 commode
1304 464 1512 520 progredi

57 520 271 568 videatur,
305 529 348 563 et
381 526 625 578 praesertim
662 542 757 568 cum
801 545 854 570 ex
895 531 1300 576 Reformationibus
1339 537 1512 579 traditis

56 593 175 634 nulla
196 595 279 635 sint
309 597 476 652 gravia,
510 613 557 639 ac
584 598 844 642 Christianae
874 603 1152 659 Reipublicae
1175 608 1327 649 utilia:
1361 610 1509 651 viden-

55 666 157 707 dum
182 669 342 723 potius,
365 670 400 710 si
422 671 530 725 quid
552 673 612 712 eis
634 672 758 721 desit,
778 683 822 715 et
843 676 966 724 illud,
987 685 1037 718 ut
1057 680 1343 735 suppleatur,¹
1361 690 1509 737 postu-

54 739 246 782 landum.
310 742 540 798 Hispanus
576 745 771 801 singulos
794 748 881 789 fere
920 750 1127 792 Oratores
1149 755 1358 801 convenit,
1383 756 1510 797 nihil-

54 827 139 867 que
163 828 245 854 non
267 816 459 861 molitur,
485 825 531 857 ut
563 833 634 857 eos
665 834 809 860 secum
846 821 888 861 in
920 837 1090 863 sensum
1123 840 1248 865 suum
1282 827 1506 882 perducat.

52 885 216 927 Verum
241 888 318 928 ubi
353 905 420 929 res
456 890 626 932 detecta
659 900 737 941 est,
772 902 972 935 curatum
1006 904 1071 937 est
1101 898 1229 938 variis
1266 901 1509 942 rationibus

53 957 114 998 illi
155 961 425 1014 persuaderi,
469 978 560 1004 rem
602 965 749 1019 potius
785 965 1033 1008 damnosam
1067 967 1144 1009 hoc
1181 977 1375 1026 tempore
1406 987 1506 1014 eum

53 1032 246 1087 aggredi.
311 1034 471 1090 Itaque
498 1043 592 1077 tum
615 1039 873 1087 rationibus,
899 1048 992 1081 tum
1015 1044 1255 1096 pracsertim
1281 1045 1506 1102 Quinque-

50 1104 318 1148 ecclesiensis
350 1110 522 1150 consilio
553 1126 599 1151 ac
633 1112 914 1160 authoritate,
950 1130 1105 1169 passus
1144 1124 1208 1157 est
1248 1133 1292 1159 se
1335 1119 1390 1159 ab
1432 1120 1507 1160 illo

49 1179 270 1232 proposito
292 1180 460 1221 interim
484 1182 654 1223 abduci.

108 1250 316 1292 Oratores
347 1260 446 1308 post
484 1255 653 1310 aliquot
691 1256 784 1298 dies
817 1260 956 1299 varias
988 1261 1167 1302 tradunt
1191 1263 1507 1305 Annotationes

48 1322 159 1362 circa
198 1324 402 1364 articulos
435 1326 786 1376 Reformationis,
818 1329 1026 1379 Caesarei,
1063 1332 1238 1380 Gallici,
1275 1335 1505 1391 Portugal-

46 1394 207 1445 liensis³
233 1398 555 1449 Sabaudiensis,
580 1409 624 1442 et
647 1402 828 1443 ultimus
851 1403 1092 1460 Hispanus.

105 1470 389 1526 Singulorum
413 1476 714 1515 annotationes
736 1476 824 1517 loco
845 1493 922 1518 suo
945 1487 1075 1519 erunt
1100 1479 1341 1538 descriptae.

79 1577 426 1626 Annotationes
454 1580 714 1629 Oratoruln
741 1585 799 1630 ad
820 1585 1061 1633 Articulos
1083 1586 1467 1638 Reformationis.

739 1664 815 1711 fol.

103 1757 330 1813 Hispanus
353 1768 451 1815 post
483 1764 781 1803 annotationes
813 1763 1031 1805 exhibitas
1064 1768 1187 1821 petit,
1212 1775 1259 1808 ut
1292 1769 1410 1823 quod
1430 1770 1500 1811 de-

42 1830 142 1871 inde
165 1847 190 1872 a
211 1833 419 1874 Patribus
442 1835 481 1873 in
507 1835 679 1891 Synodo
695 1837 931 1890 probatum
946 1838 1089 1885 fuerit,
1109 1840 1218 1880 illud
1236 1856 1260 1881 a
1277 1841 1501 1898 deputatis

42 1903 263 1959 aliquibus
277 1921 356 1960 per
369 1908 566 1948 nationes
583 1909 832 1964 colligatur,
847 1916 889 1950 et
907 1912 1162 1953 reformetur
1179 1928 1295 1954 more
1315 1915 1499 1957 aliarum

40 1991 199 2027 rerum,
233 1994 332 2034 quae
376 1982 419 2021 in
456 1981 627 2036 Synodo
668 1989 938 2024 statuuntur.
1001 1985 1162 2041 Legati
1203 1997 1421 2040 renuunt3
1455 2006 1499 2031 se

40 2051 336 2092 satisfacturos
358 2055 583 2094 sententiis
596 2056 778 2096 Patrum
797 2056 1076 2111 respondent,
1094 2066 1136 2099 et
1156 2060 1275 2114 quod
1292 2061 1498 2104 hactenus

40 2125 82 2165 in
115 2126 321 2167 mandata
354 2127 672 2169 reformationis
705 2136 927 2170 servatum
964 2139 1042 2179 est,
1078 2139 1129 2173 ut
1161 2136 1235 2174 ea²
1264 2142 1437 2179 tantum
1473 2154 1498 2180 a

39 2196 222 2252 Legatis
256 2207 541 2254 proponatur,
575 2200 619 2240 id
642 2209 684 2242 et
719 2217 833 2242 nunc
857 2203 1158 2245 retinendum:
1192 2213 1235 2247 et
1261 2195 1413 2264 [quod]
1439 2211 1496 2251 ab

40 2270 304 2313 Oratoribus
326 2280 517 2328 petatur,
541 2274 584 2314 id
612 2290 655 2315 se
679 2290 828 2316 eorum
852 2277 1022 2318 nomine
1044 2280 1346 2334 proposituros
1368 2283 1495 2338 polli-

38 2351 202 2385 centur.

95 2417 315 2460 Oratores.
377 2420 715 2463 Reformationis
741 2424 914 2464 articuli
953 2440 1048 2465 cum
1089 2433 1217 2466 antea
1249 2434 1392 2468 essent
1422 2430 1491 2477 42,

35 2489 197 2531 redacti
220 2499 322 2532 sunt
345 2492 397 2533 ad
420 2493 488 2541 36,
509 2494 711 2549 Hispano
733 2497 952 2550 przecipue
975 2496 1019 2536 id
1042 2504 1233 2551 petente,
1259 2506 1310 2539 ut
1331 2500 1492 2556 reliqui

35 2564 251 2604 maturius
272 2572 575 2607 tractarentur.
638 2568 703 2608 Hi
731 2575 851 2609 erant
883 2569 937 2609 de
954 2569 1141 2616 decimis,
1164 2570 1217 2611 de
1240 2571 1490 2615 reductione

35 2633 287 2685 Missarum,
323 2637 376 2678 de
412 2641 952 2690 excommunicationibus;
987 2656 1037 2682 ne
1070 2641 1229 2683 Clerici
1257 2659 1302 2684 se
1329 2645 1489 2687 immis-

35 2716 158 2749 ceant
188 2711 482 2760 saecularibus‚
516 2713 569 2753 de
604 2714 750 2754 valore
784 2715 824 2753 in
862 2715 1090 2755 Beneficiis
1119 2720 1210 2770 jam
1245 2719 1485 2774 resignatis.

206 2794 212 2811 ¹
242 2796 276 2824 ln
296 2795 364 2826 MS.
380 2797 586 2837 supplicatur.
995 2801 1007 2819 ²
1032 2801 1231 2841 Reformatio.
1247 2803 1315 2833 scil.
