1905 3254
700 299 809 329 sess.
836 300 913 329 vn.
1454 287 1540 329 507

83 412 226 447 torum
268 404 498 446 arbitrium
535 406 790 461 rejiciendas
830 406 1026 458 ducunt3
1059 422 1146 463 quo
1181 408 1226 448 in
1260 407 1404 464 gradu
1442 424 1539 464 pro-

81 480 225 535 posita
247 493 273 519 a
292 478 582 534 Lotharingio
604 480 948 522 continebantur.
1011 481 1186 537 Legati,
1209 488 1381 522 mature
1404 483 1538 523 omni-

81 552 165 593 bus
196 551 523 600 animadversis,
558 553 867 593 Praefectorum
905 554 1130 594 consilium
1165 555 1369 610 probant,
1408 562 1541 611 atque

82 624 178 666 haec
214 625 489 681 Lotharingii
518 626 662 681 capita
692 627 737 665 in
765 626 886 666 aliud
907 626 1172 667 commodius
1196 634 1371 684 tempus
1404 643 1538 669 reser-

82 695 239 743 vanda,
271 696 450 752 locoque
484 712 563 738 suo
589 697 817 738 tractanda
842 698 1092 738 decernunt.
1156 699 1219 739 At
1252 715 1349 740 cum
1376 700 1537 741 Lotha-

79 769 248 824 ringius
263 783 343 810 sua
365 784 389 810 a
409 769 591 825 Legatis
604 784 689 810 non
712 770 848 825 recipi
871 770 1005 818 videt,
1028 769 1137 811 hanc
1151 771 1296 811 statim
1315 772 1538 826 repulsam

80 841 479 898 indignitatemque
503 842 710 883 adversus
732 857 776 883 se
807 843 1136 897 interpretatus,
1165 843 1309 884 omnia
1330 843 1439 884 clam
1463 859 1538 898 pa-

80 915 255 971 lamque
276 917 454 957 miscere
487 915 666 957 adortus
695 923 774 963 est,
799 922 848 956 ut
868 915 934 956 his
967 931 1011 956 se
1033 916 1253 972 objiceret,
1278 924 1356 958 aut
1386 917 1539 959 saltem

80 1003 134 1029 ne
176 988 294 1042 quid,
332 988 580 1030 inconsulta
616 995 707 1029 tota
744 988 917 1044 Synodo
949 988 1029 1029 hac
1060 989 1113 1029 de
1148 1003 1207 1038 re,
1242 996 1539 1038 statueretur;

79 1059 213 1102 donee
234 1061 450 1117 paulatim
470 1061 742 1117 Legatorum
778 1061 943 1102 consilii
976 1062 1129 1102 certior
1160 1062 1314 1111 faetus,
1338 1078 1431 1111 sua,
1455 1077 1537 1103 non

80 1132 331 1188 repudiata,
365 1134 441 1174 sed
474 1135 518 1174 in
552 1134 911 1190 opportuniorem
952 1134 1093 1174 locum
1137 1134 1276 1175 dilata
1311 1150 1417 1182 esse,
1441 1150 1538 1190 cog-

81 1207 215 1248 novit.
281 1208 378 1258 Quo
418 1208 583 1249 factum
619 1215 696 1255 est,
732 1215 784 1248 ut
817 1214 859 1248 et
891 1208 984 1262 ipse
1017 1207 1158 1247 eidem
1195 1208 1372 1248 consilio
1414 1208 1539 1249 facile

83 1282 319 1323 accesserit.

140 1353 297 1408 Itaque
320 1367 420 1409 quae
445 1368 469 1394 a
490 1352 705 1407 delegatis
728 1352 938 1393 Patribus
966 1352 1045 1393 hoc
1068 1359 1330 1407 argumento
1361 1353 1539 1393 collecta

81 1425 276 1473 fuerunt,
320 1441 371 1467 ea
408 1427 451 1466 in
496 1425 546 1465 16
585 1425 759 1466 decreta
794 1425 997 1474 redacta3
1045 1425 1236 1479 primum
1279 1425 1540 1465 Oratoribus

84 1498 354 1554 Principum,
391 1499 491 1539 inde
524 1498 706 1553 reliquis
742 1499 950 1538 Patribus
986 1497 1103 1538 edita
1137 1505 1252 1547 sunt,
1283 1513 1383 1553 quae
1418 1505 1540 1539 erant

83 1570 203 1610 talia.

384 1661 578 1706 Abusus
604 1661 653 1706 in
680 1659 994 1706 Sacramento
1022 1659 1250 1707 Ordinis.1

139 1767 230 1822 [l.¹]
267 1767 402 1807 Tanti
424 1766 632 1806 momenti
654 1772 719 1806 est
748 1767 789 1806 in
813 1766 1012 1807 Ecclesia
1044 1766 1130 1806 Dei
1152 1766 1286 1806 bonos
1318 1780 1409 1807 esse
1438 1767 1538 1807 Pas-

78 1848 206 1887 tores,
232 1846 284 1880 ut
304 1839 347 1879 in
372 1854 423 1879 ea
446 1838 682 1879 statuenda
705 1839 864 1879 Sancta
887 1839 1086 1894 Synodus
1106 1838 1215 1878 nihil
1243 1839 1425 1879 nimium
1447 1854 1537 1880 esse

80 1914 329 1955 arbitretur.
394 1913 568 1968 Itaque,
592 1919 753 1967 praeter
775 1928 826 1953 ea
847 1928 947 1967 quae
969 1912 1022 1953 de
1044 1913 1236 1967 ipsorum
1267 1912 1539 1953 institutione

77 1986 286 2028 hactenus
309 1987 474 2027 sancita
496 1992 612 2031 sunt,
635 1986 800 2031 statuit,
824 1992 886 2033 ut,
910 2000 1007 2026 cum
1030 1985 1219 2040 primum
1242 1984 1439 2025 Ecclesia
1461 1999 1534 2025 va-

80 2060 256 2108 caverit,
279 2059 625 2114 supplicationes
648 2074 695 2099 ae
717 2072 867 2113 preces
900 2057 1090 2113 publicae
1112 2073 1137 2098 a
1161 2057 1372 2113 Capitulo
1402 2057 1535 2098 habe-

81 2140 225 2181 antur,
262 2140 306 2174 et
335 2147 413 2188 per
440 2132 678 2173 Dioeeesim
710 2131 972 2179 indicantur,
1003 2131 1164 2186 quibus
1198 2131 1367 2177 Clerus,
1399 2145 1538 2186 popu-

81 2206 242 2263 lusque
264 2205 455 2246 divinam
480 2205 749 2246 clementiam
772 2205 855 2245 sibi
887 2203 1125 2251 conciliare,
1155 2218 1202 2243 ac
1223 2203 1385 2244 bonum
1409 2202 1464 2242 ab
1486 2217 1538 2243 ea

126 2312 136 2330 ¹
154 2309 222 2339 The
232 2310 312 2348 first
332 2308 424 2349 (irase
441 2309 477 2339 os
487 2308 538 2339 the
555 2309 681 2339 Canons
695 2320 734 2339 on
746 2308 806 2338 this
822 2308 944 2348 subject
958 2308 983 2337 is
1007 2307 1099 2345 given
1116 2307 1157 2346 by
1186 2307 1229 2336 Le
1244 2307 1325 2345 Plat,
1342 2307 1539 2337 Monument.

80 2363 123 2393 vi.
145 2373 176 2403 p.
193 2363 244 2399 32,
260 2367 289 2393 et
313 2373 410 2402 seqq„
428 2362 489 2392 and
513 2362 612 2392 varies
636 2361 852 2400 considerably
870 2362 900 2391 in
919 2361 1121 2401 phraseology
1138 2361 1216 2390 from
1234 2360 1284 2389 the
1309 2370 1394 2390 same
1419 2360 1544 2390 Canons

84 2415 269 2456 reformati,
287 2414 456 2455 appearing
475 2418 507 2444 at
521 2426 550 2455 p.
568 2415 637 2451 126,
655 2420 684 2444 et
699 2421 795 2454 seqq.⁷
814 2413 915 2443 which
931 2424 1019 2451 agree
1037 2416 1135 2453 pretty
1152 2412 1268 2450 closely
1284 2411 1358 2441 with
1371 2411 1420 2441 the
1434 2413 1549 2442 textos

80 2467 232 2498 Paleotto.
280 2468 311 2497 It
337 2467 362 2497 is
378 2467 573 2497 remarkable
589 2467 654 2497 that
681 2468 712 2497 in
739 2467 790 2496 the
814 2467 878 2496 first
896 2466 991 2503 drast,
1005 2466 1107 2495 which
1131 2465 1156 2495 is
1179 2464 1269 2495 taken
1286 2465 1364 2494 from
1390 2465 1542 2504 Martene,

84 2519 157 2549 Vet.
172 2520 331 2558 Murrum„
342 2519 431 2550 there
444 2520 469 2550 is
484 2520 589 2550 added
605 2532 624 2551 a
639 2520 741 2550 xviith
757 2519 877 2557 Canon,
889 2519 1048 2559 enjoining
1058 2529 1076 2547 a
1088 2528 1186 2548 sworn
1204 2517 1378 2547 Prosession
1395 2518 1430 2548 os
1441 2518 1542 2556 Faith,

82 2583 156 2612 very
173 2571 295 2602 similar
312 2576 342 2602 to
359 2572 425 2603 that
441 2573 476 2603 os
494 2573 572 2604 Pius
589 2573 646 2602 IV.
665 2584 732 2603 now
757 2572 787 2601 in
804 2573 896 2609 force,
917 2582 956 2601 on
972 2571 1016 2601 all
1033 2570 1098 2601 who
1115 2580 1188 2609 may
1203 2570 1241 2600 be
1256 2570 1417 2610 promoted
1435 2574 1466 2600 to
1478 2581 1540 2609 any

80 2625 305 2656 ecclesiastieal
333 2625 467 2664 dignity,
494 2637 527 2656 or
547 2626 749 2663 magistraey,
766 2626 823 2655 Sec.
871 2625 900 2653 It
927 2625 952 2654 is
976 2623 1115 2653 likewise
1137 2622 1342 2659 remarkable,
1366 2622 1434 2653 how
1460 2623 1542 2653 acci-

81 2676 223 2716 dentally
239 2682 270 2708 to
285 2688 474 2718 appearance
500 2678 559 2708 this
574 2679 637 2708 fact
664 2678 809 2707 confirms
824 2677 876 2707 the
901 2676 1136 2716 representation
1153 2675 1243 2714 given
1272 2676 1313 2714 by
1329 2675 1431 2715 Sarpi,
1448 2675 1479 2705 in
1495 2675 1543 2706 his

87 2729 223 2769 History,
238 2730 304 2760 viii.
321 2730 338 2770 ᾧ
354 2732 406 2767 22,
420 2730 521 2761 which
539 2741 600 2761 was
617 2730 778 2761 otherwise
793 2729 1003 2769 nnsupported
1018 2729 1057 2767 by
1075 2730 1234 2759 reference.
1286 2729 1342 2758 See
1359 2728 1543 2767 Courayer's

88 2786 158 2812 note
175 2783 224 2812 42.

127 2833 141 2850 ¹
164 2835 240 2864 This
255 2836 387 2865 number
405 2837 429 2865 is
445 2835 591 2875 supplied
610 2836 686 2865 from
707 2836 748 2865 Le
765 2834 847 2864 l’lat.
