1905 3254
0 229 3 317 l

38 409 48 419 .

695 307 805 338 sEss.
829 309 869 339 v.
1442 292 1519 334 171

66 420 213 454 tamen
237 422 412 470 tempus
434 430 627 456 scorsum
650 416 758 457 alias
784 432 808 457 a
842 417 919 457 Sm⁰
943 417 1094 458 literas
1121 417 1362 458 Simonctta
1383 413 1527 454 dictus

65 493 130 527 est
151 488 374 543 accepisse,
397 489 560 544 quibus
581 489 622 529 ei
642 489 894 537 mandabat,
917 497 968 530 ut
995 488 1104 529 nihil
1126 488 1305 545 quidem
1327 486 1455 528 officii
1477 500 1526 526 ac

66 560 267 616 obsequii
293 576 398 617 erga
426 562 723 603 Mantuanum
756 563 1145 618 praetermitteret:
1183 569 1389 603 caeterum
1423 560 1526 601 assi-

66 633 154 674 due
185 634 453 690 invigilaret,
483 650 536 675 ne
554 635 666 690 juris
686 634 777 675 haec
799 635 937 675 divini
954 635 1185 691 explicatio
1203 633 1524 690 progrediatur,

64 721 111 747 ac
131 707 167 747 si
187 707 297 748 forte
318 722 425 747 usus
448 707 594 749 veniat
615 715 766 762 aperte
789 707 986 748 obsistat.
1031 708 1192 749 Postea
1212 707 1524 748 Lancianensis

64 794 159 821 cum
185 780 318 820 breve
341 780 412 820 Snni
442 780 657 829 Praelatis,
680 779 734 821 de
757 780 919 836 quibus
941 795 1085 837 supra,
1108 781 1381 829 reddidisset,
1405 779 1524 821 addi-

64 851 128 892 dit
157 852 328 892 nomine
362 852 444 901 sm,
478 867 638 908 cupere
667 868 779 900 eum,
802 859 854 894 ut
875 854 1199 894 contentionum
1223 853 1401 900 semina,
1425 867 1524 908 quae

63 923 206 965 malus
232 924 405 965 Demon
435 940 643 981 spargere
670 925 793 973 solet,
828 925 884 966 ab
905 925 958 965 iis
979 925 1133 980 procul
1155 925 1384 973 facessant,
1407 932 1523 966 tran-

63 997 325 1053 quillitatem
362 997 525 1053 Synodi
557 1005 849 1054 mutuamque
883 998 1201 1039 consentionem
1230 1004 1390 1045 ament,
1424 1012 1524 1053 quae

64 1070 209 1112 Sancti
239 1072 430 1127 Spiritus
451 1073 512 1112 eis
535 1073 721 1127 gratiam
742 1078 926 1127 possunt
948 1071 1189 1112 conciliare.
1253 1070 1306 1111 In
1328 1071 1522 1126 superio-

62 1144 183 1184 ribus
207 1144 423 1194 Conciliis,
462 1146 537 1186 ubi
559 1145 897 1200 disceptationes
919 1144 1171 1201 hujusmodi
1193 1145 1427 1192 orirentur,
1451 1158 1525 1185 eas

62 1218 208 1272 potius
243 1220 422 1274 rejectas
454 1235 501 1261 ac
529 1220 701 1261 silentio
735 1219 909 1260 abditas
932 1219 1078 1260 fuisse.
1144 1219 1197 1260 Id
1217 1224 1407 1274 maj0rcs
1429 1233 1523 1259 nos—

62 1300 151 1334 tros
172 1293 214 1333 in
237 1293 477 1348 quaestione
501 1293 555 1334 de
588 1294 868 1349 conceptione
896 1293 1105 1349 Virginis,
1140 1301 1184 1335 et
1211 1293 1430 1349 quondam
1467 1292 1524 1334 de

62 1366 390 1408 Justificationis
425 1367 612 1408 articulo
647 1367 913 1408 observasse.
990 1367 1162 1408 Eorum
1204 1368 1419 1423 praeclara
1452 1382 1524 1408 ex-

62 1440 208 1496 empla
228 1456 340 1482 nunc
363 1456 536 1496 quoque
561 1441 616 1481 ab
637 1441 688 1481 iis
710 1455 801 1481 esse
824 1440 1049 1488 imitanda,
1072 1441 1106 1481 si
1132 1441 1386 1497 opinionum
1408 1441 1523 1481 inter

61 1527 133 1554 eos
153 1513 333 1554 dissidia
353 1520 579 1569 nequeunt
601 1513 756 1554 sedari.
821 1512 933 1554 Haec
952 1528 1047 1554 cum
1072 1513 1266 1561 dixisset,
1288 1514 1523 1570 subjunxit

61 1586 232 1637 deinde,
263 1588 366 1627 satis
397 1587 480 1627 sibi
511 1601 770 1643 persuasum
803 1601 908 1635 esse,
943 1587 978 1626 si
1009 1587 1163 1627 Patres
1185 1601 1275 1627 rem
1307 1593 1443 1627 totam
1467 1586 1522 1627 ad

64 1661 174 1700 Smum
207 1660 416 1716 rejiciant,
432 1675 531 1700 eum
554 1659 796 1715 diplomate
818 1674 896 1699 suo
913 1659 1024 1713 juris
1045 1659 1193 1699 divini¹
1219 1675 1310 1700 esse
1332 1659 1523 1700 residcn<

60 1732 164 1773 tiam
203 1731 538 1772 declaraturum.
603 1730 690 1771 Sed
730 1731 892 1771 frustra
931 1729 1009 1770 hoc
1051 1730 1217 1771 dictum
1238 1747 1246 1779 ;
1289 1745 1366 1770 nec
1407 1731 1519 1771 enim

63 1806 296 1861 quisquam
313 1805 459 1846 verbis
479 1802 731 1860 hujusmodi
748 1801 1109 1857 acquiescendum
1127 1802 1168 1842 in
1191 1802 1385 1843 animum
1401 1809 1521 1858 pote-

64 1886 130 1919 rat
151 1877 368 1919 inducere.

230 1989 383 2036 Breve
409 1987 486 2035 Smi
514 1987 612 2034 Dni
638 1986 725 2033 Nri
751 1987 811 2033 ad
838 1984 930 2032 R‘¹⁰s
958 1985 1202 2032 Praelatos.
1273 1984 1353 2033 fol.

119 2091 257 2133 Edita
288 2092 455 2132 interea
487 2089 684 2131 doctrina
710 2088 764 2129 de
794 2086 1077 2128 Eucharistia
1098 2087 1244 2128 fuerat
1265 2102 1291 2128 a
1311 2086 1522 2128 Patribus

63 2165 304 2212 emendata,
342 2170 384 2205 et
418 2164 623 2219 quoniam
656 2163 700 2202 in
733 2162 863 2202 tertio
898 2160 1075 2201 Canone
1113 2164 1321 2215 majorem
1355 2160 1522 2200 versari

61 2239 361 2280 difficultatem
384 2238 548 2293 Legati
569 2242 900 2292 perspexerant,
923 2234 1088 2289 triplex
1106 2237 1201 2288 ejus
1222 2234 1409 2274 formula
1423 2247 1518 2274 con-

61 2313 223 2368 scripta
243 2312 339 2359 fuit,
363 2317 412 2351 ut
447 2325 500 2351 cx
533 2309 600 2350 his
632 2309 784 2364 aliqua
816 2308 871 2348 ab
907 2306 1121 2347 universis
1153 2305 1325 2346 facilius
1357 2306 1516 2361 proba-

61 2393 196 2428 retur.
256 2386 326 2427 Ea
350 2386 412 2426 ita
433 2400 477 2425 se
499 2383 708 2425 habebat.

667 2483 911 2530 Doctrina.

121 2585 405 2626 sacrosancta
438 2581 639 2638 Synodus
674 2581 751 2622 διο.
813 2579 928 2620 Cum
965 2577 1019 2618 de
1051 2574 1276 2617 tremendo
1308 2580 1351 2615 et
1382 2590 1516 2616 sacro-

63 2665 208 2699 sancto
238 2655 533 2698 Eucharistiae
568 2654 850 2695 Sacramento
872 2652 995 2692 varia
1015 2649 1197 2690 diversis
1218 2648 1261 2688 in
1282 2647 1383 2688 locis
1405 2662 1516 2688 erro-

63 2745 160 2771 rum
183 2736 385 2777 monstra,
409 2727 662 2782 nequissimi
685 2724 894 2766 Demonis
929 2723 1109 2770 artibus,
1145 2719 1515 2767 circumferantur,

613 2815 618 2832 ¹
639 2814 869 2851 Jurisdietioui‚
888 2813 958 2842 MS.
