1905 3254
327 269 413 309 420
953 284 1062 314 sEss.
1088 284 1163 313 vn.

332 389 540 431 secedere.
604 390 721 430 Nam
767 389 1003 430 dummodo
1044 389 1138 429 finis
1189 388 1265 429 ille
1306 395 1485 436 constet,
1535 388 1783 430 residentiae

330 470 476 517 potest
516 462 749 519 aliquando
799 470 843 503 et
894 462 1026 503 debet
1075 462 1241 503 remitti
1293 461 1379 502 illis
1431 476 1483 502 ea
1528 461 1784 502 assiduitas:

332 536 602 578 considerent
635 538 802 586 Patres,
838 538 872 578 si
905 539 1017 579 inter
1048 537 1274 578 Electores
1313 537 1355 576 in
1393 536 1632 577 Germania
1664 536 1783 576 locus

333 609 563 665 Episeopis
601 626 686 651 non
730 610 924 658 daretur,
968 610 1184 666 quomodo
1225 610 1522 651 consuleretur
1562 608 1784 650 Ecclesiae.

333 683 450 722 Novi
482 698 564 738 ego
603 683 646 723 in
683 684 833 724 Gallia
872 683 979 739 quid
1011 684 1239 739 Episcopi,
1274 684 1349 738 qui
1390 682 1548 724 adsunt
1581 681 1788 722 Coneiliis

333 762 376 796 ct
428 755 730 797 Conventibus
779 757 926 813 Regis,
977 757 1144 812 prosint
1195 756 1459 797 Christianae
1506 755 1786 810 reipublicae3

334 836 547 883 quantum
602 830 730 870 etiam
772 831 816 870 in
861 831 955 871 aliis
996 829 1188 870 Judiciis
1228 828 1634 870 Ecclesiasticorum
1676 827 1788 867 viro-

332 915 430 940 rum
467 902 714 955 praesentia,
751 902 841 942 sine
876 916 980 956 qua,
1015 905 1192 957 except-21
1224 901 1369 941 ultimi
1404 900 1614 955 supplicii
1647 901 1787 945 causa,

333 988 384 1013 ca
423 973 504 1014 rite
547 981 771 1029 nequeunt
812 974 1019 1022 exerceri,
1061 974 1252 1030 publicis
1293 973 1565 1029 privatisque
1604 972 1790 1027 negotiis

332 1047 544 1101 proficiat.
612 1047 760 1087 Nolim
801 1048 941 1103 igitur
983 1046 1076 1087 haee
1120 1046 1300 1102 quidem
1346 1052 1435 1086 tam
1486 1045 1574 1085 late
1623 1050 1788 1100 patere,

334 1126 383 1160 ut
415 1119 639 1161 decretum
671 1121 889 1168 eludatur,
923 1120 999 1162 scd
1031 1135 1109 1161 nec
1139 1120 1202 1161 ita
1231 1119 1446 1174 angustiis
1468 1119 1622 1174 premi,
1646 1124 1694 1159 ut
1715 1117 1790 1158 diu

333 1208 417 1234 non
440 1195 668 1244 eonsistat;
704 1210 857 1236 verum
891 1210 942 1236 ca
973 1195 1128 1250 excipi,
1163 1209 1260 1249 quae
1282 1194 1583 1235 necessitatem
1607 1199 1651 1234 et
1673 1192 1790 1233 utili-

334 1272 481 1312 tatem,
505 1266 596 1307 sive
618 1266 841 1314 Ecclesiae,
876 1267 968 1307 sive
991 1266 1130 1313 ovilis,
1164 1266 1461 1307 continebunt.
1525 1265 1626 1305 Non
1647 1264 1792 1320 placet

333 1338 459 1386 illud,
483 1338 536 1379 dc
559 1346 734 1393 peccato
756 1339 942 1387 mortali,
965 1354 1017 1379 ne
1039 1339 1313 1394 imponamus
1335 1338 1459 1378 nobis
1475 1341 1650 1392 jugum,
1675 1336 1793 1392 quod

335 1412 489 1453 Patres
522 1413 656 1453 nostri
688 1419 861 1467 portare
902 1427 987 1452 non
1023 1419 1278 1467 potuerunt.
1341 1410 1475 1457 Illud,
1513 1410 1566 1450 de
1605 1409 1793 1450 Casibus

334 1486 580 1534 reservatis,
604 1493 801 1541 optarem
826 1486 916 1526 sine
941 1485 1194 1540 exceptione
1216 1484 1402 1531 concedi,
1426 1490 1558 1539 atque
1581 1489 1631 1523 ut
1652 1483 1791 1538 poeni-

336 1559 485 1600 tentiae
521 1559 708 1615 publicae
745 1560 1094 1600 restituerentur.
1158 1558 1269 1598 Dico
1308 1558 1455 1605 etiam,
1496 1559 1655 1612 magna
1696 1571 1794 1597 mea

336 1647 433 1672 cum
474 1632 646 1688 injuria,
689 1647 756 1672 me
798 1631 961 1672 habere
1003 1631 1236 1672 Parochias
1278 1636 1514 1679 sexcentas,
1566 1636 1610 1670 et
1651 1636 1794 1670 tamen

337 1705 501 1745 efficere
515 1720 739 1760 nunquam
756 1720 896 1760 posse,
911 1711 960 1745 ut
976 1710 1147 1745 centum
1165 1705 1325 1761 viginti
1343 1704 1533 1745 Plebani
1548 1702 1766 1744 resideant
1782 1718 1793 1752 3
1815 1709 1821 1714 '

337 1777 390 1818 (10
417 1792 505 1832 qua
527 1784 673 1818 tamen
694 1793 740 1819 re
765 1778 872 1818 alias
891 1792 1087 1833 agemus,
1111 1777 1317 1832 quoniam
1339 1792 1452 1817 nunc
1475 1776 1651 1818 videtur
1672 1783 1797 1817 extra

336 1849 577 1889 materiam.
640 1850 742 1890 Non
783 1850 926 1905 placet
966 1851 1098 1891 etiam
1139 1850 1197 1898 id,
1239 1849 1366 1891 modo
1407 1849 1675 1890 vocationem
1711 1863 1795 1889 non

337 1922 638 1976 procuraverit
660 1923 751 1972 &e.,
774 1938 851 1964 nee
874 1929 1006 1978 caput
1030 1923 1249 1971 ultimum,
1272 1923 1448 1978 legatur
1471 1922 1551 1963 hoc
1573 1921 1794 1963 decretum

335 1995 376 2034 in
401 1994 542 2043 choro,
558 1995 635 2035 sed
657 1996 818 2051 potius,
843 1997 887 2036 in
908 1996 1111 2037 Coneiliis
1133 1997 1482 2037 Provincialibus
1503 2003 1579 2036 aut
1604 1995 1795 2051 Synoda-

336 2068 464 2109 libus.
526 2069 857 2111 Meminerimus
893 2069 1007 2110 illud
1041 2069 1222 2110 Catonis
1258 2070 1311 2111 de
1344 2070 1649 2125 Agricultura,
1679 2068 1797 2124 quod

336 2141 452 2181 frons
473 2142 668 2198 occipitis
701 2144 832 2197 prior,
866 2150 909 2183 et
929 2143 1041 2183 male
1065 2143 1219 2183 colitur
1242 2157 1361 2198 ager,
1397 2158 1495 2183 eum
1528 2143 1684 2184 absens
1714 2143 1795 2183 Pa-

338 2220 489 2255 tronus
512 2215 730 2256 eulturam
754 2215 873 2256 illius
897 2216 992 2256 aliis
1013 2215 1204 2271 reliquit.

397 2287 679 2329 Madruccius
701 2289 821 2329 varia
842 2289 1036 2329 breviter
1059 2288 1296 2329 adnotavit.

398 2360 652 2402 Patriarcha
684 2360 1326 2418 Hierosolymitanus——Laudo
1356 2361 1584 2401 consilium
1608 2362 1797 2418 Legato-

340 2448 451 2482 rum,
484 2449 539 2475 ne
571 2435 836 2490 disputetur,
870 2451 957 2491 quo
983 2437 1083 2492 jure
1115 2436 1170 2476 sit
1191 2434 1441 2482 residentia,
1463 2434 1540 2475 sed
1563 2442 1613 2475 ut
1633 2450 1679 2476 re
1700 2436 1798 2491 ipsa

341 2508 385 2548 id
406 2516 654 2563 praestetur.
715 2510 817 2550 Non
840 2510 1016 2565 placent
1038 2524 1183 2565 poenae
1206 2508 1314 2549 adeo
1337 2523 1505 2565 grach,
1520 2524 1573 2549 ne
1595 2509 1797 2564 Episcopi

342 2581 658 2635 quodammodo
680 2582 871 2623 infamiae
894 2583 1211 2638 suineiantur:
1245 2582 1280 2622 si
1309 2581 1483 2636 quando
1510 2582 1570 2623 eis
1593 2582 1723 2623 etiam
1745 2597 1797 2622 ex

343 2669 472 2695 causa
507 2656 590 2696 erit
627 2657 682 2697 ab
722 2657 912 2698 Ecclesia
948 2655 1269 2697 discedendum.
1333 2656 1434 2696 Non
1469 2655 1613 2710 placet
1653 2655 1712 2704 id,
1745 2654 1797 2695 de

343 2725 528 2775 decimis,
571 2730 778 2784 quoniam
821 2745 872 2770 ea
913 2737 977 2770 est
1019 2737 1266 2784 temporum
1307 2735 1552 2770 nostrorum
1594 2727 1794 2774 conditio,

344 2798 654 2857 Principesque
688 2802 795 2844 adeo
826 2803 954 2858 egeni
987 2802 1324 2857 conspiciuntur,
1358 2809 1407 2842 ut
1428 2801 1474 2842 id
1494 2816 1579 2842 non
1599 2801 1685 2842 sint
1704 2814 1795 2841 con-
