1905 3254
354 276 405 316 18
997 292 1110 323 SEss.
1139 293 1164 322 I.

352 400 518 454 quibus
545 399 617 440 alii
653 400 797 448 multi,
827 406 921 440 tum
955 400 1059 440 vitae
1093 399 1292 454 exemplo
1318 399 1446 454 [tum]
1471 398 1718 440 eruditione
1745 399 1806 439 in-

351 473 498 527 signes
541 479 822 514 accesserant.
893 473 1012 513 Nam
1057 471 1179 527 apud
1207 471 1520 513 ‘Mantuanum
1553 471 1810 526 Theologus

350 543 485 584 frater
504 543 635 585 Card.
662 544 970 601 Campeggius
991 544 1323 591 Dominicanus,
1342 543 1370 584 J
1376 543 1561 584 uriscon.
1578 559 1589 591 3
1612 542 1809 584 Francis-

351 631 427 657 cus
449 617 678 658 Borsatius
710 616 1027 673 Philosophus3
1062 631 1109 657 ac.
1133 615 1389 671 Theologus
1411 614 1672 655 Fredericus
1698 614 1808 654 Pen-

352 687 535 738 dasius3
585 690 867 738 Sem-otarius,
905 689 974 730 cui
1012 688 1144 729 etiam
1185 702 1333 728 omnes
1363 687 1638 742 Legatorum
1669 686 1809 726 literae

350 762 750 811 committebantur,
776 762 989 803 Camillus
1022 761 1195 802 Olivus.
1259 760 1401 816 Apud
1435 757 1743 814 Seripandum,
1766 749 1811 798 et

349 841 529 876 caeteros
550 836 744 892 Legatos
767 837 892 891 aeque
918 835 992 876 alii
1014 835 1278 875 ornatissimi
1301 834 1385 874 viri
1409 839 1547 873 erant.

407 908 546 948 Paule)
570 915 669 964 post
690 909 893 963 pervenit
922 914 966 949 et
989 907 1236 948 Cardinalis
1256 906 1545 947 Warmiensis
1567 920 1620 946 ex
1637 904 1812 945 Vienna

346 979 531 1029 rediens,
566 981 645 1021 ubi
666 980 901 1036 legationis
933 994 1127 1027 munere,
1151 979 1274 1034 apud
1302 977 1631 1020 Ferdinandum
1664 977 1810 1031 Impe-

345 1058 534 1093 ratorem
569 1053 743 1093 nomine
778 1052 1047 1093 Sanctissimi
1081 1051 1227 1092 fuerat
1263 1051 1538 1106 perfunctus.
1613 1049 1811 1089 Puteum

346 1124 616 1166 incommoda
652 1124 861 1166 valetudo
897 1124 1049 1165 Romae
1083 1123 1325 1164 detinebat.
1390 1123 1447 1171 Is,
1481 1123 1582 1163 olim
1616 1121 1811 1162 Auditor

347 1197 489 1246 Rotae,
525 1197 626 1238 inde
661 1197 922 1245 Cardinalis,
957 1212 1105 1237 rerum
1138 1196 1375 1237 forensium
1409 1211 1508 1244 usu,
1531 1194 1738 1242 doctrina,
1763 1209 1810 1234 ac

346 1270 569 1325 probitate
587 1284 862 1325 summopere
879 1269 1137 1325 praestabat.
1179 1267 1468 1309 Advenerant
1489 1267 1657 1307 interea
1678 1266 1810 1306 etiam

345 1342 544 1383 nonnulli
566 1342 808 1398 Episcopi3
840 1357 926 1382 non
959 1342 1110 1397 plures
1147 1348 1293 1382 tamen
1326 1356 1458 1396 quam
1493 1355 1663 1388 novem,
1697 1340 1811 1380 inter

347 1430 456 1470 quos
503 1415 714 1455 Nicolaus
756 1415 1016 1456 Sfondratus
1057 1415 1310 1470 Episcopus
1353 1413 1671 1461 Cremonensis,
1712 1427 1810 1453 cum

345 1488 515 1542 primus
542 1502 586 1527 se
609 1486 815 1528 Tridenti
849 1495 950 1528 ante
988 1487 1094 1528 alios
1129 1487 1414 1534 exhibuisset,
1439 1501 1533 1526 eam
1556 1486 1611 1526 ob
1634 1500 1809 1525 caus-am

346 1561 676 1616 Primogenitus
710 1560 895 1600 Concilii
937 1575 961 1601 a
993 1560 1204 1601 Patribus
1246 1559 1513 1615 quandoque
1550 1559 1806 1599 vocabatur.

344 1632 526 1687 Reliqui
559 1647 612 1671 ex
643 1632 734 1671 suis
754 1632 975 1679 Ecclesiis,
1002 1638 1080 1672 aut
1115 1646 1169 1672 ex
1202 1632 1311 1672 urbe
1346 1632 1500 1679 Roma,
1524 1646 1656 1686 quam
1691 1645 1809 1685 &egre

343 1704 667 1758 relinquebant,
690 1718 776 1743 non
795 1703 858 1743 ita
878 1704 1012 1744 brev'e
1037 1711 1275 1758 potuerant
1296 1719 1340 1743 se
1362 1704 1593 1759 explicare,
1615 1702 1809 1742 nondum

346 1777 477 1817 etiam
510 1777 718 1817 Oratores
751 1776 1009 1831 Principum
1044 1776 1358 1817 adventabant.
1422 1777 1635 1826 Quocirca
1667 1777 1810 1816 visum

344 1850 430 1890 fuit
461 1850 644 1905 Legatis
675 1849 877 1890 sessionis
918 1850 1072 1904 priinae
1105 1849 1220 1889 diem
1253 1850 1298 1889 in
1329 1849 1596 1889 commodius
1632 1855 1809 1904 tempus

344 1921 601 1976 perducere,
624 1936 712 1976 quo
734 1922 1024 1962 Praelatorum
1046 1921 1318 1976 frequentior
1339 1936 1550 1961 numerus
1570 1921 1639 1962 hic
1661 1927 1808 1977 posset

344 1994 569 2034 interesse.

401 2066 475 2107 Ex
505 2066 572 2107 his
594 2081 696 2107 vero
730 2066 807 2122 qui
838 2067 930 2122 jam
964 2072 1060 2106 tum
1094 2065 1290 2114 aderant,
1313 2073 1409 2107 orta
1431 2074 1495 2107 est
1515 2067 1629 2108 inter
1652 2069 1807 2110 Sebas-

345 2137 515 2177 tianum
537 2137 836 2178 Leccavellam
861 2138 1068 2178 Graecum
1100 2138 1493 2194 Archiepiscopum
1524 2140 1805 2190 Naxiensem,

346 2216 390 2250 et
408 2210 735 2250 Bartolomeum
753 2210 806 2251 (le
827 2210 1104 2266 Martyribus
1124 2211 1392 2252 Lusitanum
1409 2213 1806 2268 Archiepiscopum

346 2283 671 2332 Bracarensem,
702 2285 793 2339 jani
830 2290 1082 2339 praesentes,
1119 2286 1426 2326 controversia.
1489 2287 1728 2328 Naxiensis
1763 2303 1807 2328 se

344 2355 389 2395 in
426 2362 603 2410 patrum
637 2356 937 2403 conventibus
971 2357 1040 2396 uti
1073 2356 1366 2411 antiquiorem
1399 2358 1805 2414 Archiepiscopum,

344 2427 668 2482 praeferendum
701 2428 889 2468 dicebat.
963 2428 1044 2469 Ille
1078 2429 1266 2483 priorem
1303 2430 1387 2469 sibi
1422 2431 1563 2471 locum
1597 2437 1805 2487 tanquam

344 2500 523 2556 primati
551 2500 837 2541 deferendum
870 2500 1103 2540 asserebat.
1166 2500 1278 2541 Haec
1314 2517 1381 2543 res
1415 2504 1655 2559 longiorem
1691 2505 1806 2546 inter

346 2588 418 2613 eos
451 2573 769 2629 contentionem
804 2572 1041 2612 videbatur
1077 2573 1291 2627 paritura,
1324 2575 1408 2615 nisi
1448 2576 1588 2616 literis
1620 2577 1806 2618 Joannis

347 2645 594 2686 Cardinalis
616 2645 791 2686 Moroni
822 2645 946 2685 brevi
968 2645 1123 2685 fuisset
1144 2647 1393 2701 composita.
1458 2648 1519 2688 Iis
1539 2648 1678 2689 literis
1701 2650 1803 2698 suis,

344 2719 455 2759 forte
497 2718 630 2759 etiam
670 2719 844 2759 nomine
883 2718 1152 2759 Sanctissimi
1192 2718 1395 2760 hortatus
1431 2720 1518 2760 fuit
1551 2721 1802 2777 Archiepis-

345 2805 502 2845 copum
544 2792 825 2840 Naxiensem‚
861 2798 911 2832 ut
944 2792 1200 2833 Bracarensi
1241 2792 1493 2834 humaniter
1534 2794 1802 2837 concederet.
