1905 3254
728 273 839 304 sess.
865 274 928 304 111.
1473 257 1553 299 103

143 397 456 436 CONCIONES
486 397 616 436 DUAE
648 398 719 436 DE
747 397 1081 436 RESIDENTIA
1111 396 1512 436 EPISCOPORUM.

734 481 918 529 PRIMA.

93 563 228 610 Nihil
253 567 410 628 magis
433 565 653 628 expedire
691 565 750 611 ad
788 565 1099 611 continendos
1125 564 1173 610 in
1206 563 1431 612 Ecclesiis
1455 565 1552 612 suis

190 645 464 709 Episcopos,
505 664 650 710 quam
690 655 744 693 ut
781 647 1062 703 declaretur,
1103 647 1192 693 hoc
1233 647 1358 711 juris
1402 647 1551 694 divini

189 736 481 792 praeceptum
507 745 619 775 esse.

147 824 341 874 Utinam,
364 825 516 866 Patres
538 826 807 883 amplissimi,
829 828 955 869 sicuti
978 834 1115 869 totam
1131 843 1241 884 pene
1258 827 1552 869 Christianam

89 897 424 955 Rempublicam
456 907 551 941 tum
572 900 742 957 ingenti
770 900 975 942 vitiorum
998 901 1196 949 colluvie,
1228 909 1322 942 tum
1355 902 1553 943 maximis

90 987 284 1014 errorum
321 974 515 1015 tenebris
545 975 760 1016 cernimus
792 982 1060 1031 occupatam,
1100 975 1162 1016 ita
1194 990 1280 1015 non
1311 975 1552 1016 multorum

91 1047 229 1087 nostri
262 1046 425 1088 ordinis
457 1047 585 1103 culpa
618 1047 672 1089 ad
705 1054 827 1089 tanta
860 1047 939 1088 illa
975 1048 1090 1089 mala
1119 1054 1232 1089 esset
1264 1047 1409 1089 aditus
1431 1055 1551 1104 pate-

93 1117 245 1159 factus.
308 1118 410 1160 Non
442 1120 567 1167 enim,
595 1119 701 1160 dum
735 1128 860 1162 extra
891 1121 1126 1162 commissae
1168 1121 1411 1162 Provinciae
1448 1121 1553 1162 fines

92 1206 320 1248 vaganmS,
356 1208 407 1234 ea
427 1193 632 1250 luporum
655 1194 797 1235 rabies
827 1195 869 1234 in
898 1210 1075 1250 gregem
1096 1210 1121 1234 a
1149 1195 1274 1235 nobis
1295 1194 1551 1236 derelictum

91 1264 279 1306 invasit?
300 1274 349 1307 ut
370 1266 674 1307 dissimulandi
694 1268 882 1308 criminis
902 1268 1038 1308 nostri
1058 1267 1209 1307 nullus
1230 1267 1286 1308 sit
1306 1268 1438 1316 locus,
1467 1283 1553 1309 cor—

89 1338 260 1394 rigendi
281 1354 454 1381 summa
473 1341 714 1382 necessitas.
770 1342 869 1391 Qua
890 1341 931 1381 in
954 1356 999 1382 re
1021 1356 1117 1382 cum
1141 1342 1425 1397 antiquarum
1456 1357 1553 1383 con-

90 1412 366 1454 stitutionum
402 1414 676 1455 severitatem
712 1414 922 1456 adversus
954 1414 1126 1457 desides
1160 1416 1281 1473 Ej‘ms
1312 1416 1422 1456 nihil
1454 1432 1552 1472 pro-

90 1486 240 1527 fecisse
263 1486 574 1535 animadverto,
591 1487 795 1543 equidem
812 1489 870 1529 sic
888 1504 1055 1530 meeum
1075 1496 1234 1536 statuo,
1258 1489 1553 1531 inveteratum

91 1559 207 1601 hunc
248 1560 448 1601 morbum
491 1559 662 1601 diverso
714 1562 770 1602 ab
811 1561 899 1602 illis
939 1561 1118 1602 consilio
1159 1562 1397 1603 curandum
1445 1578 1551 1604 csse.

91 1632 284 1681 Etenim,
307 1634 343 1674 si
364 1634 548 1675 sancitas
571 1635 626 1674 ab
647 1633 714 1674 his
735 1650 902 1690 poenas,
928 1650 1003 1674 vos
1025 1650 1202 1690 quoque
1225 1636 1486 1692 repetendas
1511 1637 1555 1676 in

92 1707 329 1762 praesentia
368 1706 622 1754 decernatis,
667 1706 777 1747 nihil
819 1707 1008 1762 amplius
1027 1714 1142 1748 certe
1181 1708 1388 1755 efficietis,
1421 1724 1554 1764 quam

93 1778 211 1834 quod
242 1779 326 1834 ipsi
355 1778 607 1827 effecerunt,
630 1778 935 1835 imprudentes
956 1778 1145 1820 medicos
1167 1779 1338 1827 imitati,
1362 1781 1438 1835 qui
1460 1781 1553 1821 inu-

93 1851 192 1892 tiles
227 1851 389 1906 saepius
428 1852 589 1893 iterant
630 1851 875 1893 medicinas.
940 1851 1071 1902 Quod
1115 1853 1150 1892 si
1195 1852 1375 1908 aliquod
1416 1868 1555 1909 genus

93 1922 482 1965 animadversionis
519 1924 700 1980 gravius
735 1933 867 1980 atque
903 1923 1223 1966 formidolosius
1257 1924 1553 1966 adhibendum

93 1996 380 2043 constituatis,
400 2011 552 2038 vereor
573 2011 626 2038 ne
649 1997 793 2038 valeat
815 1998 963 2053 potius
982 1997 1037 2038 ad
1056 2005 1244 2038 nostram
1267 1999 1553 2055 ignominiam

95 2069 359 2126 augendam,
395 2084 528 2125 quam
564 2069 619 2110 ad
653 2085 754 2111 eum
779 2085 908 2126 quem
942 2070 1143 2125 cupimus
1177 2069 1369 2111 humano
1404 2072 1556 2127 generi

94 2142 286 2184 fructum
309 2142 664 2198 comparandum.
726 2143 821 2183 Nos
843 2143 955 2183 enim
978 2157 1062 2183 non
1084 2158 1137 2184 ex
1165 2158 1214 2184 eo
1244 2142 1553 2200 delinquimus,

95 2217 197 2272 quia
229 2216 337 2258 hanc
374 2217 445 2257 vel
481 2216 603 2257 illam
638 2231 813 2272 poenam
848 2216 1200 2271 parvifaciamus,
1234 2217 1309 2258 scd
1347 2219 1555 2273 quoniam

95 2305 242 2331 omnes
277 2292 445 2346 pariter
474 2291 741 2347 negligimus
774 2298 851 2331 aut
884 2289 1115 2330 eludimus.
1179 2290 1282 2331 Non
1320 2298 1422 2332 sunt
1458 2307 1554 2332 con-

95 2362 250 2404 dendae
272 2378 398 2405 novat¹
420 2364 542 2419 leges
572 2379 681 2419 quas
716 2364 912 2419 quotidie
944 2362 1331 2419 transgrediamur,
1359 2378 1459 2419 quae
1476 2380 1557 2405 sua

97 2437 335 2478 acerbitate
357 2436 675 2493 turpitudinem
698 2443 888 2478 nostram
918 2442 1122 2492 arguant,
1153 2450 1236 2475 non
1258 2450 1446 2476 errorem
1468 2451 1556 2476 cor-

95 2511 253 2567 rigant.
308 2511 407 2558 Illa,
443 2510 519 2551 illa
553 2509 746 2551 ineunda
778 2509 887 2550 ratio
923 2516 1003 2557 est,
1026 2523 1126 2563 quae
1160 2507 1304 2547 minus
1334 2506 1557 2548 dedecoris

96 2580 271 2632 habeat,
288 2583 388 2639 plus
409 2582 693 2631 necessitatis,
719 2597 819 2638 quae
841 2597 918 2622 nos
940 2587 1097 2635 cogant
1119 2580 1267 2635 potius
1288 2594 1421 2634 quam
1439 2595 1558 2620 accu-

97 2662 202 2697 sent.
266 2655 395 2698 Hanc
432 2672 514 2712 ego
551 2671 707 2698 vanam
741 2662 818 2696 aut
852 2662 967 2696 certe
1004 2654 1169 2694 nullam
1207 2668 1298 2694 csse
1343 2653 1556 2700 existimo,

98 2743 228 2784 quam
252 2737 295 2771 et
316 2730 466 2771 multis
488 2737 681 2772 vestrum
704 2728 924 2776 insedisse,
950 2728 1089 2768 veluti
1116 2726 1324 2767 divinitus
1346 2726 1556 2775 oblatam,

98 2802 245 2848 sentio,
270 2803 354 2843 viz.
381 2810 429 2843 ut
451 2803 507 2843 ab
539 2802 618 2843 hac
654 2802 932 2843 sacrosancta
970 2799 1142 2856 Synodo
1169 2799 1428 2848 declaretur,
1458 2804 1561 2855 jure
