1905 3254
701 287 814 319 511155.
842 289 867 318 1.
1466 273 1520 313 25

62 396 143 437 teri
164 396 329 452 Legati
351 397 585 452 utrinque;
619 402 662 436 et
686 395 982 443 Madruecius,
1007 402 1050 436 et
1082 396 1117 436 si
1150 396 1226 452 qui
1261 395 1336 436 alii
1366 394 1520 436 Cardi-

60 469 180 510 nales
202 469 352 510 eodem
375 484 589 510 consessu.
654 468 728 508 Ad
748 468 922 508 illorum
947 468 1188 516 dexteram,
1211 468 1521 509 humilioribus

59 549 204 583 tamen
246 543 471 589 sedilibus,
507 542 770 583 Oratoribus
803 541 1121 582 Ecclesiasticis
1154 542 1276 582 locus
1312 542 1519 589 dabatur,

61 615 114 655 ad
135 615 352 655 sinistram
375 615 509 655 laicis.
574 614 640 654 Hi
656 614 845 654 nondum
865 614 1043 669 quidem
1060 613 1139 656 1100
1156 621 1356 670 tempore
1375 629 1521 655 omnes

61 685 254 743 aderant,
272 686 348 726 sed
369 686 570 734 subinde,
588 701 671 726 non
693 686 846 726 multis
866 686 1107 740 interjectis
1128 686 1364 732 mensibus,
1390 685 1519 725 adve-

58 764 231 798 nerunt.
293 758 367 798 Ex
401 758 468 799 his
505 758 635 799 etiam
658 758 858 798 nonnulli
891 758 947 797 ob
983 757 1194 813 dignioris
1226 757 1309 798 loci
1346 764 1517 798 conten-

58 831 218 871 tionem
237 831 292 871 ab
308 831 374 872 his
391 832 678 872 conventibus
696 847 813 887 saepe
833 831 1130 872 abstinebant.
1167 830 1330 871 Caeteri
1347 830 1518 879 deinde,

59 903 93 943 si
114 903 189 958 qui
222 904 276 944 ab
312 904 632 945 Ecclesiasticis
667 903 939 944 Praesulibus
980 902 1180 943 saeeulari
1217 901 1520 957 jurisdictione

59 974 351 1030 fulgentibus,
383 982 460 1016 aut
492 991 518 1016 a
551 975 821 1016 Clericorum
860 975 1046 1029 alicujus
1078 974 1319 1014 Provinciae
1351 974 1520 1015 ordina-

60 1048 190 1096 tione,
212 1047 298 1088 hue
318 1048 437 1088 missi
454 1055 592 1089 erant.
642 1048 823 1088 Praelati
847 1047 1022 1102 quidem
1043 1047 1154 1087 inter
1175 1046 1381 1100 reliquos,
1399 1046 1521 1087 nulla

61 1118 195 1174 hujus
216 1120 408 1160 muneris
441 1120 606 1160 ratione
639 1118 803 1167 habita,
838 1118 1136 1159 considebant.
1201 1118 1294 1158 Alii
1327 1124 1521 1159 extremo

60 1198 158 1246 post
179 1207 326 1233 omnes
343 1191 485 1247 gradu
503 1191 863 1232 admittebantur.
928 1191 1062 1230 Porro
1078 1190 1368 1230 praelatorum
1391 1190 1519 1231 hono·

59 1265 291 1306 rificcntior
312 1265 433 1305 locus
464 1265 508 1304 in
541 1265 639 1304 imis
670 1263 888 1304 subselliis
922 1270 1030 1309 erat,
1065 1264 1206 1318 primo
1238 1264 1519 1313 Patriarchae,

58 1337 159 1378 inde
197 1338 537 1394 Archiepiscopi,
579 1344 677 1393 post
716 1337 943 1392 Episcopi,
982 1336 1147 1391 singuli
1189 1351 1242 1377 ex
1285 1337 1522 1392 antiquiori

61 1410 232 1466 adeptae
273 1411 503 1466 dignitatis
554 1410 684 1451 titulo
736 1410 1074 1451 collocabantur.
1158 1409 1277 1450 Hine
1317 1410 1522 1452 Abbates

58 1482 199 1531 mitra,
234 1483 418 1538 aliisquo
460 1482 706 1539 insignibus
747 1483 1079 1523 Pontificalibus
1121 1490 1319 1523 utentes:
1367 1490 1521 1539 postea

62 1555 301 1597 Generales
337 1557 619 1613 Religionum
660 1573 714 1599 ex
761 1557 961 1598 ordinum
1004 1572 1152 1598 eorum
1194 1560 1519 1615 praerogativa;

59 1629 170 1670 inter
192 1644 302 1684 quos
323 1630 518 1671 Jacobus
551 1630 716 1671 Lainez
749 1630 1022 1671 Jesuitarum
1057 1631 1302 1679 Generalis,
1325 1631 1519 1673 doctrina

61 1717 107 1743 ac
130 1703 296 1758 pietate
319 1703 515 1759 insignis,
538 1719 637 1744 cum
670 1703 723 1744 de
754 1703 846 1743 loco
877 1704 990 1744 inter
1011 1703 1273 1759 RegulareS,
1299 1713 1375 1746 aut
1398 1706 1518 1755 alios,

60 1776 100 1816 ei
138 1775 422 1816 adscribendo
454 1775 749 1824 dubitaretur,
787 1775 946 1816 maluit
980 1775 1174 1817 modeste
1205 1783 1249 1817 et
1281 1778 1520 1832 prudenter

60 1864 254 1889 seorsum
279 1849 335 1889 ab
358 1848 456 1889 aliis
477 1855 602 1889 extra
631 1848 823 1889 ordinem
855 1849 1116 1889 novissimus
1149 1850 1361 1899 collocari,
1386 1868 1519 1908 quam

60 1923 105 1962 in
127 1922 260 1962 uUam
280 1922 361 1962 loci
385 1922 453 1962 sui
475 1922 655 1976 publice
679 1922 747 1963 vel
780 1923 989 1978 privatim
1011 1925 1328 1965 contentionem
1354 1927 1516 1969 venire.

59 1995 252 2036 Proximi
294 1995 588 2036 Generalibus
628 1995 822 2036 Auditor
859 1996 1001 2046 Rotae,
1030 1995 1287 2038 Advocatus
1318 2000 1517 2041 consisto-

61 2069 192 2117 rialis,
215 2070 441 2109 Promotor
465 2068 664 2116 Concilii,
697 2075 741 2109 et
773 2075 1001 2124 practerea,
1036 2069 1071 2109 si
1107 2069 1204 2125 quis
1238 2071 1350 2112 alius
1382 2074 1517 2128 privi-

59 2143 175 2199 legio
196 2143 334 2198 Papae
359 2149 407 2182 ut
429 2149 531 2182 tunc
553 2142 760 2196 temporis
784 2141 1028 2196 Gregorius
1059 2156 1084 2182 a
1105 2142 1257 2198 Taydo
1279 2144 1520 2187 Lusitanus

61 2216 264 2271 idemque
287 2215 444 2256 Abbas
475 2214 622 2255 Sancti
657 2248 664 2255 .
699 2248 706 2255 .
745 2248 751 2255 .
791 2247 797 2254 .
832 2214 970 2254 literis
991 2215 1108 2269 regis
1130 2215 1197 2255 sui
1217 2217 1273 2256 ob
1296 2217 1415 2258 illius
1437 2219 1519 2260 vir·

61 2294 199 2329 tutem
228 2294 271 2328 et
297 2288 562 2343 probitatem
595 2287 785 2327 maxime
817 2286 1142 2327 commendatus
1174 2292 1518 2346 congregationi-

62 2359 144 2401 bus
167 2359 396 2400 assistendi
420 2364 494 2415 jus
515 2359 722 2401 habebat.
766 2358 885 2400 Hinc
902 2359 1133 2399 novissimo
1148 2360 1239 2400 loeo
1254 2361 1517 2412 Przesulum,

64 2440 140 2474 aut
178 2433 355 2474 Ordinis
390 2433 684 2474 Ecclesiastici
707 2433 884 2481 Nuncii,
908 2432 961 2473 dc
995 2432 1158 2487 quibus
1192 2447 1340 2488 supra.
1402 2436 1519 2477 Reli-

63 2507 159 2561 quis
175 2506 450 2562 postmodum
474 2522 527 2548 ex
550 2507 748 2547 concione
771 2506 971 2554 exclusis,
988 2505 1233 2546 Cardinalis
1248 2507 1520 2550 Mantuanus

64 2579 209 2621 Sancti
233 2580 425 2635 Spiritus
447 2580 759 2621 invocationem
794 2579 1094 2635 praemittebat
1115 2594 1166 2620 ea
1187 2580 1395 2629 oratione,
1419 2597 1518 2637 quae

62 2651 104 2691 in
125 2652 237 2693 libro
260 2653 504 2693 Pontificali
526 2653 703 2708 legitur,
729 2652 959 2693 videlicet:

111 2725 349 2774 Adsumus,
366 2725 552 2766 Domine
571 2726 726 2766 Sancte
746 2726 938 2781 Spiritus
953 2742 964 2775 3
988 2725 1226 2773 Adsumus,
1243 2728 1409 2781 pcccati
1424 2729 1519 2783 qui-

64 2796 158 2839 dem
181 2800 453 2840 immanitate
476 2799 655 2849 detenti,
680 2800 755 2842 sed
777 2801 817 2841 in
840 2801 1010 2842 nomine
1042 2807 1120 2841 tuo
1151 2800 1402 2855 specialiter
1423 2817 1518 2844 con-
