<?xml version="1.0" encoding="UTF-8"?>
<!DOCTYPE html PUBLIC "-//W3C//DTD XHTML 1.0 Transitional//EN"
    "http://www.w3.org/TR/xhtml1/DTD/xhtml1-transitional.dtd">
<html xmlns="http://www.w3.org/1999/xhtml" xml:lang="en" lang="en">
 <head>
  <title>
</title>
<meta http-equiv="Content-Type" content="text/html;charset=utf-8" />
  <meta name='ocr-system' content='tesseract 3.04.00' />
  <meta name='ocr-capabilities' content='ocr_page ocr_carea ocr_par ocr_line ocrx_word'/>
</head>
<body>
  <div class='ocr_page' id='page_1' title='image "actaconciliitrid00paleuoft_0483.png"; bbox 0 0 1905 3254; ppageno 0'>
   <div class='ocr_carea' id='block_1_1' title="bbox 660 294 1502 339">
    <p class='ocr_par' dir='ltr' id='par_1_1' title="bbox 660 294 1502 339">
     <span class='ocr_line' id='line_1_1' title="bbox 660 294 1502 339; baseline -0.006 -1"><span class='ocrx_word' id='word_1_1' title='bbox 660 308 767 339; x_wconf 71' lang='lat' dir='ltr'>sssss.</span> <span class='ocrx_word' id='word_1_2' title='bbox 795 310 872 338; x_wconf 81' lang='lat' dir='ltr'>vn.</span> <span class='ocrx_word' id='word_1_3' title='bbox 1419 294 1502 334; x_wconf 82' lang='lat'>:339</span> 
     </span>
    </p>
   </div>
   <div class='ocr_carea' id='block_1_2' title="bbox 6 413 1501 2803">
    <p class='ocr_par' dir='ltr' id='par_1_2' title="bbox 6 413 1500 1333">
     <span class='ocr_line' id='line_1_2' title="bbox 43 413 1494 470; baseline 0.002 -17"><span class='ocrx_word' id='word_1_4' title='bbox 43 427 134 454; x_wconf 86' lang='lat' dir='ltr'>esse</span> <span class='ocrx_word' id='word_1_5' title='bbox 151 413 396 468; x_wconf 81' lang='lat' dir='ltr'>superiores</span> <span class='ocrx_word' id='word_1_6' title='bbox 409 413 682 470; x_wconf 68' lang='lat' dir='ltr'>presbyteris</span> <span class='ocrx_word' id='word_1_7' title='bbox 703 429 756 456; x_wconf 85' lang='lat' dir='ltr'>ex</span> <span class='ocrx_word' id='word_1_8' title='bbox 778 416 1051 457; x_wconf 87' lang='lat' dir='ltr'>institutione</span> <span class='ocrx_word' id='word_1_9' title='bbox 1074 415 1236 457; x_wconf 88' lang='lat' dir='ltr'>divina.</span> <span class='ocrx_word' id='word_1_10' title='bbox 1285 417 1331 456; x_wconf 85' lang='lat' dir='ltr'>Si</span> <span class='ocrx_word' id='word_1_11' title='bbox 1352 431 1494 457; x_wconf 93' lang='lat' dir='ltr'>resur—</span> 
     </span>
     <span class='ocr_line' id='line_1_3' title="bbox 6 480 1498 542; baseline 0.002 -15"><span class='ocrx_word' id='word_1_12' title='bbox 6 480 20 488; x_wconf 39' lang='lat'>*</span> <span class='ocrx_word' id='word_1_13' title='bbox 45 493 166 542; x_wconf 89' lang='lat' dir='ltr'>geret</span> <span class='ocrx_word' id='word_1_14' title='bbox 206 486 381 534; x_wconf 90' lang='lat' dir='ltr'>Aerius,</span> <span class='ocrx_word' id='word_1_15' title='bbox 427 494 470 527; x_wconf 89' lang='lat' dir='ltr'>et</span> <span class='ocrx_word' id='word_1_16' title='bbox 509 487 677 528; x_wconf 76' lang='lat' dir='ltr'>videret</span> <span class='ocrx_word' id='word_1_17' title='bbox 726 487 840 529; x_wconf 87' lang='lat' dir='ltr'>hune</span> <span class='ocrx_word' id='word_1_18' title='bbox 884 488 1120 536; x_wconf 86' lang='lat' dir='ltr'>Canonem,</span> <span class='ocrx_word' id='word_1_19' title='bbox 1170 489 1412 537; x_wconf 79' lang='lat' dir='ltr'>laetaretur,</span> <span class='ocrx_word' id='word_1_20' title='bbox 1453 496 1498 530; x_wconf 88' lang='lat' dir='ltr'>et</span> 
     </span>
     <span class='ocr_line' id='line_1_4' title="bbox 41 559 1497 618; baseline 0.001 -18"><span class='ocrx_word' id='word_1_21' title='bbox 41 559 215 607; x_wconf 83' lang='lat' dir='ltr'>diceret,</span> <span class='ocrx_word' id='word_1_22' title='bbox 244 559 359 601; x_wconf 86' lang='lat' dir='ltr'>Eece</span> <span class='ocrx_word' id='word_1_23' title='bbox 381 560 595 616; x_wconf 91' lang='lat' dir='ltr'>quomodo</span> <span class='ocrx_word' id='word_1_24' title='bbox 615 561 779 616; x_wconf 86' lang='lat' dir='ltr'>injuste</span> <span class='ocrx_word' id='word_1_25' title='bbox 800 561 1108 602; x_wconf 86' lang='lat' dir='ltr'>condemnatus</span> <span class='ocrx_word' id='word_1_26' title='bbox 1127 562 1191 603; x_wconf 82' lang='lat' dir='ltr'>fui</span> <span class='ocrx_word' id='word_1_27' title='bbox 1213 563 1268 603; x_wconf 88' lang='lat' dir='ltr'>ab</span> <span class='ocrx_word' id='word_1_28' title='bbox 1290 564 1497 618; x_wconf 83' lang='lat' dir='ltr'>Augusto</span> 
     </span>
     <span class='ocr_line' id='line_1_5' title="bbox 44 632 1499 691; baseline 0.003 -19"><span class='ocrx_word' id='word_1_29' title='bbox 44 639 87 673; x_wconf 88' lang='lat' dir='ltr'>et</span> <span class='ocrx_word' id='word_1_30' title='bbox 119 632 225 681; x_wconf 87' lang='lat' dir='ltr'>aliis,</span> <span class='ocrx_word' id='word_1_31' title='bbox 258 648 358 674; x_wconf 87' lang='lat' dir='ltr'>nam</span> <span class='ocrx_word' id='word_1_32' title='bbox 383 633 628 675; x_wconf 86' lang='lat' dir='ltr'>Concilium</span> <span class='ocrx_word' id='word_1_33' title='bbox 650 633 959 675; x_wconf 89' lang='lat' dir='ltr'>Tridentinum</span> <span class='ocrx_word' id='word_1_34' title='bbox 992 650 1159 675; x_wconf 91' lang='lat' dir='ltr'>mecum</span> <span class='ocrx_word' id='word_1_35' title='bbox 1196 635 1342 683; x_wconf 80' lang='lat' dir='ltr'><strong>sentit,</strong></span> <span class='ocrx_word' id='word_1_36' title='bbox 1380 635 1499 691; x_wconf 91' lang='lat' dir='ltr'>quod</span> 
     </span>
     <span class='ocr_line' id='line_1_6' title="bbox 42 705 1498 762; baseline 0.002 -17"><span class='ocrx_word' id='word_1_37' title='bbox 42 705 252 760; x_wconf 86' lang='lat' dir='ltr'>Episcopi</span> <span class='ocrx_word' id='word_1_38' title='bbox 280 721 364 746; x_wconf 93' lang='lat' dir='ltr'>non</span> <span class='ocrx_word' id='word_1_39' title='bbox 383 713 486 748; x_wconf 91' lang='lat' dir='ltr'>sunt</span> <span class='ocrx_word' id='word_1_40' title='bbox 507 706 560 748; x_wconf 89' lang='lat' dir='ltr'>de</span> <span class='ocrx_word' id='word_1_41' title='bbox 578 710 679 762; x_wconf 89' lang='lat' dir='ltr'>jure</span> <span class='ocrx_word' id='word_1_42' title='bbox 701 706 848 747; x_wconf 85' lang='lat' dir='ltr'>divino</span> <span class='ocrx_word' id='word_1_43' title='bbox 869 708 1124 762; x_wconf 84' lang='lat' dir='ltr'>superiores,</span> <span class='ocrx_word' id='word_1_44' title='bbox 1155 708 1255 749; x_wconf 86' lang='lat' dir='ltr'>licet</span> <span class='ocrx_word' id='word_1_45' title='bbox 1277 708 1498 749; x_wconf 85' lang='lat' dir='ltr'>confirmet</span> 
     </span>
     <span class='ocr_line' id='line_1_7' title="bbox 44 779 1494 837; baseline 0.002 -18"><span class='ocrx_word' id='word_1_46' title='bbox 44 793 134 820; x_wconf 88' lang='lat' dir='ltr'>esse</span> <span class='ocrx_word' id='word_1_47' title='bbox 175 780 432 835; x_wconf 80' lang='lat' dir='ltr'>superiores.</span> <span class='ocrx_word' id='word_1_48' title='bbox 509 780 584 821; x_wconf 88' lang='lat' dir='ltr'>Ad</span> <span class='ocrx_word' id='word_1_49' title='bbox 625 779 934 821; x_wconf 82' lang='lat' dir='ltr'>authoritatem</span> <span class='ocrx_word' id='word_1_50' title='bbox 986 781 1040 821; x_wconf 71' lang='lat' dir='ltr'>Sti</span> <span class='ocrx_word' id='word_1_51' title='bbox 1076 780 1338 837; x_wconf 77' lang='lat' dir='ltr'>Hieronymi</span> <span class='ocrx_word' id='word_1_52' title='bbox 1375 782 1420 822; x_wconf 92' lang='lat' dir='ltr'>in</span> <span class='ocrx_word' id='word_1_53' title='bbox 1462 797 1494 822; x_wconf 88' lang='lat' dir='ltr'>c.</span> 
     </span>
     <span class='ocr_line' id='line_1_8' title="bbox 43 852 1498 911; baseline 0.002 -19"><span class='ocrx_word' id='word_1_54' title='bbox 43 852 232 908; x_wconf 88' lang='lat' dir='ltr'>legimus</span> <span class='ocrx_word' id='word_1_55' title='bbox 254 853 309 894; x_wconf 85' lang='lat'>93</span> <span class='ocrx_word' id='word_1_56' title='bbox 329 853 428 895; x_wconf 89' lang='lat' dir='ltr'>dist.</span> <span class='ocrx_word' id='word_1_57' title='bbox 461 854 574 895; x_wconf 86' lang='lat' dir='ltr'>dixit</span> <span class='ocrx_word' id='word_1_58' title='bbox 594 854 795 909; x_wconf 89' lang='lat' dir='ltr'>ingenue,</span> <span class='ocrx_word' id='word_1_59' title='bbox 823 853 1079 909; x_wconf 87' lang='lat' dir='ltr'>responderi</span> <span class='ocrx_word' id='word_1_60' title='bbox 1109 869 1194 895; x_wconf 89' lang='lat' dir='ltr'>non</span> <span class='ocrx_word' id='word_1_61' title='bbox 1225 870 1362 911; x_wconf 86' lang='lat' dir='ltr'>posse,</span> <span class='ocrx_word' id='word_1_62' title='bbox 1386 862 1430 896; x_wconf 93' lang='lat' dir='ltr'>et</span> <span class='ocrx_word' id='word_1_63' title='bbox 1462 855 1498 896; x_wconf 92' lang='lat' dir='ltr'>si</span> 
     </span>
     <span class='ocr_line' id='line_1_9' title="bbox 44 927 1496 985; baseline 0.003 -19"><span class='ocrx_word' id='word_1_64' title='bbox 44 940 131 981; x_wconf 89' lang='lat' dir='ltr'>qua</span> <span class='ocrx_word' id='word_1_65' title='bbox 149 927 371 982; x_wconf 84' lang='lat' dir='ltr'>responsio</span> <span class='ocrx_word' id='word_1_66' title='bbox 392 933 537 983; x_wconf 85' lang='lat' dir='ltr'>potest</span> <span class='ocrx_word' id='word_1_67' title='bbox 560 927 886 975; x_wconf 78' lang='lat' dir='ltr'>accommodari,</span> <span class='ocrx_word' id='word_1_68' title='bbox 920 928 1092 982; x_wconf 84' lang='lat' dir='ltr'>placere</span> <span class='ocrx_word' id='word_1_69' title='bbox 1115 943 1210 982; x_wconf 84' lang='lat' dir='ltr'>eam</span> <span class='ocrx_word' id='word_1_70' title='bbox 1232 929 1328 978; x_wconf 86' lang='lat' dir='ltr'>sibi,</span> <span class='ocrx_word' id='word_1_71' title='bbox 1363 944 1496 985; x_wconf 91' lang='lat' dir='ltr'>quam</span> 
     </span>
     <span class='ocr_line' id='line_1_10' title="bbox 39 998 1494 1055; baseline 0.002 -17"><span class='ocrx_word' id='word_1_72' title='bbox 39 998 177 1054; x_wconf 80' lang='lat' dir='ltr'>aliqui</span> <span class='ocrx_word' id='word_1_73' title='bbox 212 999 470 1046; x_wconf 89' lang='lat' dir='ltr'>attulerunt,</span> <span class='ocrx_word' id='word_1_74' title='bbox 505 999 707 1041; x_wconf 83' lang='lat' dir='ltr'>videlicet</span> <span class='ocrx_word' id='word_1_75' title='bbox 738 999 856 1055; x_wconf 90' lang='lat' dir='ltr'>quod</span> <span class='ocrx_word' id='word_1_76' title='bbox 897 1015 1068 1055; x_wconf 88' lang='lat' dir='ltr'>semper</span> <span class='ocrx_word' id='word_1_77' title='bbox 1102 1000 1237 1042; x_wconf 88' lang='lat' dir='ltr'>fuerit</span> <span class='ocrx_word' id='word_1_78' title='bbox 1276 1001 1494 1043; x_wconf 84' lang='lat' dir='ltr'>distinctio</span> 
     </span>
     <span class='ocr_line' id='line_1_11' title="bbox 43 1071 1497 1129; baseline 0.004 -18"><span class='ocrx_word' id='word_1_79' title='bbox 43 1071 157 1112; x_wconf 90' lang='lat' dir='ltr'>inter</span> <span class='ocrx_word' id='word_1_80' title='bbox 192 1087 263 1114; x_wconf 87' lang='lat' dir='ltr'>eos</span> <span class='ocrx_word' id='word_1_81' title='bbox 289 1073 472 1121; x_wconf 87' lang='lat' dir='ltr'>ordines,</span> <span class='ocrx_word' id='word_1_82' title='bbox 510 1073 586 1114; x_wconf 89' lang='lat' dir='ltr'>sed</span> <span class='ocrx_word' id='word_1_83' title='bbox 619 1073 760 1129; x_wconf 85' lang='lat' dir='ltr'>magis</span> <span class='ocrx_word' id='word_1_84' title='bbox 796 1080 951 1129; x_wconf 88' lang='lat' dir='ltr'>postea</span> <span class='ocrx_word' id='word_1_85' title='bbox 985 1073 1204 1115; x_wconf 77' lang='lat' dir='ltr'>declarata</span> <span class='ocrx_word' id='word_1_86' title='bbox 1235 1090 1290 1116; x_wconf 85' lang='lat' dir='ltr'>ex</span> <span class='ocrx_word' id='word_1_87' title='bbox 1320 1090 1497 1117; x_wconf 88' lang='lat' dir='ltr'>eonsue-</span> 
     </span>
     <span class='ocr_line' id='line_1_12' title="bbox 43 1143 1500 1203; baseline 0.002 -19"><span class='ocrx_word' id='word_1_88' title='bbox 43 1143 196 1185; x_wconf 82' lang='lat' dir='ltr'>tudine</span> <span class='ocrx_word' id='word_1_89' title='bbox 232 1145 467 1195; x_wconf 72' lang='lat' dir='ltr'>Ecclesiae,</span> <span class='ocrx_word' id='word_1_90' title='bbox 514 1145 716 1200; x_wconf 83' lang='lat' dir='ltr'>quamvis</span> <span class='ocrx_word' id='word_1_91' title='bbox 748 1153 897 1186; x_wconf 88' lang='lat' dir='ltr'>autem</span> <span class='ocrx_word' id='word_1_92' title='bbox 934 1146 1049 1187; x_wconf 88' lang='lat' dir='ltr'>solus</span> <span class='ocrx_word' id='word_1_93' title='bbox 1089 1147 1165 1186; x_wconf 65' lang='lat'>8²⁰⁵</span> <span class='ocrx_word' id='word_1_94' title='bbox 1202 1146 1500 1203; x_wconf 73' lang='lat' dir='ltr'>Hieronymus</span> 
     </span>
     <span class='ocr_line' id='line_1_13' title="bbox 45 1216 1500 1274; baseline 0.002 -17"><span class='ocrx_word' id='word_1_95' title='bbox 45 1216 174 1258; x_wconf 87' lang='lat' dir='ltr'>aliter</span> <span class='ocrx_word' id='word_1_96' title='bbox 193 1219 406 1264; x_wconf 85' lang='lat' dir='ltr'>sensisset,</span> <span class='ocrx_word' id='word_1_97' title='bbox 429 1219 473 1259; x_wconf 89' lang='lat' dir='ltr'>id</span> <span class='ocrx_word' id='word_1_98' title='bbox 493 1233 576 1259; x_wconf 91' lang='lat' dir='ltr'>non</span> <span class='ocrx_word' id='word_1_99' title='bbox 599 1218 786 1265; x_wconf 87' lang='lat' dir='ltr'>obstare,</span> <span class='ocrx_word' id='word_1_100' title='bbox 810 1219 1042 1274; x_wconf 87' lang='lat' dir='ltr'>quominus</span> <span class='ocrx_word' id='word_1_101' title='bbox 1064 1234 1089 1259; x_wconf 91' lang='lat' dir='ltr'>a</span> <span class='ocrx_word' id='word_1_102' title='bbox 1110 1219 1321 1260; x_wconf 88' lang='lat' dir='ltr'>Patribus</span> <span class='ocrx_word' id='word_1_103' title='bbox 1342 1220 1500 1261; x_wconf 88' lang='lat' dir='ltr'>veritas</span> 
     </span>
     <span class='ocr_line' id='line_1_14' title="bbox 43 1291 390 1333; baseline 0 -2"><span class='ocrx_word' id='word_1_104' title='bbox 43 1291 100 1331; x_wconf 91' lang='lat' dir='ltr'>sit</span> <span class='ocrx_word' id='word_1_105' title='bbox 118 1291 390 1333; x_wconf 85' lang='lat' dir='ltr'>declaranda.</span> 
     </span>
    </p>

    <p class='ocr_par' dir='ltr' id='par_1_3' title="bbox 43 1363 1501 1915">
     <span class='ocr_line' id='line_1_15' title="bbox 100 1363 1499 1422; baseline 0.001 -17"><span class='ocrx_word' id='word_1_106' title='bbox 100 1364 333 1413; x_wconf 88' lang='lat' dir='ltr'>Vestanus,</span> <span class='ocrx_word' id='word_1_107' title='bbox 365 1363 577 1406; x_wconf 82' lang='lat' dir='ltr'>adversus</span> <span class='ocrx_word' id='word_1_108' title='bbox 607 1364 919 1411; x_wconf 89' lang='lat' dir='ltr'>Ostunensem,</span> <span class='ocrx_word' id='word_1_109' title='bbox 944 1365 1021 1420; x_wconf 91' lang='lat' dir='ltr'>qui</span> <span class='ocrx_word' id='word_1_110' title='bbox 1043 1364 1231 1411; x_wconf 85' lang='lat' dir='ltr'>dixerat,</span> <span class='ocrx_word' id='word_1_111' title='bbox 1254 1365 1499 1422; x_wconf 87' lang='lat' dir='ltr'>Episcopos</span> 
     </span>
     <span class='ocr_line' id='line_1_16' title="bbox 43 1436 1498 1494; baseline 0.001 -16"><span class='ocrx_word' id='word_1_112' title='bbox 43 1437 158 1485; x_wconf 89' lang='lat' dir='ltr'>olim,</span> <span class='ocrx_word' id='word_1_113' title='bbox 187 1438 414 1494; x_wconf 84' lang='lat' dir='ltr'>ignorante</span> <span class='ocrx_word' id='word_1_114' title='bbox 437 1438 575 1494; x_wconf 89' lang='lat' dir='ltr'>Papa,</span> <span class='ocrx_word' id='word_1_115' title='bbox 610 1437 665 1477; x_wconf 88' lang='lat' dir='ltr'>ab</span> <span class='ocrx_word' id='word_1_116' title='bbox 688 1436 1038 1493; x_wconf 85' lang='lat' dir='ltr'>Archiepiseopis</span> <span class='ocrx_word' id='word_1_117' title='bbox 1058 1438 1141 1478; x_wconf 89' lang='lat' dir='ltr'>rite</span> <span class='ocrx_word' id='word_1_118' title='bbox 1163 1445 1328 1479; x_wconf 84' lang='lat' dir='ltr'>creatos</span> <span class='ocrx_word' id='word_1_119' title='bbox 1350 1438 1498 1488; x_wconf 91' lang='lat' dir='ltr'>fuisse,</span> 
     </span>
     <span class='ocr_line' id='line_1_17' title="bbox 44 1510 1498 1562; baseline 0.001 -10"><span class='ocrx_word' id='word_1_120' title='bbox 44 1525 96 1552; x_wconf 87' lang='lat' dir='ltr'>ex</span> <span class='ocrx_word' id='word_1_121' title='bbox 111 1510 351 1552; x_wconf 90' lang='lat' dir='ltr'>Clementis</span> <span class='ocrx_word' id='word_1_122' title='bbox 373 1511 630 1552; x_wconf 87' lang='lat' dir='ltr'>auctoritate</span> <span class='ocrx_word' id='word_1_123' title='bbox 653 1511 800 1551; x_wconf 88' lang='lat' dir='ltr'>statim</span> <span class='ocrx_word' id='word_1_124' title='bbox 816 1510 956 1551; x_wconf 80' lang='lat' dir='ltr'>locum</span> <span class='ocrx_word' id='word_1_125' title='bbox 974 1510 1159 1552; x_wconf 89' lang='lat' dir='ltr'>eundem</span> <span class='ocrx_word' id='word_1_126' title='bbox 1178 1513 1376 1562; x_wconf 83' lang='lat' dir='ltr'>retorsit3</span> <span class='ocrx_word' id='word_1_127' title='bbox 1400 1528 1498 1554; x_wconf 88' lang='lat' dir='ltr'>eum</span> 
     </span>
     <span class='ocr_line' id='line_1_18' title="bbox 44 1582 1500 1641; baseline 0.002 -17"><span class='ocrx_word' id='word_1_128' title='bbox 44 1582 312 1625; x_wconf 88' lang='lat' dir='ltr'>ordinatione</span> <span class='ocrx_word' id='word_1_129' title='bbox 353 1584 474 1625; x_wconf 90' lang='lat' dir='ltr'>Petri</span> <span class='ocrx_word' id='word_1_130' title='bbox 506 1584 551 1624; x_wconf 90' lang='lat' dir='ltr'>id</span> <span class='ocrx_word' id='word_1_131' title='bbox 584 1584 744 1624; x_wconf 83' lang='lat' dir='ltr'>factum</span> <span class='ocrx_word' id='word_1_132' title='bbox 782 1583 916 1624; x_wconf 90' lang='lat' dir='ltr'>fuisse</span> <span class='ocrx_word' id='word_1_133' title='bbox 951 1583 1081 1633; x_wconf 79' lang='lat' dir='ltr'>dicat,</span> <span class='ocrx_word' id='word_1_134' title='bbox 1116 1585 1192 1639; x_wconf 90' lang='lat' dir='ltr'>qui</span> <span class='ocrx_word' id='word_1_135' title='bbox 1233 1586 1500 1641; x_wconf 83' lang='lat' dir='ltr'>generaliter</span> 
     </span>
     <span class='ocr_line' id='line_1_19' title="bbox 46 1655 1499 1712; baseline 0.001 -16"><span class='ocrx_word' id='word_1_136' title='bbox 46 1655 355 1696; x_wconf 85' lang='lat' dir='ltr'>authoritatem</span> <span class='ocrx_word' id='word_1_137' title='bbox 379 1656 636 1712; x_wconf 86' lang='lat' dir='ltr'>permiserat</span> <span class='ocrx_word' id='word_1_138' title='bbox 669 1670 741 1696; x_wconf 92' lang='lat' dir='ltr'>eos</span> <span class='ocrx_word' id='word_1_139' title='bbox 763 1655 1032 1703; x_wconf 86' lang='lat' dir='ltr'>instituendi,</span> <span class='ocrx_word' id='word_1_140' title='bbox 1065 1656 1165 1696; x_wconf 89' lang='lat' dir='ltr'>licet</span> <span class='ocrx_word' id='word_1_141' title='bbox 1191 1656 1284 1711; x_wconf 87' lang='lat' dir='ltr'>ipse</span> <span class='ocrx_word' id='word_1_142' title='bbox 1305 1657 1499 1711; x_wconf 82' lang='lat' dir='ltr'>singula-</span> 
     </span>
     <span class='ocr_line' id='line_1_20' title="bbox 43 1725 1501 1783; baseline 0.001 -15"><span class='ocrx_word' id='word_1_143' title='bbox 43 1742 133 1768; x_wconf 87' lang='lat' dir='ltr'>rem</span> <span class='ocrx_word' id='word_1_144' title='bbox 174 1725 306 1783; x_wconf 85' lang='lat' dir='ltr'>hujus</span> <span class='ocrx_word' id='word_1_145' title='bbox 347 1727 417 1768; x_wconf 77' lang='lat' dir='ltr'>vel</span> <span class='ocrx_word' id='word_1_146' title='bbox 457 1727 575 1767; x_wconf 87' lang='lat' dir='ltr'>illius</span> <span class='ocrx_word' id='word_1_147' title='bbox 613 1727 810 1767; x_wconf 86' lang='lat' dir='ltr'>notitiam</span> <span class='ocrx_word' id='word_1_148' title='bbox 850 1741 935 1767; x_wconf 92' lang='lat' dir='ltr'>non</span> <span class='ocrx_word' id='word_1_149' title='bbox 976 1726 1183 1776; x_wconf 75' lang='lat' dir='ltr'>haberet,</span> <span class='ocrx_word' id='word_1_150' title='bbox 1225 1741 1324 1768; x_wconf 89' lang='lat' dir='ltr'>nam</span> <span class='ocrx_word' id='word_1_151' title='bbox 1357 1729 1501 1770; x_wconf 87' lang='lat' dir='ltr'>omnia</span> 
     </span>
     <span class='ocr_line' id='line_1_21' title="bbox 45 1799 1497 1856; baseline 0.001 -15"><span class='ocrx_word' id='word_1_152' title='bbox 45 1807 194 1842; x_wconf 89' lang='lat' dir='ltr'>nostra</span> <span class='ocrx_word' id='word_1_153' title='bbox 230 1801 424 1848; x_wconf 85' lang='lat' dir='ltr'>facimus,</span> <span class='ocrx_word' id='word_1_154' title='bbox 456 1801 620 1856; x_wconf 91' lang='lat' dir='ltr'>quibus</span> <span class='ocrx_word' id='word_1_155' title='bbox 655 1799 968 1841; x_wconf 85' lang='lat' dir='ltr'>authoritatem</span> <span class='ocrx_word' id='word_1_156' title='bbox 992 1807 1182 1841; x_wconf 88' lang='lat' dir='ltr'>nostram</span> <span class='ocrx_word' id='word_1_157' title='bbox 1205 1801 1497 1856; x_wconf 89' lang='lat' dir='ltr'>impertimur,</span> 
     </span>
     <span class='ocr_line' id='line_1_22' title="bbox 45 1880 365 1915; baseline -0.006 0"><span class='ocrx_word' id='word_1_158' title='bbox 45 1880 94 1915; x_wconf 89' lang='lat' dir='ltr'>ut</span> <span class='ocrx_word' id='word_1_159' title='bbox 114 1881 266 1915; x_wconf 91' lang='lat' dir='ltr'>notum</span> <span class='ocrx_word' id='word_1_160' title='bbox 288 1881 365 1915; x_wconf 89' lang='lat' dir='ltr'>est.</span> 
     </span>
    </p>

    <p class='ocr_par' dir='ltr' id='par_1_4' title="bbox 46 1945 1501 2442">
     <span class='ocr_line' id='line_1_23' title="bbox 102 1945 1499 2001; baseline 0 -13"><span class='ocrx_word' id='word_1_161' title='bbox 102 1945 579 2001; x_wconf 83' lang='lat' dir='ltr'>Nimociensis¹-quod</span> <span class='ocrx_word' id='word_1_162' title='bbox 613 1945 705 1986; x_wconf 91' lang='lat' dir='ltr'>fons</span> <span class='ocrx_word' id='word_1_163' title='bbox 738 1945 1062 1986; x_wconf 88' lang='lat' dir='ltr'>Jurisdictionis</span> <span class='ocrx_word' id='word_1_164' title='bbox 1100 1946 1418 1988; x_wconf 85' lang='lat' dir='ltr'>Ecclesiastieae</span> <span class='ocrx_word' id='word_1_165' title='bbox 1454 1948 1499 1989; x_wconf 89' lang='lat' dir='ltr'>in</span> 
     </span>
     <span class='ocr_line' id='line_1_24' title="bbox 46 2018 1501 2076; baseline 0 -16"><span class='ocrx_word' id='word_1_166' title='bbox 46 2019 290 2076; x_wconf 88' lang='lat' dir='ltr'>Episeopos</span> <span class='ocrx_word' id='word_1_167' title='bbox 311 2026 355 2060; x_wconf 90' lang='lat' dir='ltr'>et</span> <span class='ocrx_word' id='word_1_168' title='bbox 376 2019 481 2060; x_wconf 88' lang='lat' dir='ltr'>alios</span> <span class='ocrx_word' id='word_1_169' title='bbox 503 2025 621 2059; x_wconf 88' lang='lat' dir='ltr'>totus</span> <span class='ocrx_word' id='word_1_170' title='bbox 642 2018 820 2074; x_wconf 86' lang='lat' dir='ltr'>profluit</span> <span class='ocrx_word' id='word_1_171' title='bbox 842 2032 866 2058; x_wconf 90' lang='lat' dir='ltr'>a</span> <span class='ocrx_word' id='word_1_172' title='bbox 883 2018 1019 2072; x_wconf 84' lang='lat' dir='ltr'>Papa,</span> <span class='ocrx_word' id='word_1_173' title='bbox 1048 2024 1092 2058; x_wconf 89' lang='lat' dir='ltr'>et</span> <span class='ocrx_word' id='word_1_174' title='bbox 1112 2024 1276 2072; x_wconf 79' lang='lat' dir='ltr'>praeter</span> <span class='ocrx_word' id='word_1_175' title='bbox 1296 2019 1501 2060; x_wconf 88' lang='lat' dir='ltr'>authores</span> 
     </span>
     <span class='ocr_line' id='line_1_25' title="bbox 48 2090 1499 2147; baseline -0.001 -13"><span class='ocrx_word' id='word_1_176' title='bbox 48 2099 229 2140; x_wconf 88' lang='lat' dir='ltr'>veteres,</span> <span class='ocrx_word' id='word_1_177' title='bbox 250 2091 294 2133; x_wconf 90' lang='lat' dir='ltr'>id</span> <span class='ocrx_word' id='word_1_178' title='bbox 316 2092 447 2132; x_wconf 90' lang='lat' dir='ltr'>etiam</span> <span class='ocrx_word' id='word_1_179' title='bbox 471 2098 514 2132; x_wconf 87' lang='lat' dir='ltr'>et</span> <span class='ocrx_word' id='word_1_180' title='bbox 535 2091 612 2147; x_wconf 91' lang='lat' dir='ltr'>qui</span> <span class='ocrx_word' id='word_1_181' title='bbox 632 2091 807 2131; x_wconf 90' lang='lat' dir='ltr'>minime</span> <span class='ocrx_word' id='word_1_182' title='bbox 829 2090 943 2130; x_wconf 89' lang='lat' dir='ltr'>soliti</span> <span class='ocrx_word' id='word_1_183' title='bbox 965 2096 1086 2130; x_wconf 83' lang='lat' dir='ltr'>erant</span> <span class='ocrx_word' id='word_1_184' title='bbox 1108 2090 1326 2137; x_wconf 85' lang='lat' dir='ltr'>assentari,</span> <span class='ocrx_word' id='word_1_185' title='bbox 1350 2091 1450 2139; x_wconf 93' lang='lat' dir='ltr'>viz.,</span> <span class='ocrx_word' id='word_1_186' title='bbox 1473 2106 1499 2132; x_wconf 88' lang='lat' dir='ltr'>a</span> 
     </span>
     <span class='ocr_line' id='line_1_26' title="bbox 46 2164 1498 2221; baseline -0.001 -14"><span class='ocrx_word' id='word_1_187' title='bbox 46 2165 254 2215; x_wconf 88' lang='lat' dir='ltr'>Roffensi,</span> <span class='ocrx_word' id='word_1_188' title='bbox 277 2180 303 2206; x_wconf 89' lang='lat' dir='ltr'>a</span> <span class='ocrx_word' id='word_1_189' title='bbox 325 2165 587 2213; x_wconf 85' lang='lat' dir='ltr'>Contareno,</span> <span class='ocrx_word' id='word_1_190' title='bbox 609 2172 652 2206; x_wconf 88' lang='lat' dir='ltr'>et</span> <span class='ocrx_word' id='word_1_191' title='bbox 673 2180 698 2206; x_wconf 86' lang='lat' dir='ltr'>a</span> <span class='ocrx_word' id='word_1_192' title='bbox 719 2165 848 2213; x_wconf 89' lang='lat' dir='ltr'>P010;</span> <span class='ocrx_word' id='word_1_193' title='bbox 880 2164 925 2205; x_wconf 91' lang='lat' dir='ltr'>id</span> <span class='ocrx_word' id='word_1_194' title='bbox 947 2164 1077 2206; x_wconf 84' lang='lat' dir='ltr'>etiam</span> <span class='ocrx_word' id='word_1_195' title='bbox 1098 2170 1294 2204; x_wconf 83' lang='lat' dir='ltr'>sanctum</span> <span class='ocrx_word' id='word_1_196' title='bbox 1318 2165 1498 2221; x_wconf 88' lang='lat' dir='ltr'>Augus-</span> 
     </span>
     <span class='ocr_line' id='line_1_27' title="bbox 47 2238 1498 2295; baseline 0 -15"><span class='ocrx_word' id='word_1_197' title='bbox 47 2239 185 2280; x_wconf 85' lang='lat' dir='ltr'>tinum</span> <span class='ocrx_word' id='word_1_198' title='bbox 219 2239 480 2295; x_wconf 85' lang='lat' dir='ltr'>significasse</span> <span class='ocrx_word' id='word_1_199' title='bbox 506 2239 550 2279; x_wconf 92' lang='lat' dir='ltr'>in</span> <span class='ocrx_word' id='word_1_200' title='bbox 573 2238 642 2279; x_wconf 89' lang='lat' dir='ltr'>Ps.</span> <span class='ocrx_word' id='word_1_201' title='bbox 664 2240 720 2278; x_wconf 82' lang='lat'>44</span> <span class='ocrx_word' id='word_1_202' title='bbox 743 2238 830 2279; x_wconf 92' lang='lat' dir='ltr'>Pro</span> <span class='ocrx_word' id='word_1_203' title='bbox 852 2238 1054 2294; x_wconf 89' lang='lat' dir='ltr'>patribus</span> <span class='ocrx_word' id='word_1_204' title='bbox 1075 2238 1164 2278; x_wconf 90' lang='lat' dir='ltr'>tuis</span> <span class='ocrx_word' id='word_1_205' title='bbox 1194 2238 1298 2284; x_wconf 89' lang='lat' dir='ltr'>nati,</span> <span class='ocrx_word' id='word_1_206' title='bbox 1328 2238 1418 2287; x_wconf 84' lang='lat' dir='ltr'>&amp;e.,</span> <span class='ocrx_word' id='word_1_207' title='bbox 1453 2245 1498 2280; x_wconf 90' lang='lat' dir='ltr'>et</span> 
     </span>
     <span class='ocr_line' id='line_1_28' title="bbox 47 2311 1498 2368; baseline -0.001 -14"><span class='ocrx_word' id='word_1_208' title='bbox 47 2320 243 2354; x_wconf 87' lang='lat' dir='ltr'>sanctum</span> <span class='ocrx_word' id='word_1_209' title='bbox 274 2313 548 2354; x_wconf 86' lang='lat' dir='ltr'>Bernardum</span> <span class='ocrx_word' id='word_1_210' title='bbox 572 2312 625 2354; x_wconf 89' lang='lat' dir='ltr'>de</span> <span class='ocrx_word' id='word_1_211' title='bbox 647 2311 999 2360; x_wconf 87' lang='lat' dir='ltr'>consideratione,</span> <span class='ocrx_word' id='word_1_212' title='bbox 1031 2319 1075 2353; x_wconf 89' lang='lat' dir='ltr'>et</span> <span class='ocrx_word' id='word_1_213' title='bbox 1108 2311 1292 2352; x_wconf 90' lang='lat' dir='ltr'>eundem</span> <span class='ocrx_word' id='word_1_214' title='bbox 1317 2312 1498 2368; x_wconf 87' lang='lat' dir='ltr'>Augus-</span> 
     </span>
     <span class='ocr_line' id='line_1_29' title="bbox 49 2386 982 2442; baseline -0.002 -15"><span class='ocrx_word' id='word_1_215' title='bbox 49 2386 188 2427; x_wconf 88' lang='lat' dir='ltr'>tinum</span> <span class='ocrx_word' id='word_1_216' title='bbox 211 2387 254 2427; x_wconf 92' lang='lat' dir='ltr'>in</span> <span class='ocrx_word' id='word_1_217' title='bbox 275 2392 414 2442; x_wconf 90' lang='lat' dir='ltr'>quest.</span> <span class='ocrx_word' id='word_1_218' title='bbox 437 2400 532 2427; x_wconf 90' lang='lat' dir='ltr'>nov.</span> <span class='ocrx_word' id='word_1_219' title='bbox 558 2392 601 2427; x_wconf 90' lang='lat' dir='ltr'>et</span> <span class='ocrx_word' id='word_1_220' title='bbox 622 2392 708 2427; x_wconf 88' lang='lat' dir='ltr'>vet.</span> <span class='ocrx_word' id='word_1_221' title='bbox 730 2392 825 2426; x_wconf 89' lang='lat' dir='ltr'>test.</span> <span class='ocrx_word' id='word_1_222' title='bbox 850 2393 893 2440; x_wconf 76' lang='lat' dir='ltr'>qe</span> <span class='ocrx_word' id='word_1_223' title='bbox 915 2386 982 2426; x_wconf 74' lang='lat'>89.</span> 
     </span>
    </p>

    <p class='ocr_par' dir='ltr' id='par_1_5' title="bbox 49 2457 1499 2803">
     <span class='ocr_line' id='line_1_30' title="bbox 104 2457 1499 2513; baseline -0.002 -12"><span class='ocrx_word' id='word_1_224' title='bbox 104 2459 142 2501; x_wconf 89' lang='lat' dir='ltr'><strong>F</strong></span> <span class='ocrx_word' id='word_1_225' title='bbox 145 2460 345 2501; x_wconf 89' lang='lat' dir='ltr'>eltrensis</span> <span class='ocrx_word' id='word_1_226' title='bbox 376 2466 557 2500; x_wconf 89' lang='lat' dir='ltr'>conatus</span> <span class='ocrx_word' id='word_1_227' title='bbox 592 2464 656 2499; x_wconf 88' lang='lat' dir='ltr'>est</span> <span class='ocrx_word' id='word_1_228' title='bbox 690 2457 916 2499; x_wconf 85' lang='lat' dir='ltr'>ostendere</span> <span class='ocrx_word' id='word_1_229' title='bbox 946 2457 1204 2498; x_wconf 85' lang='lat' dir='ltr'>sententiam</span> <span class='ocrx_word' id='word_1_230' title='bbox 1227 2471 1388 2506; x_wconf 87' lang='lat' dir='ltr'>eorum,</span> <span class='ocrx_word' id='word_1_231' title='bbox 1423 2457 1499 2513; x_wconf 89' lang='lat' dir='ltr'>qui</span> 
     </span>
     <span class='ocr_line' id='line_1_31' title="bbox 51 2528 1499 2588; baseline -0.003 -14"><span class='ocrx_word' id='word_1_232' title='bbox 51 2539 248 2574; x_wconf 89' lang='lat' dir='ltr'>astruant</span> <span class='ocrx_word' id='word_1_233' title='bbox 282 2533 602 2588; x_wconf 86' lang='lat' dir='ltr'>Episcopatum</span> <span class='ocrx_word' id='word_1_234' title='bbox 630 2531 744 2587; x_wconf 83' lang='lat' dir='ltr'>juris</span> <span class='ocrx_word' id='word_1_235' title='bbox 776 2530 913 2571; x_wconf 81' lang='lat' dir='ltr'>divini</span> <span class='ocrx_word' id='word_1_236' title='bbox 945 2544 1051 2577; x_wconf 86' lang='lat' dir='ltr'>esse,</span> <span class='ocrx_word' id='word_1_237' title='bbox 1092 2535 1226 2570; x_wconf 83' lang='lat' dir='ltr'>totam</span> <span class='ocrx_word' id='word_1_238' title='bbox 1254 2528 1334 2570; x_wconf 89' lang='lat' dir='ltr'>niti</span> <span class='ocrx_word' id='word_1_239' title='bbox 1367 2544 1499 2585; x_wconf 89' lang='lat' dir='ltr'>argu-</span> 
     </span>
     <span class='ocr_line' id='line_1_32' title="bbox 49 2601 1498 2661; baseline -0.001 -15"><span class='ocrx_word' id='word_1_240' title='bbox 49 2607 206 2646; x_wconf 88' lang='lat' dir='ltr'>mentis</span> <span class='ocrx_word' id='word_1_241' title='bbox 235 2604 493 2661; x_wconf 83' lang='lat' dir='ltr'>sophisticiS,</span> <span class='ocrx_word' id='word_1_242' title='bbox 525 2611 569 2645; x_wconf 92' lang='lat' dir='ltr'>et</span> <span class='ocrx_word' id='word_1_243' title='bbox 590 2618 688 2659; x_wconf 86' lang='lat' dir='ltr'>quae</span> <span class='ocrx_word' id='word_1_244' title='bbox 710 2603 817 2644; x_wconf 88' lang='lat' dir='ltr'>nihil</span> <span class='ocrx_word' id='word_1_245' title='bbox 847 2601 1130 2651; x_wconf 73' lang='lat' dir='ltr'>concludant,</span> <span class='ocrx_word' id='word_1_246' title='bbox 1177 2602 1380 2657; x_wconf 90' lang='lat' dir='ltr'>quoniam</span> <span class='ocrx_word' id='word_1_247' title='bbox 1414 2617 1498 2644; x_wconf 93' lang='lat' dir='ltr'>non</span> 
     </span>
     <span class='ocr_line' id='line_1_33' title="bbox 49 2674 1498 2732; baseline -0.001 -14"><span class='ocrx_word' id='word_1_248' title='bbox 49 2686 283 2720; x_wconf 82' lang='lat' dir='ltr'>sumuntur</span> <span class='ocrx_word' id='word_1_249' title='bbox 302 2677 539 2720; x_wconf 88' lang='lat' dir='ltr'>secundum</span> <span class='ocrx_word' id='word_1_250' title='bbox 563 2684 713 2724; x_wconf 88' lang='lat' dir='ltr'>artem,</span> <span class='ocrx_word' id='word_1_251' title='bbox 746 2675 1113 2732; x_wconf 87' lang='lat' dir='ltr'>quemadmodum</span> <span class='ocrx_word' id='word_1_252' title='bbox 1136 2675 1171 2715; x_wconf 90' lang='lat' dir='ltr'>si</span> <span class='ocrx_word' id='word_1_253' title='bbox 1197 2675 1296 2730; x_wconf 90' lang='lat' dir='ltr'>quis</span> <span class='ocrx_word' id='word_1_254' title='bbox 1321 2674 1498 2724; x_wconf 89' lang='lat' dir='ltr'>diceret,</span> 
     </span>
     <span class='ocr_line' id='line_1_34' title="bbox 51 2747 1497 2803; baseline -0.001 -12"><span class='ocrx_word' id='word_1_255' title='bbox 51 2750 173 2792; x_wconf 85' lang='lat' dir='ltr'>Laici</span> <span class='ocrx_word' id='word_1_256' title='bbox 195 2758 373 2793; x_wconf 89' lang='lat' dir='ltr'>sumunt</span> <span class='ocrx_word' id='word_1_257' title='bbox 395 2751 733 2798; x_wconf 80' lang='lat' dir='ltr'>Eucharistiam,</span> <span class='ocrx_word' id='word_1_258' title='bbox 758 2749 1034 2790; x_wconf 79' lang='lat' dir='ltr'>Eucharistia</span> <span class='ocrx_word' id='word_1_259' title='bbox 1054 2754 1118 2788; x_wconf 88' lang='lat' dir='ltr'>est</span> <span class='ocrx_word' id='word_1_260' title='bbox 1139 2747 1192 2788; x_wconf 90' lang='lat' dir='ltr'>de</span> <span class='ocrx_word' id='word_1_261' title='bbox 1210 2752 1312 2803; x_wconf 84' lang='lat' dir='ltr'>jure</span> <span class='ocrx_word' id='word_1_262' title='bbox 1333 2748 1497 2799; x_wconf 90' lang='lat' dir='ltr'>divino,</span> 
     </span>
    </p>
   </div>
   <div class='ocr_carea' id='block_1_3' title="bbox 181 2833 1358 2869">
    <p class='ocr_par' dir='ltr' id='par_1_6' title="bbox 181 2833 1358 2869">
     <span class='ocr_line' id='line_1_35' title="bbox 181 2833 1358 2869; baseline -0.003 -1"><span class='ocrx_word' id='word_1_263' title='bbox 181 2836 186 2852; x_wconf 91' lang='lat'>¹</span> <span class='ocrx_word' id='word_1_264' title='bbox 212 2840 237 2868; x_wconf 69' lang='lat' dir='ltr'>lt</span> <span class='ocrx_word' id='word_1_265' title='bbox 254 2839 278 2868; x_wconf 81' lang='lat' dir='ltr'>is</span> <span class='ocrx_word' id='word_1_266' title='bbox 295 2838 415 2869; x_wconf 72' lang='lat' dir='ltr'>written</span> <span class='ocrx_word' id='word_1_267' title='bbox 430 2838 526 2868; x_wconf 81' lang='lat' dir='ltr'>either</span> <span class='ocrx_word' id='word_1_268' title='bbox 543 2838 718 2868; x_wconf 74' lang='lat' dir='ltr'>Nemesien.</span> <span class='ocrx_word' id='word_1_269' title='bbox 736 2848 768 2867; x_wconf 85' lang='lat' dir='ltr'>or</span> <span class='ocrx_word' id='word_1_270' title='bbox 784 2835 960 2867; x_wconf 78' lang='lat' dir='ltr'>Hemosien.</span> <span class='ocrx_word' id='word_1_271' title='bbox 1007 2833 1084 2869; x_wconf 72' lang='lat' dir='ltr'>Qu?</span> <span class='ocrx_word' id='word_1_272' title='bbox 1119 2833 1358 2864; x_wconf 73' lang='lat' dir='ltr'>Aemoniensis?</span> 
     </span>
    </p>
   </div>
   <div class='ocr_carea' id='block_1_4' title="bbox 1190 2893 1270 2931">
    <p class='ocr_par' dir='ltr' id='par_1_7' title="bbox 1190 2893 1270 2931">
     <span class='ocr_line' id='line_1_36' title="bbox 1190 2893 1270 2931; baseline 0.013 -1"><span class='ocrx_word' id='word_1_273' title='bbox 1190 2893 1270 2931; x_wconf 76' lang='lat'>22</span> 
     </span>
    </p>
   </div>
  </div>
 </body>
</html>
