1905 3254
692 331 802 362 suss.
832 331 870 361 v.
1450 313 1528 353 149

62 446 205 481 torum
248 438 498 481 schedulam
536 444 808 494 extorquent,
853 437 1050 493 ipsorum
1095 442 1239 477 tamen
1283 450 1417 477 manu
1455 438 1525 489 (ut

64 515 191 569 puto)
218 514 393 554 minime
416 513 719 569 subscriptam.

123 586 210 627 His
231 587 369 642 igitur
392 586 584 627 articulis
605 586 779 627 interim
797 585 975 633 omissis,
992 591 1183 640 quatuor
1201 585 1307 626 alios
1326 584 1526 627 Canones

65 660 118 701 de
141 659 423 701 Eucharistia
445 659 599 700 Patres
631 659 675 699 in
698 659 1038 715 congregatione
1061 659 1114 700 de
1137 675 1254 701 more
1278 660 1525 701 examinan-

65 733 154 781 dos,
181 740 315 789 atque
337 732 585 789 expendere
609 739 708 773 sunt
731 733 942 789 aggressi,
967 732 1009 772 in
1033 733 1209 786 quibuS,
1234 749 1331 774 cum
1355 733 1529 775 diversa

64 807 246 847 fuissent
272 822 297 847 a
317 806 470 847 multis
493 807 641 847 verbis
675 807 920 854 observata,
960 813 1092 862 atque
1126 806 1179 847 de
1211 808 1352 862 primo
1386 815 1430 848 et
1463 824 1526 849 se-

65 880 204 920 cundo
228 880 405 922 Canone
427 895 512 921 non
537 879 664 921 valde
686 879 1014 937 discrepassent,
1039 880 1092 922 de
1111 882 1238 922 tertio
1261 881 1420 923 deinde.
1442 897 1525 923 non

63 952 171 994 levis
209 953 294 994 fuit
327 954 440 994 inter
478 954 646 1009 aliquos
682 953 953 1010 disceptatio.
1019 953 1284 995 Granatensi
1320 970 1526 1011 superva-

65 1042 224 1067 caneus
247 1042 353 1076 esse,
378 1035 510 1084 atque
532 1027 585 1069 de
610 1028 790 1069 aliorum
821 1043 1000 1069 numero
1038 1028 1258 1069 tollendus
1281 1029 1526 1078 videbatur,

67 1099 185 1155 quod
202 1099 315 1140 idem
333 1100 448 1149 olim,
464 1100 640 1142 sedente
655 1101 777 1142 Julio
794 1101 882 1142 III.
898 1101 941 1141 in
958 1100 1106 1142 eodem
1125 1100 1334 1151 Concilio,
1351 1103 1528 1145 abunde

67 1174 220 1216 fuisset
235 1175 474 1218 definitum.
520 1176 801 1232 SeripandUS,
818 1181 944 1232 cujus
961 1175 1136 1216 consilio
1151 1191 1334 1217 canones
1352 1178 1529 1219 fuerunt

67 1248 260 1297 confecti,
295 1250 443 1290 statim
468 1250 609 1290 vereri
632 1250 807 1305 incepit,
842 1265 895 1290 ne
920 1251 1028 1291 forte
1054 1249 1342 1291 Granatensis
1364 1252 1526 1306 opinio,

65 1323 136 1363 cui
174 1323 301 1364 multi
336 1323 460 1364 facile
503 1324 871 1371 assentiebantur,
915 1323 1098 1364 aliorum
1137 1324 1443 1379 quoquomodo
1485 1327 1528 1366 in

67 1396 232 1437 animos
253 1396 441 1453 irrepat3
475 1412 611 1453 quare
634 1398 802 1453 copiosa
825 1397 1086 1453 eruditAque
1104 1399 1298 1439 oratione
1317 1399 1530 1441 Patribus

66 1470 265 1520 ostendit,
302 1471 432 1528 longe
468 1471 688 1513 diversum
711 1470 778 1512 hic
802 1471 963 1527 dogma
986 1472 1042 1512 ab
1066 1472 1314 1527 antiquiore
1338 1473 1409 1513 illo
1431 1490 1528 1514 con-

67 1543 221 1594 tineri3
280 1545 454 1593 etenim,
495 1561 592 1586 cum
637 1545 770 1586 variae
811 1545 921 1586 circa
966 1544 1295 1586 Eucharistiam
1343 1545 1530 1588 ha=1·cs‹·s

65 1616 230 1658 fuerint
251 1625 427 1666 exortae,
452 1619 558 1659 aiias
571 1617 750 1674 quidem
766 1618 876 1658 circa
892 1633 971 1666 1¹08,
990 1625 1033 1658 et
1055 1619 1220 1673 speeies
1241 1619 1358 1674 ipsas
1381 1620 1529 1661 Sacra-

68 1690 217 1737 menti,
253 1690 359 1730 alias
392 1706 495 1731 vero
518 1691 628 1731 circa
661 1690 776 1730 illius
811 1705 939 1731 usum
963 1706 1009 1731 ac
1034 1691 1325 1732 ministerium
1350 1695 1528 1743 versari,

69 1761 195 1804 dixit.
258 1764 323 1804 Ac
346 1763 400 1804 de
423 1779 468 1804 re
491 1763 668 1819 quidem
692 1764 799 1818 ipsa,
836 1778 936 1818 quae
966 1763 1009 1803 in
1040 1764 1319 1806 Sam-amento
1341 1769 1528 1808 contine-

69 1841 153 1882 tur,
177 1835 313 1876 veluti
336 1851 488 1876 verum
508 1838 512 1855 ¹
538 1835 599 1875 ibi
623 1835 798 1890 Corpus
821 1834 986 1876 Christi
1015 1837 1177 1887 inesse3
1210 1838 1500 1882 substantiam
1516 1843 1530 1862 ²

70 1908 195 1963 panis
226 1915 272 1949 et
304 1908 393 1948 vini
426 1909 470 1948 in
503 1909 817 1949 sanctissimam
853 1910 948 1964 ejus
983 1924 1154 1951 carnem
1194 1918 1237 1952 et
1270 1913 1527 1968 sanguinem

68 1982 285 2031 converti,
319 1981 593 2023 divinitatem
617 1983 677 2023 ibi
700 1983 910 2039 singulari
933 1982 1122 2038 quadam
1146 1985 1312 2027 ratione
1332 1989 1529 2043 conjunc-

70 2061 158 2095 tam
181 2070 297 2104 csse;
332 2062 376 2096 ct
411 2056 496 2095 alia
531 2054 794 2111 hujusmodi,
819 2072 841 2096 a
865 2056 1164 2111 superioribus
1187 2058 1363 2113 quidem
1388 2062 1529 2102 Patri-

70 2127 154 2168 bus
177 2134 376 2176 tractata,
412 2135 545 2184 atque
577 2128 763 2169 haereses
800 2129 1008 2170 adversus
1029 2146 1080 2170 ea
1102 2131 1526 2192 confutatas-fuiss&

70 2208 274 2242 caetorum
299 2217 398 2257 quae
421 2202 476 2242 ad
498 2217 624 2243 usum
648 2207 745 2257 ejus
768 2203 991 2258 pertinent
1010 2206 1141 2257 (eum,
1159 2212 1202 2246 et
1223 2205 1291 2247 hic
1315 2208 1371 2248 ab
1393 2208 1530 2249 harre-

71 2274 166 2315 ticis
186 2275 327 2316 multa
348 2276 629 2331 objiciantur)
647 2291 698 2316 ea
719 2275 913 2316 nondum
938 2291 962 2317 a
979 2277 1152 2332 Synodo
1173 2277 1304 2322 fuisse
1326 2282 1529 2336 explosa3

70 2347 156 2388 imo
177 2355 346 2390 tantam
373 2349 482 2390 hanc
516 2355 700 2404 partem,
735 2356 838 2390 tunc
873 2350 1066 2392 consulto
1096 2354 1446 2407 praetermissam,
1479 2362 1530 2396 ut

71 2422 305 2475 separatim
342 2422 608 2463 commodius
642 2429 861 2479 ageretur.
936 2423 1053 2464 Nam
1085 2439 1182 2465 cum
1220 2425 1343 2467 aliud
1374 2428 1428 2468 sit
1462 2443 1530 2470 res

69 2493 180 2550 ipsa,
220 2495 341 2536 aliud
372 2511 479 2536 usus
514 2499 623 2551 ejus,
661 2497 789 2537 sicuti
821 2496 943 2537 aliud
978 2503 1080 2538 sunt
1112 2499 1257 2554 epulae
1280 2500 1324 2540 in
1345 2501 1530 2555 prandio

70 2569 300 2623 appositae,
335 2568 458 2609 aliud
489 2584 585 2610 cum
619 2570 717 2625 quis
737 2571 789 2611 iis
812 2570 1014 2619 vescitur,
1038 2570 1097 2611 sic
1119 2572 1392 2627 propositum
1414 2589 1529 2617 nunc

70 2639 195 2680 nobis
216 2655 307 2682 esse
330 2656 517 2683 errorem
539 2657 704 2691 eorum,
723 2644 802 2700 qui
824 2658 909 2684 non
933 2644 1203 2693 conficiendo,
1222 2645 1297 2686 sed
1317 2647 1361 2687 in
1383 2648 1531 2690 minis-

71 2711 224 2753 trando
260 2715 527 2756 sanctissimo
563 2715 642 2757 hoc
681 2717 959 2758 San-ramento
996 2717 1277 2760 invaluerunt
1317 2720 1528 2763 refellere.

76 2784 193 2828 Inter
234 2803 343 2843 quos
376 2789 497 2831 illum
534 2790 721 2832 Lutheri
757 2791 1032 2847 praecipuum
1070 2807 1161 2832 esse
1195 2793 1384 2842 aiebant,
1421 2795 1529 2837 affir-

332 2878 336 2894 ¹
369 2879 508 2918 Merum,
529 2880 599 2910 MS.
953 2880 966 2897 ²
991 2880 1183 2919 Substantia,
1203 2881 1272 2913 MS.
