1905 3254
654 284 765 314 sess.
791 284 867 314 vn.
1407 266 1485 306 4:31

29 399 306 449 sequuturos.
370 390 544 433 Vellem
586 391 733 439 etiam,
768 397 818 431 ut
857 395 1009 446 aperte
1042 388 1302 437 declaretur,
1342 387 1495 428 Cardi-

28 467 149 509 nales
188 466 349 507 debere
389 466 435 506 in
468 465 678 506 Ecclesiis
711 479 983 521 permanere,
1016 464 1143 505 sicuti
1176 463 1369 518 reliquos
1389 461 1497 517 Epi-

29 556 187 598 scopos,
230 540 424 595 alioquin
464 546 697 581 teneantur
730 538 1077 594 Episcopatibus
1111 538 1381 578 renunciare.
1445 535 1497 576 In

29 614 209 670 reliquis
230 613 451 655 decretum
475 611 757 653 vehementer
778 612 927 667 probo.

87 686 371 728 Ebroicensis
387 692 579 741 optasset
602 685 714 726 clarc
732 684 932 740 exprimi,
949 682 1248 724 Residentiam
1271 695 1363 722 esse
1385 696 1496 736 prae-

31 766 202 816 ceptam
243 759 356 800 Jure
397 758 557 799 divino.
620 756 899 813 Improbavit
934 755 1159 797 decretum
1200 755 1244 795 in
1278 769 1341 802 eo,
1379 753 1497 809 quod

31 847 113 875 non
137 831 329 883 concedit
362 831 433 873 vel
465 846 602 872 unum
634 830 749 872 diem
784 829 995 871 absentiae
1030 829 1195 884 absque
1224 827 1422 876 licentia,
1456 832 1500 867 ct

31 904 161 962 quod,
190 904 270 945 ubi
302 904 451 961 agitur
471 903 524 945 dc
547 903 710 945 vocatis
732 918 757 944 a
779 904 870 951 ΞΜ,
893 902 1204 958 praescribatur
1232 901 1366 942 breve
1392 907 1500 941 tcm-

32 993 129 1035 pus,
152 984 195 1019 et
224 977 353 1026 illud,
384 977 619 1018 dummodo
648 977 913 1018 vocationem
934 990 1020 1016 non
1042 974 1367 1030 procuraverit3
1400 987 1500 1013 nam

33 1053 204 1096 videtur
240 1059 391 1094 notare
424 1053 693 1101 Pontificem,
718 1053 795 1107 qui
818 1051 1018 1107 patiatur
1050 1050 1133 1091 sibi
1154 1049 1281 1090 illudi
1301 1049 1344 1089 in
1365 1049 1503 1089 rebus

33 1127 165 1169 seriis.
231 1126 392 1167 Causae
415 1127 719 1182 exprimantur
741 1132 816 1166 aut
840 1125 883 1165 in
906 1139 1079 1180 genere,
1098 1130 1176 1164 aut
1188 1124 1322 1179 juxta
1344 1128 1497 1163 votum

40 1199 291 1242 Cardinalis
311 1198 604 1256 Lotharingii.

89 1271 646 1319 Clodiensis-Placuisset,
671 1271 884 1319 Pastorcs,
908 1285 991 1311 non
1013 1268 1207 1325 praemiis
1227 1283 1304 1309 nec
1343 1267 1501 1323 poenis,

34 1346 109 1388 sed
131 1346 424 1388 declaratione
445 1345 638 1386 muneris
660 1345 727 1385 sui
751 1345 901 1400 urgeri
924 1343 979 1383 ad
1000 1342 1318 1383 Residcntiam.
1371 1340 1503 1383 Unde

35 1417 283 1459 addendum
318 1425 446 1466 esset,
482 1433 593 1459 onus
629 1417 859 1472 personale
882 1431 989 1463 0330,
1024 1423 1074 1456 ut
1110 1416 1243 1456 ctiam
1278 1414 1370 1455 vita
1405 1428 1503 1469 pro-

35 1491 258 1534 fundenda
299 1492 366 1539 sit,
401 1492 437 1532 si
472 1490 690 1546 expediat,
727 1505 806 1545 pro
840 1490 989 1545 gregis
1020 1488 1163 1529 salute
1197 1488 1272 1529 Sco.
1335 1486 1506 1528 Deinde

36 1565 178 1606 multa
198 1564 252 1606 dc
274 1565 475 1613 utilitate,
499 1564 626 1612 dixit,
648 1563 912 1609 residentiae,
948 1562 1089 1602 multa
1123 1562 1253 1602 ctiam
1287 1576 1386 1615 quac
1409 1575 1505 1601 con-

39 1637 233 1681 cedenda
254 1645 396 1679 essent
418 1636 663 1692 Episcopis.
725 1635 954 1676 Rationem
977 1634 1182 1689 prooemii
1209 1633 1506 1689 reprehendit,

39 1713 144 1769 quia
164 1712 404 1753 communis
427 1717 540 1752 essct
578 1717 622 1750 et
655 1709 829 1750 famulis
862 1714 906 1749 et
938 1707 1106 1756 villicis,
1132 1707 1209 1761 qui
1237 1706 1389 1747 codem
1405 1707 1507 1762 jurc

0 1777 2 1780 ’
41 1801 198 1827 munus
219 1800 347 1826 suum
384 1791 595 1840 praestare
629 1789 865 1832 tenentur,
907 1780 1091 1836 ideoque
1131 1779 1362 1820 dicendum
1399 1793 1506 1827 esse,

41 1859 158 1915 quod
179 1858 435 1900 mandatum
459 1864 524 1898 est
556 1872 581 1898 a
616 1856 822 1903 Domino,
857 1861 908 1895 ut
939 1860 1158 1909 pascatur,
1198 1860 1243 1893 et
1276 1852 1395 1908 quod
1429 1852 1509 1894 hoc

42 1946 125 1973 non
166 1938 312 1989 potest
353 1931 446 1972 fieri
477 1931 645 1986 absque
681 1928 937 1977 residentia,
970 1934 1014 1968 ct
1052 1927 1147 1983 ipsc
1183 1926 1339 1967 retulit
1372 1926 1509 1968 verba

48 2005 224 2047 alterius
246 2004 450 2061 prooemii
472 2004 528 2045 ab
551 2019 601 2045 00
624 2003 872 2058 composita.

103 2077 703 2127 Castellanatensis—Quod
738 2077 888 2130 inique
928 2080 1257 2130 conqueruntur
1299 2072 1426 2113 multi
1455 2071 1509 2113 dc

47 2151 184 2193 Curia
210 2151 423 2199 Romana,
457 2165 554 2191 cum
576 2150 660 2190 sint
683 2149 770 2190 alia
792 2148 997 2204 graviora
1029 2147 1194 2195 mult03
1237 2152 1280 2186 ct
1300 2145 1508 2200 prospici-

46 2225 202 2267 endum
225 2239 316 2266 csse
338 2223 632 2271 incommodis,
654 2222 917 2278 injuriisque
941 2221 1277 2276 Episcoporum.

103 2297 694 2353 Justin01iolitanus—Non
735 2296 881 2336 omnia
923 2309 1022 2350 quac
1062 2293 1265 2333 Christus
1299 2292 1511 2347 praecepit

49 2371 275 2428 Apostolis
296 2370 358 2411 ita
378 2369 664 2425 intelligenda
696 2384 801 2417 esse,
845 2374 895 2409 ut
926 2382 1009 2407 non
1043 2372 1227 2422 possunt
1263 2379 1343 2420 per
1377 2364 1510 2406 alium

50 2444 251 2492 exerceri,
296 2443 437 2491 sicuti,
475 2443 715 2498 baptizare,
761 2441 1012 2498 praedicare,
1066 2439 1232 2485 docere,
1286 2437 1510 2485 consolari,

50 2518 365 2573 eleemosynam
402 2516 519 2563 darc,
562 2523 605 2557 ct
642 2516 823 2556 similia:
868 2514 1042 2554 unicum
1085 2519 1231 2553 tamen
1272 2510 1511 2551 remedium

52 2605 154 2639 esse,
198 2597 248 2632 ut
272 2589 554 2638 resideamus,
592 2590 692 2637 vi2.,
726 2588 845 2645 quod
869 2585 1182 2631 Sanctissimus‚
1221 2584 1297 2638 qui
1337 2590 1514 2624 tenetur

53 2664 162 2706 Jure
184 2664 345 2711 divino,
369 2679 424 2704 ex
463 2663 515 2704 iis
547 2663 703 2711 verbis,
734 2662 867 2703 Pasce
900 2675 1017 2707 oves,
1047 2658 1282 2713 compellat
1320 2658 1427 2698 alios
1460 2657 1514 2698 ad

55 2736 364 2785 Residentiam,
389 2744 433 2778 ct
454 2737 533 2777 hoc
554 2743 752 2791 oportere
776 2734 974 2790 redigere
998 2733 1038 2773 in
1061 2731 1311 2772 memoriam
1352 2731 1514 2771 Sancti-

57 2811 135 2852 tati
175 2827 278 2857 sum,
312 2818 362 2852 ut
403 2812 522 2857 sciat,
571 2825 615 2851 se
656 2809 711 2850 ad
755 2808 798 2849 id
843 2809 953 2849 Jure
986 2806 1130 2846 divine
1172 2805 1328 2860 urgeri.
1394 2804 1516 2845 Inter
