1905 3254
387 271 466 310 142
1010 284 1121 314 51155.
1148 285 1187 314 v.

753 607 890 645 ACTA
920 607 1147 652 QUINTAE
1180 607 1466 645 SESSIONIS.

385 709 566 750 LEGATI
598 713 699 763 post
729 706 837 755 haec,
871 713 920 747 ut
951 706 1093 747 cuncti
1114 705 1269 747 Patres
1290 705 1553 761 intelligant,
1579 719 1665 745 non
1696 705 1840 755 otiose,

386 781 505 837 quod
548 780 724 836 quidam
767 780 1046 827 verebantur,
1089 778 1197 819 hanc
1239 779 1446 835 temporis
1494 777 1841 834 prorogationem

385 854 717 902 traducendam,
744 853 906 909 jubent
937 867 961 893 a
985 852 1226 893 Secretario
1243 867 1294 892 ea
1309 851 1398 892 illis
1420 851 1503 898 edi,
1529 866 1629 906 quae
1656 865 1681 891 a
1702 849 1843 891 Theo-

385 928 497 983 logis
539 928 779 968 minoribus
821 933 962 967 essent
995 941 1128 981 quam
1162 926 1355 981 primum
1395 925 1659 966 disserenda.
1737 924 1841 965 Inde

387 1000 685 1056 Congregatio
722 998 939 1055 generalis
979 997 1200 1045 indicitur,
1236 999 1281 1038 in
1315 1013 1403 1054 qua
1438 997 1705 1039 secretarius
1736 997 1844 1054 legit

386 1082 543 1116 cuncta
569 1073 662 1129 [sie]
689 1074 837 1114 verba.

444 1148 635 1189 Materia
668 1161 766 1203 quae
799 1146 924 1187 nobis
956 1152 1058 1201 post
1090 1144 1348 1200 diligentem
1370 1160 1516 1186 rerum
1539 1145 1731 1186 omnium
1754 1159 1844 1185 con-

385 1221 691 1263 siderationem
733 1218 1043 1276 pertractanda
1082 1218 1270 1267 videtur,
1315 1226 1358 1260 et
1399 1219 1443 1259 in
1480 1219 1623 1275 prima
1663 1219 1845 1260 sessione

385 1294 669 1343 decernenda,
708 1292 1015 1349 complectitur
1048 1292 1318 1332 Sacramenti
1343 1291 1639 1333 Eucharistiae
1661 1291 1842 1348 sumpti-

386 1383 523 1414 onem,
549 1373 761 1422 quautum
796 1365 950 1406 attinet
992 1364 1047 1405 ad
1084 1379 1230 1412 unam,
1256 1365 1326 1405 vel
1364 1365 1473 1405 duas
1504 1365 1682 1420 species,
1715 1371 1845 1420 atque

386 1441 518 1482 ctiam
542 1439 883 1480 communionem
906 1437 1206 1493 parvulorum,
1226 1437 1342 1492 quod
1364 1437 1541 1493 quidem
1563 1437 1715 1477 multis
1738 1436 1845 1492 opti-

386 1515 467 1555 mis
485 1513 726 1555 rationibus
745 1511 1109 1552 deliberavimus:
1143 1510 1196 1551 de
1219 1526 1307 1566 qua
1329 1510 1506 1567 quidem
1524 1511 1719 1559 materia,
1751 1517 1847 1567 post

387 1588 559 1629 auditos
600 1587 863 1642 Theologos,
913 1586 1068 1626 Patres
1120 1600 1221 1625 suas
1274 1585 1553 1640 rogabuntur
1601 1585 1846 1626 sententias.

388 1661 698 1716 Cogitavimus
720 1658 893 1706 deinde,
928 1657 1051 1698 nulla
1078 1660 1196 1698 mora
1218 1659 1485 1714 interposita,
1510 1666 1697 1700 tractare
1719 1660 1845 1701 etiam

387 1733 440 1774 de
473 1734 623 1774 Missae
658 1731 887 1779 Sacrificio,
927 1738 971 1772 ct
1008 1731 1115 1779 aliis,
1154 1738 1289 1787 prout
1320 1739 1494 1788 tempus
1536 1740 1581 1774 et
1623 1733 1846 1774 necessitas
1896 1738 1898 1786 3

388 1807 692 1863 postulabunt,
725 1821 811 1847 non
831 1805 1100 1861 „omittentes
1136 1821 1233 1846 cum
1270 1821 1545 1862 quocumque
1579 1814 1768 1849 tractatu
1794 1806 1844 1849 de

388 1880 473 1921 fide
507 1879 675 1935 aliquid
712 1880 976 1935 conjungere
1013 1878 1131 1934 quod
1164 1878 1219 1919 ad
1251 1879 1598 1921 reformationem
1621 1880 1846 1936 pertineat,
1894 1891 1897 1898 '

391 1953 760 2010 quemadmodum
782 1954 826 1994 in
847 1967 966 1994 more
997 1952 1215 1993 laudabili
1247 1953 1437 2008 positum
1461 1960 1538 2001 est,
1574 1961 1617 1996 et
1646 1954 1845 1997 hactenus
1893 1948 1897 1971 ²

387 2028 678 2069 observatum.

463 2118 669 2165 Articuli
695 2118 752 2164 de
778 2126 981 2180 utraque
1006 2115 1192 2180 Specie,
1219 2125 1266 2164 et
1290 2118 1630 2165 communione
1656 2118 1768 2165 Par-

996 2199 1235 2246 vulorum.

471 2299 506 2339 I.
544 2299 617 2338 An
640 2312 693 2338 cx
715 2296 803 2337 Dei
825 2303 1046 2352 praecepto
1068 2296 1123 2338 ad
1141 2297 1330 2338 salutem
1352 2298 1594 2339 necessario
1621 2312 1779 2346 omnes,
1802 2303 1843 2338 et
1887 2321 1891 2339 i

562 2370 738 2427 singuli,
773 2369 939 2410 Christi
971 2369 1121 2411 fideles
1154 2377 1393 2426 utramque
1418 2371 1608 2426 speciem
1633 2372 1844 2427 suscipere
1886 2393 1890 2427 ς

563 2450 796 2486 teneantur
819 2443 890 2485 Smi
909 2443 1203 2484 Eucharistiae
1228 2444 1509 2485 Sacramenti.

451 2519 514 2559 II.
549 2518 622 2558 An
655 2517 880 2565 Rationes,
915 2516 1077 2572 quibus
1112 2517 1270 2558 Sancta
1294 2516 1522 2557 catholica
1553 2516 1751 2558 Ecclesia
1777 2515 1842 2558 ad-

562 2591 697 2632 ducta
713 2591 810 2639 fuit,
836 2597 886 2632 ut
910 2591 1249 2631 communicaret
1270 2590 1440 2638 Laicos,
1463 2598 1597 2646 atque
1611 2591 1741 2632 etiam
1762 2604 1840 2631 non

1888 2275 1891 2313 ἑ

1886 2346 1890 2389 Ι

1885 2432 1889 2475 i

1884 2500 1888 2546 l

1884 2570 1887 2585 fl

1882 2591 1887 2617 i

563 2663 831 2705 celebrantes
850 2662 1120 2711 Sacerdotes,
1140 2662 1222 2703 sub
1243 2677 1329 2703 una
1351 2669 1524 2704 tantum
1542 2663 1674 2704 Panis
1694 2661 1840 2718 specie,
1882 2703 1885 2709 ,

561 2737 625 2776 ita
641 2734 997 2791 sintssretinendae,
1012 2742 1062 2776 ut
1083 2735 1207 2776 nulla
1223 2736 1390 2777 ratione
1408 2735 1549 2777 calicis
1566 2751 1670 2777 usus
1691 2734 1840 2789 cuique

565 2810 620 2850 sit
643 2808 974 2865 permittendus.

1882 2718 1885 2745 Ι

1881 2751 1884 2772 ι
