1905 3254
386 278 440 317 58
1030 292 1138 321 sess.
1162 292 1206 321 11.

536 430 793 476 Decretum
819 446 846 474 a
870 437 1076 492 quatuor
1102 428 1355 491 Deputatis
1379 427 1711 490 compositum.

448 544 562 584 Cum
587 550 855 584 sacrosancta
878 542 1069 599 synodus
1098 542 1142 583 in
1164 557 1295 582 unam
1320 540 1444 581 illam
1473 540 1779 596 cogitationem
1804 546 1847 580 ct

1887 266 1890 273 ⁴
1888 212 1890 218 ⁷
1885 186 1890 192 .
1886 148 1890 176 κ,-
1883 0 1890 139 „n-...a-a

388 631 537 657 curam
556 616 792 662 incumbat,
808 630 889 656 non
909 616 1013 656 satis
1027 614 1204 670 quidem
1223 614 1368 655 verbis
1382 613 1552 660 confisa,
1568 612 1645 653 scd
1666 613 1847 652 Domini
1889 621 1893 667 f

389 691 526 731 nostri
567 690 676 730 Jesu
715 689 893 737 Christi,
933 704 958 729 a
998 703 1084 743 quo
1118 688 1254 728 omnis
1288 686 1544 727 sufficientia
1575 692 1653 735 cst,
1687 701 1769 741 ope
1803 694 1847 726 et

391 763 553 803 auxilio
576 762 698 809 freta,
723 768 773 801 ut
796 776 911 802 verae
935 767 978 801 et
1008 759 1246 801 Catholicae
1278 759 1379 800 fidei
1400 758 1655 805 doctrinam,
1688 757 1845 798 multo-

389 850 487 875 rum
511 836 624 875 inter
648 850 692 875 sc
714 834 1016 874 dissidentium
1041 833 1320 888 opinionibus
1344 832 1508 872 alicubi
1525 831 1846 871 labefactatam.

388 909 431 948 in
448 923 570 948 suam
590 908 831 963 puritatem
851 906 1085 961 aliquando
1101 906 1319 953 restituat,
1340 920 1387 945 ac
1401 920 1553 952 moreS,
1579 904 1655 960 qui
1673 919 1696 944 a
1711 904 1848 944 veteri

391 981 590 1021 instituto
622 980 904 1020 defluxerunt
935 979 990 1019 ad
1018 979 1240 1019 meliorem
1276 979 1380 1019 vitae
1413 979 1623 1019 rationem
1660 983 1845 1024 revocet,

390 1053 606 1108 cordaque
634 1053 821 1093 filiorum
850 1052 893 1091 in
930 1052 1083 1092 Patres
1108 1057 1357 1100 convertat3
1397 1065 1583 1106 cumque
1620 1057 1849 1106 cognoscat

388 1130 468 1171 hoc
493 1136 687 1184 tempore
709 1128 924 1168 malorum
946 1127 1161 1167 librorum
1185 1141 1415 1167 numerum
1438 1126 1566 1166 nimis
1590 1126 1846 1173 excrevisse,

389 1209 432 1243 et
455 1201 625 1242 nullum
652 1200 839 1241 faciendi
869 1199 1120 1256 hujusmodi
1154 1199 1288 1239 libros
1311 1213 1402 1239 csse
1434 1199 1577 1247 finem,
1600 1205 1849 1254 propterea-

391 1289 477 1329 que
516 1274 677 1313 multas
710 1287 913 1313 censuras
949 1272 992 1312 in
1026 1271 1158 1312 variis
1191 1271 1307 1318 locis,
1346 1276 1479 1325 atque
1512 1269 1768 1317 Provinciis,
1807 1275 1850 1310 et

390 1347 635 1402 praesertim
670 1346 715 1386 in
743 1346 857 1386 alma
886 1345 995 1385 urbe
1028 1344 1179 1384 Romae
1215 1343 1353 1383 editas
1389 1344 1522 1384 fuisse
1556 1358 1580 1383 a
1614 1342 1850 1384 Catholicis

392 1420 509 1466 viris,
534 1425 595 1466 ut,
621 1418 747 1473 quasi
768 1418 922 1458 nociva
947 1417 1124 1461 zizania,
1149 1416 1192 1455 in
1216 1415 1439 1455 fasciculos
1461 1414 1641 1455 collecta
1663 1430 1687 1455 a
1709 1415 1850 1455 tritico

389 1493 552 1533 divinae
576 1493 787 1541 lectionis,
817 1499 859 1533 et
892 1508 917 1532 a
941 1493 1196 1532 Sanctorum
1220 1497 1263 1530 et
1298 1490 1622 1530 Catholicorum
1657 1491 1849 1531 virorum

390 1566 597 1614 doctrina,
623 1573 954 1620 separarentur3
984 1580 1059 1605 nec
1083 1563 1223 1604 adhuc
1247 1571 1392 1604 tamen
1410 1579 1521 1619 opus
1542 1564 1674 1604 fuisse
1688 1565 1850 1619 perfec-

391 1647 499 1688 tum,
523 1655 600 1680 nec
633 1646 932 1694 opportunum
952 1637 1201 1678 adhibitum
1234 1636 1475 1677 remedium
1508 1638 1849 1689 animadvertat3

390 1713 547 1753 idcirco
570 1712 724 1752 statuit
744 1718 877 1766 atque
899 1710 1104 1757 decernit,
1129 1716 1179 1750 ut
1202 1725 1227 1750 a
1249 1709 1425 1750 delectis
1448 1711 1551 1751 viris
1572 1711 1674 1751 libri
1692 1718 1735 1752 et
1757 1727 1850 1752 cen-

391 1801 505 1826 surae
544 1784 765 1840 praedictae
796 1784 1032 1839 diligenter
1064 1784 1380 1832 examinentur,
1420 1785 1496 1839 qui
1530 1800 1608 1825 suo
1641 1792 1849 1841 tempore,

394 1859 500 1915 quid
522 1859 795 1900 elaboratum
819 1858 954 1899 fuerit
976 1858 1031 1899 ad
1050 1865 1243 1899 sanctam
1267 1858 1477 1913 synodum
1501 1859 1702 1907 referant,
1726 1866 1776 1900 ut
1798 1859 1851 1900 de

392 1932 542 1972 relatis
565 1931 833 1971 commodius
866 1930 1111 1972 deliberare
1141 1936 1273 1985 atquc
1299 1937 1491 1972 statuere
1525 1932 1674 1986 possit.
1739 1932 1851 1982 Quae

393 2005 537 2046 onmia
573 2012 616 2046 et
653 2004 828 2060 singula
864 2004 920 2045 ad
955 2004 1154 2044 notitiam
1192 2003 1386 2044 omnium
1421 2011 1464 2044 et
1495 2019 1853 2060 quorumcunque

392 2077 579 2119 deducta
601 2093 692 2119 esse
717 2078 869 2126 voluit,
893 2084 1025 2133 prout
1056 2077 1186 2117 etiam
1216 2077 1420 2131 praesenti
1455 2076 1627 2118 decreto
1660 2078 1850 2126 deducit,

393 2158 443 2192 ut
466 2151 501 2191 si
524 2151 621 2206 quis
645 2151 715 2191 vel
739 2166 789 2192 ea
811 2166 911 2207 quae
935 2150 988 2190 de
1010 2149 1089 2190 hoc
1112 2149 1324 2189 librorum
1350 2157 1392 2190 et
1417 2165 1696 2192 censurarum
1719 2166 1850 2207 nego-

394 2225 470 2272 tio,
495 2224 564 2265 vel
586 2223 639 2264 de
662 2224 760 2264 aliis
786 2225 830 2264 in
855 2222 1139 2264 OEcumenico
1173 2223 1349 2262 coneilio
1373 2223 1597 2264 tractanda
1628 2230 1761 2264 erunt
1795 2223 1849 2264 ad

392 2312 436 2338 se
460 2298 679 2352 pertinere
703 2297 851 2352 aliquo
873 2296 1000 2337 modo
1024 2295 1263 2350 putaverit,
1288 2309 1371 2335 non
1397 2295 1571 2337 dubitet
1594 2312 1638 2336 se
1654 2311 1678 2336 a
1693 2297 1851 2337 Sancta

395 2370 570 2426 Synodo
593 2370 784 2426 benigne
807 2369 1009 2410 auditum
1027 2369 1081 2409 iri
1095 2385 1105 2418 ;
1139 2375 1183 2409 ct
1205 2375 1255 2409 ut
1278 2369 1446 2409 facilius
1479 2384 1640 2416 omnes,
1665 2370 1741 2425 qui
1776 2385 1850 2410 no-

394 2445 559 2485 biscum
585 2444 832 2484 societatem
854 2459 939 2484 non
973 2443 1152 2490 habent,
1176 2442 1231 2483 ad
1262 2444 1477 2499 gremium
1511 2451 1670 2484 sanctae
1694 2444 1852 2485 Matris

393 2518 603 2558 Ecclesiae
638 2517 779 2558 redire
816 2517 994 2572 possint,
1030 2531 1109 2571 per
1153 2517 1318 2556 viscera
1350 2516 1530 2557 Domini
1566 2518 1703 2558 nostri
1736 2518 1846 2559 Jesu

396 2590 572 2637 Christi,
597 2605 744 2631 omnes
767 2591 845 2645 qui
870 2590 1120 2631 Christiano
1142 2590 1315 2630 nomine
1329 2596 1572 2637 censentur,
1586 2590 1850 2646 interpellat,

394 2663 554 2704 invitat
576 2670 619 2703 ct
641 2662 855 2710 hortatur,
879 2669 927 2703 ut
950 2677 1006 2710 se,
1031 2662 1171 2718 posita
1188 2662 1304 2702 omni
1327 2661 1516 2703 humana
1541 2662 1776 2709 affectione,
1796 2662 1850 2703 ad

395 2742 483 2775 tam
507 2735 625 2790 piam
657 2742 701 2776 ct
723 2734 961 2775 salutarem
997 2735 1188 2790 parentis
1217 2749 1366 2775 vocem
1403 2735 1647 2775 excitentur
1678 2741 1721 2776 et
1755 2749 1848 2775 con-

397 2813 621 2847 vertantur
638 2824 649 2856 3
683 2807 798 2847 omni
821 2807 932 2847 enim
959 2807 1146 2847 caritatis
1170 2822 1340 2861 genere,
1361 2808 1693 2855 benevolentiae,
1718 2814 1849 2862 atque
