1905 3254
349 263 402 302 50
992 277 1099 307 sess
1128 278 1171 307 11.

357 382 411 422 de
447 382 527 422 1001
558 381 800 437 prelatione
834 382 1117 422 controversis
1151 380 1407 436 provideat3
1440 379 1547 420 alias
1572 378 1652 419 hoc
1679 379 1810 420 etiam

357 454 513 494 1111000
542 469 652 494 anno
675 453 884 502 MDLII,
922 469 1020 494 cum
1056 453 1299 494 Concilium
1335 458 1555 508 ageretur,
1589 452 1704 492 inter
1734 450 1813 491 hos

361 527 570 567 Oratores
601 527 873 582 questionem
908 526 1019 567 hanc
1052 526 1286 567 excitatam
1320 524 1495 565 tandem
1531 523 1811 579 compositam

360 600 519 649 fuisse3
551 599 626 640 sed
647 600 892 640 cautionem
927 607 1031 640 tunc
1063 599 1355 655 excogitatam
1387 597 1467 638 hoc
1499 605 1697 653 tempore
1726 611 1813 637 non

361 687 450 713 csse
482 680 792 728 opportunam,
818 673 956 713 satius
993 673 1121 713 0111111ι
1154 672 1305 721 videri,
1343 678 1393 711 ut
1424 670 1634 711 Oratores
1665 684 1814 710 omnes

360 745 654 786 Ecclesiastici
685 761 709 786 a
742 746 907 786 dextris
944 745 1219 801 Legatorum
1256 744 1468 785 lateribus
1499 750 1616 784 recto
1644 743 1814 798 pariete

361 817 639 865 collocentur,
674 819 736 858 ita
758 825 809 858 ut
831 818 1066 874 Pragensis
1102 818 1222 873 prior
1251 832 1390 873 prope
1424 816 1618 872 Legatos
1649 815 1813 864 sedeat,

359 890 459 930 inde
469 891 953 946 Quinqueecclcsiensis,
965 897 1008 930 et
1023 890 1180 945 reliqui
1194 890 1341 931 ordine
1352 887 1647 929 Ecclesiastici
1659 902 1814 942 regum

359 969 566 1010 oratores,
581 963 615 1002 si
633 963 707 1018 qui
722 963 913 1010 venient,
930 962 1079 1003 ordine
1093 963 1382 1018 disponantur
1400 978 1410 1010 ;
1436 976 1460 1001 a
1478 961 1658 1001 sinistris
1671 960 1817 1000 Laicis

359 1036 478 1075 locus
505 1034 648 1075 detur.
714 1035 782 1074 Sic
805 1035 919 1075 enim
957 1034 1171 1075 distinctis
1204 1034 1520 1075 Ecclesiasticis
1553 1033 1762 1088 gradibus
1792 1047 1816 1073 a

358 1108 565 1148 laicorum
580 1107 741 1155 ordine,
752 1122 837 1147 non
851 1107 990 1147 solum
1006 1122 1227 1148 consessus
1238 1106 1370 1163 hujus
1384 1108 1657 1162 majestatem
1672 1106 1815 1161 splen-

359 1181 570 1221 didiorem
604 1180 817 1228 futuram,
849 1180 926 1220 sed
954 1188 998 1221 et
1027 1181 1356 1221 concertationis
1383 1180 1516 1237 hujus
1552 1180 1815 1221 occasionem

359 1255 641 1295 sublevatum
659 1254 725 1300 iri,
742 1268 841 1308 quae
860 1260 997 1294 totam
1014 1268 1126 1294 nunc
1142 1254 1365 1309 Synodum
1380 1261 1525 1309 posset
1539 1253 1814 1309 perturbare.

417 1327 564 1373 Porro,
581 1325 726 1381 quoad
743 1326 848 1365 alios
865 1332 989 1366 actus
1005 1326 1261 1381 pertinebit,
1281 1326 1421 1366 veluti
1444 1325 1588 1380 quoad
1605 1324 1817 1379 suffragia

358 1401 401 1440 in
419 1399 579 1455 synodo
593 1398 788 1447 dicenda,
800 1398 975 1454 publice
988 1399 1031 1438 in
1046 1399 1312 1439 solemnibus
1324 1398 1628 1446 incedendum,
1645 1398 1817 1452 aliaque

360 1473 530 1520 similia,
554 1472 659 1512 dum
695 1487 816 1512 sacra
847 1479 1053 1527 aguntur,
1095 1472 1382 1519 observanda,
1411 1487 1465 1512 ne
1500 1472 1638 1512 ullum
1674 1471 1717 1511 in
1750 1470 1817 1511 his

359 1560 534 1601 quoque
555 1546 671 1586 inter
695 1560 767 1585 eos
782 1545 1005 1585 dissidium
1027 1545 1174 1600 aliquo
1192 1552 1390 1600 tempore
1405 1545 1582 1591 oriatur,
1601 1544 1664 1584 ita
1681 1544 1816 1583 etiam

358 1634 470 1659 nunc
493 1619 628 1659 statui
645 1633 786 1673 posse,
803 1618 1019 1666 videlicet,
1036 1625 1085 1659 ut
1102 1618 1331 1659 sententiae
1355 1618 1410 1658 ab
1425 1616 1744 1657 Ecclesiasticis
1766 1630 1817 1656 eo

357 1691 447 1731 1000
462 1690 676 1738 dicantur,
692 1705 822 1745 quem
832 1692 933 1745 jure
947 1690 1176 1746 dignitatis
1189 1706 1279 1731 suae
1293 1691 1407 1730 inter
1421 1697 1598 1731 caeteros
1607 1689 1819 1730 Praelatos

358 1770 523 1810 tenent,
547 1762 762 1818 siquidem
773 1764 847 1818 jus
863 1762 1063 1818 suffragii
1084 1763 1145 1804 eis
1167 1777 1251 1804 non
1273 1762 1506 1819 legationis
1527 1777 1718 1809 munere,
1743 1761 1819 1803 sed

358 1837 535 1891 propria
559 1836 766 1890 competit
787 1836 1063 1877 authoritate.
1100 1836 1256 1887 Quoad
1278 1836 1563 1877 incedendum
1584 1836 1628 1875 in
1659 1835 1817 1875 solem-

356 1907 500 1955 nibus,
518 1907 580 1947 ita
593 1906 802 1947 Romanae
821 1907 970 1948 Curiae
993 1908 1256 1948 servandum
1280 1909 1428 1956 ritum,
1454 1915 1503 1948 ut
1526 1908 1696 1963 quoties
1712 1908 1816 1948 Pre-

357 1979 458 2019 latis
491 1979 744 2033 quotidiano
778 1980 940 2020 amictu
970 1995 1017 2020 ac
1056 1981 1220 2021 vestitu
1252 1988 1319 2021 est
1354 1980 1675 2036 prodeundum,
1711 1987 1816 2021 tunc

358 2051 481 2091 Laici
503 2058 692 2092 oratores
712 2059 809 2092 ante
833 2067 1002 2093 crucem
1025 2053 1212 2107 proximi
1227 2052 1540 2093 Cardinalibus
1564 2052 1814 2108 procedant,

359 2124 654 2164 Ecclesiastici
666 2124 920 2165 Cardinales
936 2125 1052 2180 ipsos
1066 2131 1165 2180 post
1182 2141 1353 2166 crucem
1377 2127 1718 2181 subsequantur.

417 2196 508 2237 Ubi
541 2212 645 2238 vero
681 2212 778 2238 cum
801 2198 1084 2239 Pluvialibus
1115 2205 1159 2239 et
1182 2198 1318 2239 Mitra
1341 2206 1404 2239 est
1429 2214 1453 2239 a
1485 2200 1673 2240 Prelatis
1694 2214 1817 2255 egre-

358 2268 580 2317 diendum,
606 2269 724 2325 quod
745 2271 788 2310 in
809 2270 1073 2326 quibusdam
1102 2270 1413 2327 insignioribus
1447 2278 1624 2312 tantum
1661 2270 1817 2312 diebus

360 2342 551 2383 accidere
588 2343 711 2391 solet,
750 2351 852 2384 tunc
890 2343 1041 2384 ordine
1075 2351 1247 2385 mutato
1277 2344 1576 2385 Ecclesiastici
1611 2351 1814 2391 oratores,

359 2414 540 2455 Mitram
564 2414 825 2463 deferentes,
850 2423 950 2471 post
973 2416 1171 2456 Prelatos
1194 2430 1342 2456 omnes
1365 2416 1554 2457 Crucem
1592 2423 1814 2472 praeeant3

357 2485 478 2526 Laici
501 2493 602 2540 post
618 2485 817 2531 Crucem,
842 2502 889 2527 ac
905 2486 1160 2528 Cardinales
1182 2488 1488 2543 ingrediantur
1501 2505 1512 2538 3
1546 2488 1691 2543 quoad
1715 2488 1814 2536 alia,

357 2558 713 2599 Ecclesiasticum
736 2558 929 2599 ordinem
953 2559 1135 2600 seculari
1156 2575 1330 2616 semper
1354 2561 1713 2616 praeponendum,
1753 2561 1815 2602 ita

357 2637 408 2671 ut
430 2637 528 2686 post
550 2630 748 2671 Prelatos
770 2631 866 2671 laici
891 2631 1114 2680 Oratores,
1148 2639 1361 2687 tanquam
1387 2633 1571 2673 aliorum
1602 2633 1812 2674 laicorum

357 2703 514 2757 capita,
529 2702 775 2743 succedant.

979 2790 984 2807 ¹
1013 2792 1092 2828 Non,
1109 2792 1181 2821 Ms.

1894 1725 1898 1758 -.-
1894 1697 1899 1716 .-
1894 1650 1899 1687 v-
1895 1635 1898 1642 -
1894 1153 1903 1628 ‚—-a—-—-«.,.-÷.÷·*-.->q-w-—
1897 1101 1902 1144 μ’.
1897 998 1903 1094 ..Α-ἡὴ.
1898 930 1903 978 ,ψ-,.
1899 901 1902 915 ⁴„
1899 861 1905 886 ,4,
1902 810 1904 814 ,
1900 767 1903 778 -
