1905 3254
389 265 472 306 500
1014 281 1123 311 SESS.
1146 280 1189 310 vl
1198 281 1222 311 Ι.

391 387 503 428 actio
539 403 671 443 quam
713 388 839 428 modo
871 402 1021 428 sumus
1060 386 1353 427 memoraturi.
1416 386 1548 432 Nam,
1586 382 1840 440 ingentibus
1898 385 1901 432 ’ς

391 459 560 500 dudum
592 460 752 501 exortis
783 460 836 501 de
866 460 947 501 loci
977 460 1191 516 dignitate
1222 459 1357 499 variis
1385 458 1430 499 in
1460 458 1563 498 locis
1589 457 1703 497 inter
1731 455 1835 497 Ora-

390 538 504 573 tores
526 533 701 589 Regum
725 533 885 574 Galliae
907 540 951 574 et
974 532 1205 588 Hispaniae
1234 532 1433 581 dissidiis,
1456 546 1523 572 res
1550 530 1725 587 quidem
1747 530 1836 570 Tri-

392 604 511 646 denti
546 606 692 661 quiete
727 606 830 647 satis
865 620 1007 661 nuper
1037 605 1274 660 composita
1306 604 1419 645 inter
1449 610 1686 658 utrumque
1718 601 1835 642 vide-

390 679 534 727 batur,
574 686 806 735 postquam
846 679 967 720 locus
1005 685 1129 719 extra
1167 677 1360 718 ordinem
1403 677 1446 717 in
1487 675 1837 731 Congregatione

391 752 586 808 generali
629 752 790 793 Comiti
829 751 1025 792 Lunensi
1064 751 1195 791 tacito
1241 750 1435 790 omnium
1478 762 1654 788 assensu
1694 746 1839 787 fuerat
1898 752 1900 758 '

388 823 601 871 decretus,
634 838 688 864 ex
724 838 809 878 quo
846 824 1076 878 utriusque
1110 823 1352 865 rationibus
1383 836 1468 862 non
1500 818 1767 861 incommode
1795 819 1838 859 in
1897 818 1900 859 ἶ

387 896 644 937 considendo
666 904 944 952 perspectum
967 896 1099 937 fuisse
1121 897 1389 937 censebatur.
1450 894 1615 935 Verum
1642 908 1739 934 cum
1767 891 1839 933 alii

387 969 552 1025 publici
573 983 827 1025 congressus
848 970 892 1009 in
913 969 1125 1024 Templis,
1154 975 1198 1010 et
1219 968 1631 1024 supplicationibUS,
1654 966 1837 1021 aliisque

386 1043 641 1092 actionibus,
661 1050 803 1084 essent
823 1044 1029 1092 secuturi,
1045 1044 1088 1084 in
1109 1043 1286 1098 quibuS,
1301 1043 1336 1083 si
1356 1049 1542 1097 uterque
1561 1040 1721 1081 Orator
1743 1054 1838 1080 con—

387 1115 567 1163 veniret,
589 1115 699 1156 nihil
726 1131 778 1157 ea
805 1116 950 1157 cautio
982 1115 1199 1172 proderat,
1223 1131 1321 1156 cum
1355 1116 1400 1156 in
1426 1115 1479 1155 iis
1504 1114 1688 1155 alterum
1711 1112 1837 1153 alteri

386 1188 612 1230 evidenter
634 1190 792 1244 praeire
814 1189 1157 1246 dignoscendum
1178 1195 1315 1238 esset3
1348 1195 1584 1244 propterea
1614 1186 1706 1227 haec
1738 1200 1835 1241 pro-

385 1262 570 1318 spiciens
587 1263 773 1318 Vargas,
797 1263 874 1318 qui
895 1262 1045 1303 itidem
1069 1263 1230 1303 Orator
1251 1262 1387 1317 Regis
1410 1260 1530 1317 apud
1553 1262 1662 1302 Smum
1693 1259 1836 1301 Ponti-

384 1334 506 1375 ficem
539 1340 646 1382 erat,
676 1340 735 1382 et,
767 1349 854 1389 quo
887 1334 1082 1383 authore,
1116 1333 1209 1374 haec
1241 1333 1546 1381 controversia,
1568 1332 1719 1373 multis
1743 1333 1835 1388 jam

385 1406 543 1448 abhinc
566 1408 687 1448 annis
712 1408 940 1449 dicebatur
970 1408 1172 1453 excitata,
1197 1407 1476 1462 acceptisque
1499 1421 1524 1447 a
1547 1406 1720 1446 Comite
1743 1406 1832 1445 Lu-

384 1481 507 1521 nensi
543 1481 692 1527 literis,
735 1481 918 1522 occultis
953 1480 1107 1521 studiis
1147 1480 1267 1535 apud
1309 1481 1537 1520 Summum
1579 1478 1835 1520 Pontificem

385 1560 548 1608 egerat,
573 1559 623 1594 ut
644 1553 846 1594 Tridenti
872 1554 992 1594 locus
1013 1552 1217 1608 Hispano
1238 1566 1323 1592 non
1344 1551 1521 1592 inferior
1542 1551 1672 1592 Gallo
1693 1550 1837 1592 decer-

382 1633 574 1675 neretur,
599 1626 795 1681 alioquin
831 1641 931 1667 eum
964 1627 1293 1682 quamprimum
1322 1624 1536 1665 Tridento
1558 1640 1837 1666 excessurum

376 1698 588 1754 jactabat.
640 1699 766 1754 Papa
787 1698 894 1754 ipse,
919 1699 1044 1754 cujus
1066 1698 1277 1739 intererat
1298 1712 1560 1753 magnorum
1582 1698 1837 1754 Principum

385 1772 649 1814 Oratoribus
682 1772 903 1829 Synodum
937 1787 1020 1812 non
1051 1771 1244 1817 destitui,
1266 1771 1335 1812 vel
1367 1786 1521 1826 parum
1553 1786 1660 1828 erga
1687 1771 1838 1812 Gallos

383 1845 567 1886 fortasse
599 1859 857 1901 propensus,
888 1845 943 1885 ob
975 1845 1191 1886 tumultus
1212 1844 1266 1885 de
1293 1844 1523 1900 Religione
1555 1844 1617 1885 ibi
1652 1851 1832 1892 exortos

385 1918 456 1958 vel
473 1918 606 1959 etiam
627 1924 675 1959 ut
692 1918 895 1974 Hispano
914 1918 1248 1974 gratificaretur,
1269 1933 1398 1973 quem
1416 1917 1669 1973 praesidium
1691 1917 1836 1958 Chris·
1894 1910 1899 1947 ‚³

383 1991 515 2032 tianae
547 1991 826 2047 Reipublicae
859 1991 1015 2039 aiebat,
1037 2006 1115 2046 per
1145 1991 1294 2031 literas
1325 1991 1507 2046 Legatis
1539 1991 1702 2040 scribit,
1724 1998 1774 2032 ut
1804 1991 1838 2032 si

384 2064 599 2119 aequalem
634 2071 856 2119 nequeant
891 2079 1071 2120 prorsus
1106 2064 1249 2105 locum
1289 2064 1492 2119 Hispano
1529 2064 1646 2111 dare,
1684 2064 1837 2105 saltem

383 2144 506 2179 extra
538 2137 732 2178 ordinem
765 2137 898 2178 alium
924 2138 962 2178 ei
994 2138 1272 2186 constituant,
1307 2138 1384 2193 qui
1416 2138 1609 2193 Hispani
1642 2144 1742 2179 voto
1774 2152 1836 2179 re-

382 2207 603 2263 spondeat.
665 2208 826 2264 Legati
846 2223 936 2249 rem
960 2209 1153 2264 periculo
1173 2210 1361 2265 plenam,
1393 2225 1471 2251 nec
1496 2209 1650 2250 Gallos
1671 2209 1714 2250 id
1735 2225 1835 2266 pas-

383 2297 519 2330 surOS,
566 2281 844 2337 respondent,
888 2282 1123 2338 potiusque
1164 2282 1263 2323 hinc
1303 2282 1573 2324 discessuros.
1634 2283 1837 2339 Replicat

382 2356 518 2411 Papa,
542 2353 651 2395 nihil
670 2353 740 2395 hic
761 2353 814 2395 de
836 2369 987 2395 eorum
1005 2358 1106 2410 jure
1127 2355 1422 2404 statuendum,
1444 2355 1534 2397 haec
1556 2362 1754 2412 tempora
1774 2356 1837 2397 ita

382 2430 507 2478 ferre,
551 2427 713 2484 Synodi
753 2428 885 2469 etiam
929 2428 1288 2469 existimationem
1323 2429 1385 2470 ita
1422 2429 1659 2485 postulare,
1702 2434 1753 2470 ut
1792 2443 1836 2470 se

382 2504 582 2545 omnibus
617 2503 784 2545 interea
818 2503 1081 2559 aequabilem
1114 2503 1324 2558 praebeat.
1385 2503 1668 2559 Respondent
1688 2518 1836 2544 rursus

382 2577 560 2634 Legati,
582 2591 720 2632 prope
743 2583 910 2617 certum
934 2575 1032 2616 hinc
1054 2576 1346 2617 dissolutionis
1378 2576 1559 2617 Concilii
1580 2576 1834 2631 periculum,

384 2650 557 2706 aliaque
578 2650 718 2690 multa
740 2649 1009 2691 incommoda
1031 2649 1160 2690 etiam
1184 2664 1281 2689 cum
1316 2650 1566 2691 Sanctitatis
1593 2665 1683 2690 suae
1709 2649 1837 2690 offen-

383 2724 501 2765 sione
523 2724 763 2771 imminere,
796 2721 1153 2778 quandoquidem
1177 2722 1299 2763 Galli
1322 2723 1366 2763 in
1388 2722 1605 2764 mandatis
1637 2721 1840 2770 habeant,

383 2795 417 2834 si
450 2794 555 2850 quid
589 2794 659 2835 hic
700 2800 954 2842 attentetur,
989 2794 1106 2850 quod
1141 2809 1289 2835 eorum
1328 2796 1418 2850 juri
1451 2810 1498 2836 ac
1531 2794 1844 2850 antiquissimae
