1905 3254
319 231 374 272 88
968 244 1077 275 SEsS.
1102 245 1165 275 111.

319 353 422 402 suri,
445 352 679 394 dummodo
701 352 746 394 id
767 353 934 408 absque
956 351 1193 392 offensione
1218 348 1456 390 Oratorum
1480 346 1668 388 Caesaris
1688 345 1783 387 fieri

319 426 473 482 possit,
497 427 575 482 qui
592 431 684 482 jam
707 426 852 467 onmia
872 425 950 466 illa
970 424 1117 480 capita
1137 424 1311 478 integra
1333 427 1601 476 acceperant.

381 499 468 540 Die
495 499 633 555 igitur
668 500 714 540 ll
751 498 918 547 Martii,
952 513 1049 538 cum
1076 501 1168 552 jam
1201 501 1434 536 convocata
1466 500 1578 535 esset
1598 493 1784 534 Patrum

323 572 619 627 congregatio,
642 571 891 628 significant
917 570 1056 626 legati
1086 567 1356 612 Oratoribus,
1384 572 1621 621 antequam
1643 563 1786 605 concio

323 642 556 693 habeatur,
579 659 622 685 se
645 644 861 686 censuisse
882 642 993 684 illud
1014 642 1206 697 primum
1228 647 1362 695 caput
1383 638 1640 687 subducere,
1659 643 1710 678 ut
1730 636 1786 677 de

326 732 377 758 eo
413 717 693 759 commodiori
724 724 920 774 tempore
957 722 1184 758 tractetur.
1246 714 1334 755 His
1368 713 1579 755 Oratores
1608 725 1785 766 respon-

326 790 446 840 dent,
468 792 608 848 primo
629 791 709 833 hoc
730 791 918 839 sublato,
941 790 1113 845 reliqua
1135 789 1243 830 adeo
1265 788 1416 829 tenuia
1443 802 1549 834 esse,
1572 792 1622 827 ut
1641 785 1787 826 minus

327 862 463 920 digna
495 864 744 914 videantur,
775 879 874 919 quae
910 878 964 904 ex
997 865 1226 919 majestate
1266 868 1401 902 tantae
1440 858 1591 916 synodi
1631 871 1789 913 propo-

328 945 518 979 nantur:
554 952 606 979 ea
637 953 681 978 se
717 937 862 978 omnia
887 941 979 992 jam
1003 934 1059 975 ad
1081 935 1398 989 Imperatorem
1430 948 1509 989 per
1537 933 1691 973 literas
1710 931 1788 971 mi-

329 1012 456 1053 sisse:
482 1026 597 1052 nune
617 1012 652 1052 si
672 1011 752 1052 hoc
774 1010 965 1067 primum
987 1008 1204 1057 dematur,
1226 1008 1377 1056 vereri,
1400 1022 1454 1049 ne
1476 1007 1724 1063 Imperator
1744 1020 1790 1046 se

330 1085 386 1127 ab
416 1086 469 1126 iis
501 1084 701 1126 delusum
734 1083 996 1139 suspicetur,
1022 1081 1242 1137 simulque
1273 1081 1469 1136 iniquam
1503 1079 1556 1121 de
1586 1085 1679 1121 tota
1710 1078 1791 1119 hac

330 1158 492 1214 synodo
513 1158 761 1215 opinionem
777 1155 1006 1212 concipiat,
1024 1155 1156 1211 quod,
1176 1154 1456 1211 graviorlbus
1474 1151 1793 1209 praetermissiS,

332 1232 441 1274 velit
460 1232 684 1273 levissima
704 1237 902 1272 tantum¹
925 1228 1144 1284 persequi.
1198 1228 1285 1269 His
1306 1243 1351 1269 se
1372 1227 1493 1269 nullo
1514 1232 1643 1282 pacto
1663 1238 1791 1281 posse

331 1304 544 1345 assentiri.
973 1302 976 1303 ⁷

389 1376 565 1432 Legati,
587 1375 656 1417 his
688 1375 936 1423 intellectis,
959 1380 1160 1415 statuunt
1194 1373 1304 1413 nihil
1338 1388 1392 1413 ex
1425 1373 1569 1428 priore
1601 1370 1794 1412 formula

331 1450 578 1491 immutare.
643 1450 803 1500 Quare,
826 1449 905 1489 ubi
936 1449 980 1489 in
1010 1462 1252 1489 consessum
1278 1453 1459 1487 ventum
1481 1452 1560 1494 est,
1584 1443 1793 1486 Mantua-

332 1538 426 1571 nUS‚
458 1522 688 1571 Volumus,
719 1523 877 1578 inquit,
898 1522 1055 1562 Patres
1087 1528 1138 1562 ut
1169 1536 1215 1561 re
1250 1521 1348 1576 ipsa
1376 1525 1572 1561 nostrum
1604 1517 1795 1574 publicis

332 1595 463 1636 rebus
493 1594 766 1651 providendi,
798 1594 1020 1649 simulque
1044 1594 1169 1634 vobis
1190 1591 1466 1648 gratificandi
1497 1590 1695 1632 studium
1728 1590 1793 1630 in-

333 1669 576 1724 telligatis:
610 1682 707 1708 cum
730 1666 845 1708 enim
877 1665 924 1706 id
954 1665 1079 1707 nobis
1102 1680 1274 1720 semper
1295 1680 1410 1705 curae
1431 1664 1578 1711 fuerit,
1601 1670 1652 1704 ut
1672 1668 1790 1704 vete-

332 1757 431 1783 rum
452 1756 622 1782 morum
642 1739 916 1795 disciplinam
949 1753 1060 1794 pene
1087 1738 1321 1794 collapsam
1355 1738 1637 1793 erigeremus,
1659 1738 1792 1794 majo-

332 1830 520 1870 rumque
540 1814 745 1855 instituta
766 1827 1090 1861 renovaremUS,
1113 1827 1189 1853 vos
1210 1811 1366 1853 deinde
1388 1811 1552 1852 crebris
1571 1810 1791 1867 petitioni-

334 1889 419 1929 bus
441 1887 599 1928 vestris
620 1886 729 1928 adeo
752 1886 1062 1942 cogitationem
1095 1885 1206 1926 hanc
1227 1892 1422 1926 nostram
1437 1884 1708 1932 inflamastis,
1730 1890 1791 1933 ut,

335 1959 455 2016 quod
485 1965 640 2015 sponte
672 1959 829 2000 facturi
859 1973 1043 2005 eramus,
1065 1958 1347 2006 nunc‘vobiS,
1370 1964 1579 2012 tanquam
1611 1957 1795 2012 pignore

335 2032 547 2079 obstricti,
570 2032 822 2088 persolvere
844 2031 1042 2073 velimus.
1095 2030 1350 2072 Adferimus
1368 2030 1521 2086 itaque
1545 2030 1671 2072 vobis
1690 2044 1794 2071 non-

335 2106 458 2146 nulla
495 2105 576 2147 hoc
622 2112 883 2161 argumento
922 2105 1174 2160 composita,
1216 2119 1316 2159 quae
1356 2104 1545 2145 maxime
1585 2103 1713 2145 utilia
1752 2111 1796 2145 et

335 2180 580 2220 necessaria
601 2179 691 2220 fore
713 2193 798 2220 non
819 2178 1089 2227 dubitamus,
1112 2178 1192 2219 ubi
1223 2179 1464 2233 praesertim
1487 2193 1584 2219 cum
1614 2177 1796 2233 reliquis

337 2257 567 2308 conjuncta
588 2258 730 2299 erunt,
753 2267 852 2307 quae
874 2266 953 2292 suo
974 2258 1171 2307 tempore
1193 2251 1392 2293 edentur.
1454 2252 1593 2292 Sicuti
1617 2251 1731 2292 enim
1753 2252 1798 2292 in

338 2340 518 2381 corpore
536 2324 730 2365 humano
762 2324 938 2365 diversa
971 2331 1074 2365 sunt
1104 2324 1399 2365 membrorum
1431 2324 1594 2371 munia,
1614 2338 1694 2364 nec
1713 2323 1796 2364 sin-

340 2400 546 2457 gulorum
569 2405 646 2439 aut
667 2397 951 2453 pulchritudo
986 2404 1063 2438 aut
1087 2398 1323 2439 necessitas
1347 2404 1476 2438 antea
1495 2397 1619 2438 facile
1641 2411 1795 2452 agnos-

340 2474 467 2520 citur,
491 2486 625 2527 quam
647 2470 776 2511 simul
807 2476 900 2511 tota
932 2470 1155 2526 congeries
1182 2477 1407 2525 compacta
1438 2470 1699 2526 praeelarum
1719 2469 1799 2511 hoc
1850 2458 1854 2462 Ι

339 2552 510 2586 naturae
542 2543 811 2584 domicilium
842 2543 1093 2591 constituat,
1122 2542 1193 2590 sic,
1215 2543 1354 2584 multa
1373 2543 1418 2583 in
1438 2542 1519 2584 hoe
1540 2558 1700 2600 genere
1721 2557 1800 2584 nos

341 2617 538 2674 quotidie
578 2630 731 2657 sumus
770 2615 1003 2664 collecturi,
1046 2629 1233 2670 quarum
1274 2615 1441 2657 utilitas
1482 2622 1584 2656 tunc
1625 2615 1800 2672 plenius

342 2688 703 2745 deprehendetur,
727 2687 901 2743 quando
923 2702 1021 2728 cum
1042 2687 1225 2743 reliquis
1259 2690 1348 2730 suis
1377 2689 1582 2745 partibus
1616 2703 1799 2736 annexa,

930 2776 938 2794 ¹
965 2777 1093 2815 Tamen,
1109 2778 1183 2808 MS.
