1905 3254
376 270 459 310 390
995 286 1107 316 sess.
1134 286 1212 314 νη.

375 393 430 433 tis
462 392 684 433 saecularis
719 405 926 433 consensu
960 398 1036 433 aut
1070 392 1308 440 vocatione,
1344 391 1489 432 irritos
1524 405 1639 440 esse3
1683 395 1726 431 et
1759 404 1831 431 eos

377 466 455 521 qui
477 466 533 506 ab
556 465 860 506 Ecclesiastica
881 472 924 506 et
953 464 1176 506 Canonica
1200 470 1418 520 potestate
1453 464 1538 505 rite
1570 463 1758 504 ordinati
1789 469 1833 503 et

379 538 497 578 missi
516 552 600 578 non
622 543 737 585 sunt,
762 537 833 578 vel
856 537 1031 578 aliunde
1055 537 1254 584 veniunt,
1287 535 1507 591 legitimos
1531 549 1622 576 esse
1643 534 1767 575 verbi
1789 540 1833 574 et

381 610 760 652 Sacramentorum
783 610 1011 651 Ministros
1024 626 1034 659 3
1068 609 1318 650 Anathema
1339 609 1409 649 sit.

437 684 597 724 Postea
617 683 825 724 mandant
848 683 1060 731 Auditori,
1097 690 1148 723 ut
1180 689 1321 723 totum
1359 682 1423 722 rei
1444 696 1737 737 progressum,
1760 681 1832 722 ad-

377 758 504 812 jectis
531 757 717 812 singulis
738 756 1071 796 difficultatibus
1107 771 1154 796 ac
1189 754 1541 795 dubitationibus
1576 769 1601 794 a
1628 754 1836 795 Patribus

382 830 594 876 adductis,
617 829 754 869 literis
776 828 831 869 ad
854 829 1013 869 Sanctm
1035 827 1271 884 diligenter
1292 828 1563 883 praescribat.
1626 827 1756 877 Quod
1779 828 1834 868 ab

383 916 432 942 co
449 902 544 942 fuse
568 908 612 942 et
634 908 832 941 accurate
854 901 1017 941 factum
1039 907 1104 941 est
1117 917 1127 949 3
1160 908 1216 947 et,
1238 901 1351 941 inter
1369 907 1523 941 caetera
1538 899 1591 940 de
1616 907 1835 955 potestate

382 975 533 1030 Papae,
576 974 685 1014 illud
725 974 862 1014 literis
900 973 1134 1028 adjectum3
1177 973 1333 1014 idcirco
1369 973 1586 1013 tributum
1627 973 1666 1013 ei
1701 974 1836 1014 fuisse

382 1062 538 1088 nomen
570 1047 763 1088 Pastoris
785 1053 828 1087 et
849 1046 1047 1087 Rectoris
1086 1046 1141 1086 ad
1175 1045 1451 1101 repellendos
1484 1045 1722 1093 haereticos,
1760 1047 1837 1102 qui

383 1122 506 1162 aiunt
527 1121 725 1162 Rectoris
745 1135 902 1161 nomen
915 1120 1172 1175 neutiquam
1190 1120 1327 1175 Papae
1345 1118 1585 1166 convenire,
1601 1134 1698 1160 cum
1715 1125 1839 1161 sonet

382 1193 667 1241 dominatum,
692 1201 735 1234 et
758 1193 788 1234 J
792 1193 883 1233 uris
904 1192 1215 1233 authoritatem
1228 1208 1239 1241 3
1274 1206 1515 1247 congruere
1538 1206 1639 1232 vero
1661 1198 1836 1233 tantum

380 1264 559 1306 nomenl
596 1266 801 1313 Pastoris,
845 1265 964 1320 quod
1004 1279 1112 1305 onus
1147 1279 1295 1305 curam
1329 1263 1518 1304 ostendit
1530 1280 1540 1313 3
1585 1263 1702 1319 quod
1736 1264 1837 1304 olim

382 1338 596 1379 Roffensis
630 1338 838 1378 adversus
868 1337 1117 1378 Lutherum
1152 1336 1403 1386 adnotavit3
1438 1351 1572 1391 quare
1599 1344 1838 1392 utrumque

381 1409 450 1450 hic
469 1410 751 1464 conjunctum
768 1408 913 1458 fuisse,
930 1410 1059 1449 etiam
1082 1408 1137 1448 ad
1157 1408 1367 1449 Ecclesiae
1381 1407 1678 1456 imitationem,
1698 1408 1838 1449 dicen-

383 1482 456 1532 tis,
476 1482 601 1523 Deus
623 1482 814 1523 omnium
846 1482 1038 1523 fidelium
1073 1482 1227 1522 Pastor
1253 1488 1296 1522 et
1326 1481 1499 1527 Rector,
1529 1482 1605 1522 &e
1622 1499 1633 1532 3
1669 1482 1838 1522 clausu-

383 1554 469 1594 lam
492 1555 619 1594 ctiam
646 1554 765 1594 illam
802 1555 1097 1609 incipientem,
1136 1568 1282 1594 omnes
1318 1560 1488 1593 tantum
1522 1554 1605 1593 sub
1642 1569 1726 1595 uno
1748 1555 1839 1603 &c.,

385 1634 609 1681 sumptum
646 1627 780 1667 fuisse
814 1642 868 1667 ex
905 1627 1051 1666 verbis
1089 1626 1129 1666 S.
1161 1626 1345 1666 Joannis
1379 1625 1692 1681 Chrysostomi,
1724 1626 1838 1666 hom.

385 1700 438 1738 55
450 1699 493 1738 in
508 1698 684 1745 Matth„
709 1704 752 1738 et
775 1698 828 1738 86
844 1698 888 1738 in
907 1698 937 1739 J
941 1713 1065 1739 oann.
1090 1704 1133 1738 et
1151 1697 1318 1738 Homil.
1337 1697 1390 1738 de
1408 1712 1556 1753 praem.
1584 1698 1840 1739 Sanctorum

383 1779 486 1812 tom.
511 1772 536 1811 3
550 1788 560 1821 3
594 1771 672 1811 ubi
709 1771 891 1811 verbum
924 1770 1047 1817 illud,
1071 1771 1248 1819 electus,
1265 1785 1476 1826 magnum
1497 1770 1631 1811 habet
1651 1786 1840 1812 momen-

384 1852 491 1893 tum,
509 1858 605 1884 cum
631 1847 726 1898 ejus
749 1844 813 1883 vis
834 1843 1047 1891 ostendat,
1067 1859 1121 1883 cx
1142 1843 1292 1884 multis
1310 1858 1448 1884 unum
1470 1843 1648 1892 includi,
1664 1851 1841 1885 caeteros

385 1916 580 1965 excludi3
605 1923 648 1957 et
670 1916 733 1956 ita
754 1917 949 1963 Petrum,
986 1917 1062 1972 qui
1095 1917 1258 1957 clectus
1291 1917 1388 1964 fuit,
1422 1917 1588 1957 caeteris
1608 1918 1841 1972 praelatum
1896 1966 1897 1972 ἵ

385 2004 483 2030 csse.
528 1990 591 2029 Et
613 1990 815 2044 quamvis
831 1989 1089 2029 maluissent
1106 1989 1269 2045 Legati
1286 2004 1334 2029 ac
1352 1990 1505 2030 Patres
1527 1990 1668 2037 multi,
1691 1990 1840 2031 clario·
1896 2024 1897 2027 ,

384 2063 507 2103 ribus
547 2063 691 2103 verbis
742 2063 877 2118 Papae
917 2068 1180 2117 potestatem
1227 2077 1475 2111 recensere3
1516 2062 1842 2118 refragantibus

386 2141 530 2175 tamen
571 2135 728 2182 Gallis,
750 2149 976 2189 nunquam
1008 2134 1194 2182 licuisse,
1230 2135 1307 2189 qui
1338 2134 1510 2174 tandem
1543 2134 1713 2190 duplici
1742 2135 1843 2176 huic

385 2208 584 2248 formula)
617 2208 986 2262 subscripserunt,
1023 2209 1167 2262 parati
1197 2208 1468 2255 alterutram,
1508 2222 1607 2262 quae
1629 2223 1654 2248 a
1677 2208 1842 2248 Sancti-

386 2287 477 2321 tate
519 2296 599 2321 sua
640 2280 773 2320 fuerit
813 2281 1013 2335 probata,
1056 2281 1198 2335 sequi.
1263 2280 1384 2329 Quas
1424 2280 1574 2320 literas
1613 2280 1842 2321 Auditoris

386 2353 534 2394 multis
556 2353 651 2393 aliis
673 2353 1025 2393 adnotationibus
1059 2353 1102 2392 in
1137 2352 1246 2392 hanc
1278 2352 1520 2393 doctrinam
1554 2353 1736 2400 refertis,
1759 2353 1841 2393 Le-

386 2427 477 2481 gati
498 2441 660 2482 magna
682 2426 899 2466 celeritate
922 2424 991 2465 die
1025 2425 1076 2464 19
1099 2425 1127 2466 J
1134 2425 1227 2464 unii
1261 2425 1315 2465 ad
1348 2425 1517 2466 Urbem
1550 2427 1756 2475 mittunt3
1789 2426 1841 2466 si-

387 2500 567 2555 mulque
592 2499 821 2540 Sanctitati
836 2513 925 2538 sune
941 2498 1198 2553 significant,
1215 2497 1492 2539 Cardinalem
1506 2498 1842 2554 Lotharingium

388 2571 429 2610 in
451 2570 529 2610 hac
550 2585 596 2610 rc
617 2569 927 2624 pertractanda
947 2570 1157 2624 optimam
1194 2569 1461 2610 voluntatem
1496 2576 1631 2625 atque
1653 2570 1840 2611 officium
1897 2598 1905 2622 ¹}

387 2642 648 2682 adhibuisse.

447 2701 561 2754 sssum
586 2714 724 2770 igitur
747 2729 846 2769 spes
866 2713 1005 2754 multa
1038 2720 1246 2767 concepta
1286 2713 1507 2755 videretur
1541 2729 1594 2755 ex
1626 2713 1706 2755 hac
1744 2714 1839 2755 doc-

991 2802 993 2816 *
1028 2801 1152 2837 Nolam,
1171 2801 1238 2830 MS.

1896 2217 1905 2595 i
