1905 3254
361 275 444 315 582
983 286 1097 314 sEss.
1125 285 1200 313 vn.

363 399 495 448 prout
517 391 656 432 adhuc
677 392 722 432 in
741 390 894 431 iisdem
911 390 1098 446 legetur.
1163 387 1462 444 Congregatio
1482 401 1556 428 sex
1577 392 1816 442 perpetuas

365 468 493 508 horas
515 465 782 521 absumpsit3
816 467 982 505 summa
1004 470 1149 503 tamen
1172 462 1366 502 omnium
1389 461 1617 516 voluptate
1641 476 1688 501 ac
1709 460 1819 500 laeti-

367 541 441 588 tia,
466 540 542 595 qui
577 554 644 579 res
679 538 791 579 bene
828 536 1007 585 cedere,¹
1032 536 1130 576 Deo
1162 535 1336 575 favente
1369 549 1415 574 ac
1449 532 1700 589 adjuvante,
1722 547 1819 587 per-

367 612 595 667 spicerent.

429 683 537 724 Inde
568 683 637 724 die
678 685 728 724 15
760 683 873 724 Julii
905 682 1036 723 sessio
1064 682 1231 722 tamdiu
1270 687 1513 736 expectata,
1543 686 1587 719 et
1620 693 1722 733 quae
1757 683 1822 718 tot

369 758 590 799 mensibus
623 756 776 796 acerbe
810 756 1002 796 omnium
1038 755 1200 794 animos
1227 759 1426 799 torserat,
1467 751 1656 799 tandem,
1692 750 1823 790 rebus

370 830 548 886 pacatis,
566 828 808 869 incredibili
828 828 1020 867 omnium
1044 827 1201 881 plausu
1230 826 1315 865 fuit
1349 825 1576 865 celebrata.
1642 823 1820 863 Sacrum

370 904 622 958 Episcopus
644 900 902 941 Parisiensis
934 906 1143 954 operatus
1166 905 1252 938 est:
1286 898 1425 937 oravit
1451 897 1702 951 Episcopus
1737 895 1823 935 Ali-

373 977 560 1033 phanus.
642 974 812 1015 Aderat
847 973 1053 1013 Oratores
1102 971 1356 1027 Principum
1402 985 1576 1017 omnes;
1631 968 1706 1009 sed
1747 983 1826 1008 nec

375 1050 521 1096 Gallo,
542 1063 619 1088 nec
642 1047 847 1102 Hispano
868 1046 912 1086 in
934 1046 1040 1100 ipsis
1062 1045 1202 1085 misae
1235 1044 1510 1091 caeremoniis,
1536 1050 1613 1083 aut
1632 1043 1726 1082 Pax
1750 1047 1827 1081 aut

373 1122 691 1169 Thuribulum,
736 1120 791 1160 ad
824 1118 1022 1160 vitandas
1055 1118 1108 1159 de
1140 1118 1353 1172 superiori
1380 1118 1470 1157 loco
1501 1115 1824 1161 controversias,

372 1197 620 1237 ministrata
641 1195 832 1234 fuerunt.
865 1192 1045 1232 Praelati
1062 1192 1356 1231 interfuerunt
1373 1204 1552 1230 numero
1599 1191 1626 1237 ,⁵²
1643 1202 1826 1244 quorum

375 1269 536 1325 placita
557 1267 668 1307 infra
689 1272 951 1320 sequuntur.
1017 1265 1213 1319 Sequens
1246 1264 1387 1304 Sessio
1420 1264 1462 1303 in
1496 1263 1610 1302 diem
1638 1261 1688 1302 16
1723 1262 1827 1316 Sep-

377 1341 558 1384 tembris
579 1340 662 1380 fuit
684 1338 862 1378 indicta.
926 1337 1124 1391 Reliquis
1156 1338 1238 1376 rite
1260 1336 1458 1391 peractis,
1483 1336 1637 1375 Patres
1666 1333 1829 1374 dimissi

376 1422 492 1462 sunt,
531 1426 722 1453 summas
752 1411 849 1451 Deo
887 1410 1066 1465 Optimo
1100 1409 1262 1464 gratias
1292 1415 1484 1464 agentes,
1516 1408 1584 1447 cui
1617 1406 1750 1446 honor
1787 1413 1830 1446 et

375 1488 525 1544 gloria.

379 1618 496 1663 Vota
524 1617 722 1661 Parrum
761 1615 809 1658 in
845 1613 1063 1659 Sessione
1091 1611 1309 1674 Septima
1336 1610 1470 1657 Sacri
1498 1609 1703 1656 Concilii
1728 1609 1832 1655 Tri-

451 1705 633 1751 dentini
661 1704 747 1749 sub
773 1701 856 1748 Sum
884 1701 943 1746 D.
974 1700 1033 1746 N.
1066 1700 1150 1745 Pio
1175 1702 1236 1754 4⁰,
1266 1700 1342 1745 die
1374 1702 1428 1745 15
1454 1699 1569 1744 Julii
1601 1701 1739 1745 1563.

436 1825 499 1865 Et
536 1823 675 1879 primo
703 1836 835 1877 super
870 1820 1063 1860 doctrina
1105 1827 1148 1860 et
1191 1819 1447 1859 Canonibus
1479 1819 1532 1859 dc
1567 1827 1835 1860 sacramento

380 1897 571 1944 Ordinis,
596 1910 696 1951 quae
719 1894 861 1950 primo
893 1894 983 1933 loco
1017 1894 1138 1933 fuere
1169 1893 1293 1940 lecta,
1322 1907 1469 1933 omnes
1496 1892 1703 1934 dixerunt
1730 1894 1833 1934 sim-

379 1971 563 2027 pliciter,
584 1969 747 2015 Placet,
771 1968 963 2022 exceptis
986 1967 1283 2021 infrascriptis.

438 2044 490 2085 R.
517 2043 576 2085 D.
611 2041 863 2097 Episcopus
893 2040 1172 2096 Segobiensis
1202 2039 1324 2087 dixit,
1358 2039 1441 2079 sibi
1469 2039 1640 2094 placere
1663 2046 1834 2080 sextum

382 2125 426 2159 et
446 2125 649 2158 octavum
673 2115 872 2155 Canones
894 2114 976 2154 sub
997 2129 1074 2169 spe
1098 2114 1260 2154 futurae
1283 2112 1594 2152 declarationis.

439 2189 491 2230 R.
516 2188 572 2228 D.
597 2187 844 2242 Episcopus
864 2186 1061 2227 Vicensis
1084 2185 1313 2240 Hispanus
1335 2184 1448 2224 idem
1472 2183 1594 2225 dixit.

439 2262 492 2303 R.
526 2261 582 2300 D.
619 2261 869 2315 Episcopus
906 2258 1162 2298 Ostunensis
1194 2257 1315 2305 dixit,
1338 2257 1420 2297 sibi
1458 2257 1632 2312 placere
1666 2265 1837 2300 sextum

387 2339 607 2379 Canonem
630 2334 712 2375 sub
731 2348 807 2389 spe
830 2332 1020 2373 melioris
1045 2331 1362 2378 declarationis,
1391 2337 1591 2371 octavum
1623 2347 1722 2372 vero
1755 2333 1838 2373 sibi

382 2412 568 2467 placere.

444 2485 496 2525 R.
527 2484 584 2524 D.
622 2482 872 2537 Episcopus
910 2479 1152 2520 Feltrensis
1181 2478 1303 2525 dixit,
1342 2478 1460 2534 quod
1492 2493 1588 2519 cum
1624 2494 1709 2520 non
1740 2479 1841 2520 satis

387 2558 582 2614 potuerit
603 2542 850 2611 intelligere
874 2569 898 2594 a
919 2552 1102 2593 Lectore
1117 2567 1169 2592 ex
1191 2558 1405 2607 suggestu
1428 2558 1599 2593 sextum
1619 2552 1840 2593 Canonem

388 2640 431 2674 et
459 2637 555 2687 ejus
577 2630 830 2674 doctrinam,
855 2626 1159 2682 audiveritque
1192 2626 1247 2666 ab
1280 2626 1347 2666 his
1379 2626 1532 2667 Revmis
1553 2628 1775 2676 Patribus,
1798 2628 1842 2668 in

388 2706 511 2747 dictis
543 2703 737 2744 doctrina
760 2709 805 2742 et
834 2701 1023 2749 Canone,
1057 2715 1133 2740 seu
1169 2699 1213 2739 in
1244 2699 1381 2745 altero
1403 2701 1597 2756 ipsorum
1630 2703 1842 2743 nonnulla

564 2818 571 2836 ’
600 2817 739 2854 Credere,
757 2816 828 2845 MS.
1258 2813 1271 2832 ²
1295 2815 1349 2844 No
1365 2815 1499 2845 number
1515 2815 1540 2845 is
1555 2816 1670 2847 added.

1866 374 1883 385 ἱ
