1905 3254
667 324 778 355 sssss.
804 325 881 355 vn.
1428 310 1506 350 341

57 429 203 486 quoad
237 428 470 470 Ecclesiam
504 429 820 479 universalem;
856 430 992 486 idque
1027 445 1080 471 ex
1112 437 1236 472 textu
1267 431 1312 471 in
1339 445 1372 471 c.
1395 431 1511 472 inter

57 502 300 558 corporalia
335 501 387 542 de
424 501 620 542 translat.
655 501 847 550 Praelat.,
889 503 966 542 ubi
992 503 1236 558 Episcopus
1272 503 1434 544 electus
1471 509 1513 543 et

58 573 334 614 confirmatus
356 588 381 614 a
402 574 526 629 Papa
543 573 586 613 in
608 583 722 614 certa
747 574 845 614 Ecca
863 574 912 615 fit
934 589 1118 630 sponsus
1140 574 1257 615 illius
1286 575 1390 615 Eccae
1416 589 1513 630 par-

56 646 265 693 ticularis,
290 653 335 686 at
357 661 460 687 vero
482 652 581 701 post
603 646 967 687 consecrationem
1003 647 1050 688 fit
1076 661 1260 702 sponsus
1289 648 1394 688 Eccae
1418 647 1513 688 uni-

57 718 259 767 versalis3
293 718 479 773 hincque
507 725 584 765 est,
621 718 740 773 quod
762 719 1017 775 conjugium
1040 719 1149 759 iuud
1171 734 1268 760 cum
1298 720 1396 760 Ecc³
1415 734 1514 775 par-

56 793 227 834 ticulari
250 799 394 848 potest
415 791 592 833 dissolvi
614 793 744 833 variis
764 792 918 840 modis,
952 793 1081 834 etiam
1103 808 1156 834 ex
1178 793 1269 834 sola
1291 785 1534 835 voluntate'

57 866 208 922 Papae,
231 880 280 906 eo
302 865 420 920 quod
440 864 551 905 illud
571 872 637 906 est
662 865 716 906 de
741 870 842 921 jure
874 866 1076 921 positivo,
1110 874 1155 907 at
1190 881 1293 907 vero
1326 867 1513 908 alterum

56 939 312 995 conjugium
343 953 439 979 cum
469 938 574 979 Ecca
607 939 847 979 universali
880 939 1072 993 amplius
1092 939 1237 979 dirimi
1256 954 1340 980 non
1359 947 1514 996 potest,

61 1012 263 1067 quoniam
299 1018 362 1052 est
394 1011 446 1052 de
466 1016 564 1067 jure
587 1011 748 1052 divino.
814 1012 1057 1053 Secundam
1080 1014 1212 1053 etiam
1234 1020 1405 1068 partem
1429 1012 1518 1054 Ca-

58 1085 181 1125 nonis
214 1099 298 1125 non
340 1085 573 1140 probavit3
615 1085 681 1125 ΡΟ.
717 1086 821 1140 quia
852 1092 1122 1140 sequeretur,
1155 1086 1275 1141 quod
1314 1086 1518 1142 Episcopi

59 1164 200 1198 essent
233 1157 287 1198 de
311 1159 412 1214 jure
444 1158 607 1206 divino,
642 1158 760 1214 quod
791 1158 916 1199 modo
938 1160 1145 1214 negavit:
1179 1159 1392 1208 Secundo,
1415 1160 1518 1215 quia

58 1229 120 1270 ita
151 1229 412 1270 damnantur
445 1230 574 1270 multi
604 1229 831 1278 Doctores,
857 1245 904 1271 ac
932 1231 1160 1286 Theologi,
1184 1239 1228 1272 et
1251 1231 1514 1280 Canonistae,

60 1303 138 1358 qui
159 1303 423 1343 contrarium
446 1301 625 1343 dicunt:
658 1303 712 1342 3⁰.
744 1303 849 1358 quia
879 1310 942 1343 tot
975 1305 1274 1358 exemptiones
1308 1303 1519 1345 hactenus

59 1375 185 1417 factae
228 1391 253 1416 a
293 1376 418 1431 Papa
460 1375 502 1415 in
547 1376 680 1416 variis
720 1375 981 1416 Diocesibus
1022 1375 1275 1417 viderentur
1315 1378 1518 1419 invalidae

60 1449 206 1496 fuisse,
240 1449 275 1489 si
310 1448 514 1504 Episcopi
549 1456 690 1490 essent
722 1449 826 1504 ipsis
858 1450 1106 1505 superiores
1137 1449 1191 1491 de
1213 1451 1325 1492 Jure
1347 1451 1520 1492 divino:

58 1521 117 1561 4⁰.
151 1521 254 1576 quia
284 1527 444 1576 praeter
473 1522 841 1563 confirmationem
875 1528 919 1563 et
951 1522 1154 1578 quaedam
1177 1524 1261 1564 alia
1281 1539 1519 1566 sacramen-

59 1594 179 1640 talia,
202 1609 286 1634 non
307 1593 508 1634 videmus
530 1595 592 1635 eis
613 1595 741 1635 aliam
763 1602 1027 1650 potestatem
1057 1597 1087 1637 J
1092 1611 1169 1637 ure
1202 1596 1351 1638 divino
1387 1599 1520 1639 fuisse

59 1680 311 1706 concessam.

120 1737 326 1778 Civitatis
349 1737 531 1779 Castelli
561 1746 735 1793 optaret
755 1739 850 1779 fieri
870 1740 1133 1781 mentionem
1157 1742 1360 1797 expresse
1382 1742 1520 1799 impo-

61 1811 228 1852 sitionis
260 1827 481 1860 manuum,
517 1813 721 1867 quoniam
750 1826 834 1852 non
858 1812 1014 1853 sufficit
1043 1812 1089 1853 id
1123 1814 1320 1861 verbum,
1348 1822 1392 1856 et
1422 1817 1519 1864 alia,

64 1885 166 1938 quia
188 1887 379 1942 pertinet
400 1892 569 1926 tantum
595 1884 649 1925 ad
670 1885 836 1925 similia.
899 1885 999 1925 Non
1021 1887 1229 1941 probavit
1250 1887 1295 1927 id
1318 1889 1520 1938 verbum,

65 1956 337 2012 Superiores,
372 1958 454 1997 nisi
491 1957 618 1998 aliter
652 1956 914 2005 declaretur,
952 1965 1084 2012 prout
1122 1959 1166 1999 in
1202 1975 1234 1999 c.
1274 1962 1311 2010 1,
1344 1961 1394 2000 21
1421 1961 1519 2002 dist.

64 2029 134 2071 De
171 2030 495 2079 Jurisdictione,
530 2030 656 2071 sicuti
692 2036 887 2085 potestas
922 2032 1142 2072 saecularis
1181 2039 1244 2073 est
1279 2049 1305 2074 a
1339 2033 1449 2083 Deo,
1478 2042 1522 2076 et

66 2103 208 2144 tamen
242 2104 459 2144 confertur
495 2119 519 2143 a
547 2103 683 2158 Papa,
720 2103 776 2142 sic
805 2117 887 2142 non
923 2102 1072 2143 videre
1106 2118 1161 2151 se,
1190 2103 1317 2152 dixit,
1339 2121 1417 2146 cur
1437 2122 1521 2148 non
1547 2134 1550 2137 -

64 2174 178 2216 idem
219 2176 262 2215 in
304 2175 620 2216 Jurisdictione
666 2175 969 2215 Ecclesiastica
1009 2176 1064 2216 sit
1104 2175 1350 2226 dicendum,
1404 2180 1522 2234 quod

65 2249 308 2304 praesertim
353 2248 546 2304 probari,
580 2247 706 2295 dixit,
750 2262 803 2287 ex
843 2247 1040 2288 Concilio
1076 2248 1364 2290 Lateranensi
1400 2251 1443 2291 in
1485 2267 1520 2293 c.

68 2321 386 2376 Irrefragabili,
401 2321 455 2362 de
473 2320 578 2361 offic.
597 2320 732 2361 ordin.
751 2320 827 2361 διο.
847 2336 854 2359 :
878 2328 938 2375 p0.
962 2335 1061 2361 nam
1083 2321 1117 2361 si
1139 2321 1169 2361 J
1174 2321 1398 2364 urisdictio
1414 2324 1525 2364 ordi-

68 2395 179 2434 narii
204 2401 348 2449 potest
375 2409 428 2434 ex
455 2393 769 2434 consuetudine
800 2394 1023 2435 transferri
1055 2395 1098 2434 in
1132 2395 1386 2449 capitulum,
1419 2412 1524 2452 ergo

67 2480 152 2506 non
185 2473 249 2506 est
283 2466 336 2506 de
369 2466 481 2507 Jure
515 2465 684 2506 divino:
732 2466 786 2505 2⁰.
810 2480 862 2505 ex
887 2481 921 2505 c.
945 2481 1041 2506 cum
1068 2465 1167 2505 olim
1195 2465 1249 2506 de
1282 2468 1522 2523 praescript.

69 2537 147 2577 ubi
184 2537 482 2592 praescribitur
516 2537 700 2577 facultas
732 2536 1149 2584 excommunicandi,
1184 2544 1227 2577 et
1260 2529 1347 2578 alia
1372 2537 1524 2595 hujus-

68 2610 209 2650 modi:
243 2611 296 2650 30.
321 2625 373 2650 ex
407 2626 439 2650 c.
476 2611 765 2666 principalem
804 2610 820 2648 1
859 2616 914 2664 q⁰.
954 2611 1006 2656 l.‚
1038 2617 1081 2650 et
1114 2610 1268 2650 Thom.
1299 2626 1444 2666 opusc.
1469 2612 1524 2660 3„

69 2695 168 2721 nam
208 2683 251 2722 in
303 2683 609 2737 spiritualibus
648 2698 731 2722 non
775 2682 1005 2722 abdicatur
1040 2686 1127 2736 juS‚
1174 2683 1249 2723 sed
1289 2685 1523 2725 communi-

65 2760 201 2794 catur.

131 2825 542 2868 Cremonensis—ut
565 2826 807 2869 authoritas
825 2827 992 2867 Summi
1015 2827 1246 2874 Pontificis,
1263 2827 1307 2867 in
1328 2842 1409 2869 sua
1429 2828 1523 2884 dig-
