1905 3254
703 309 811 339 sess.
839 308 877 337 v.
1452 293 1530 333 165

72 417 148 458 tris
170 417 211 456 in
243 416 402 457 divinis
430 415 711 464 celebrandis,
747 416 964 471 sacrisque
993 414 1302 463 ministrandis,
1334 414 1526 455 eonsule-

72 506 180 539 muS,
204 490 253 538 si,
276 490 577 531 deficientibus
601 490 795 534 Clericis,
831 490 938 529 alios
960 495 1107 529 vetere
1139 489 1227 529 ritu
1257 488 1526 528 substituere

73 562 195 603 nobis
225 562 416 617 amplius
436 577 520 602 non
542 562 720 602 licebit?
783 561 901 612 Quid
932 561 1010 601 hoe
1042 560 1163 601 aliud
1186 568 1266 608 cst,
1289 576 1419 616 quam
1444 561 1526 600 Ec-

73 634 223 675 elesias
257 633 402 674 divino
435 634 556 674 cultu
593 634 794 688 spoliare,
827 633 1111 687 hominesque
1143 632 1296 672 sensim
1332 631 1386 671 ad
1407 631 1526 672 Reli-

72 706 211 762 gionis
232 705 494 746 oblivionem
518 712 596 746 aut
618 712 912 760 contemptum
935 704 1205 760 perducere?

129 778 326 819 Tandem
358 778 471 818 inter
505 793 651 819 omnes
684 779 744 819 ita
778 778 991 826 convenit,
1031 783 1080 817 ut
1116 777 1272 832 regula
1311 792 1362 817 ea
1395 792 1525 832 qnam

72 852 255 907 antiqua
289 851 481 892 Concilia
514 851 720 892 videntur
755 851 971 906 amplexa,
1006 851 1288 905 imposterum
1325 850 1528 890 omnibus

70 925 439 981 praescriberetur,
460 926 673 966 neminem
709 926 752 966 S.
784 924 838 965 ad
872 925 1023 965 Sacros
1055 923 1225 965 ordines
1254 924 1422 979 absque
1444 924 1526 964 Ec-

71 998 303 1039 clesiastico
318 999 526 1039 beneficio
544 997 886 1054 provehendum,
907 1004 1089 1052 excepto
1106 1003 1263 1044 tamen,
1284 1011 1362 1051 pro
1379 996 1528 1037 Eccle-

71 1072 234 1112 siarum
257 1072 513 1112 necessitate
531 1071 600 1112 vel
623 1071 926 1112 commoditate
949 1071 1011 1110 ita
1028 1069 1255 1125 judicante
1274 1070 1384 1126 Epo,
1405 1070 1526 1110 aliud

72 1146 414 1200 permitteretur,
448 1146 500 1185 iis
532 1145 714 1186 servatis
747 1143 1068 1185 conditionibus
1102 1159 1199 1199 quae
1232 1143 1362 1184 hodic
1392 1144 1435 1183 in
1456 1143 1527 1184 de-

70 1224 187 1259 creto
213 1225 375 1259 extant.

131 1292 183 1332 In
215 1292 304 1332 illis
337 1292 469 1332 etiam
493 1291 708 1339 Decretis,
740 1291 815 1331 ubi
847 1297 1041 1341 cavetur,
1076 1297 1124 1330 ut
1158 1290 1283 1330 certis
1317 1290 1360 1329 in
1394 1290 1529 1331 rebus

71 1365 329 1413 ordinarius,
352 1381 448 1406 cum
472 1380 680 1406 consensu
712 1371 788 1405 aut
817 1364 995 1405 consilio
1027 1363 1209 1419 capituli
1242 1363 1409 1418 aliquid
1431 1379 1528 1420 pro-

73 1437 233 1486 videat,
277 1438 521 1485 Auriensis,
565 1437 880 1483 Gerundensis,
924 1444 967 1477 ct
1009 1451 1155 1477 omncs
1200 1436 1289 1477 scre
1338 1436 1530 1492 Hispani

71 1511 379 1560 reclamabant,
403 1528 453 1552 co
476 1511 593 1567 quod
609 1512 812 1557 dicerent,
831 1511 1093 1551 occasionem
1112 1511 1174 1550 rei
1197 1510 1306 1550 bene
1329 1510 1533 1565 gerendze

71 1585 182 1636 tolli,
203 1586 237 1625 si
260 1585 490 1625 ordinariis
518 1585 762 1640 capitulum
787 1584 1105 1625 Canonicorum
1139 1583 1426 1640 adjungatar:
1460 1586 1533 1624 vix

74 1657 188 1699 enim
211 1671 405 1712 unquam
436 1658 488 1697 iis
513 1672 609 1697 cum
633 1657 855 1711 Episcopo
883 1671 961 1695 suo
991 1657 1230 1695 convenire.
1295 1656 1533 1710 quuiores

73 1731 153 1771 hae
184 1731 228 1771 in
260 1738 398 1786 parte,
433 1730 687 1786 Episcopus
721 1728 974 1768 Parisicnsis
1005 1734 1049 1768 et
1080 1728 1209 1783 pauci
1243 1727 1422 1782 quidam
1459 1729 1532 1768 alii

76 1803 349 1850 videbantur,
384 1803 458 1857 qui
491 1802 680 1842 seniores
723 1800 922 1855 Capituli
963 1815 1047 1840 non
1080 1814 1171 1840 esse
1207 1801 1263 1840 ab
1306 1800 1530 1841 Ordinarii

74 1877 278 1917 socictate
314 1874 607 1917 excludendos
638 1874 894 1920 censel›ant;
927 1872 1003 1913 sed
1035 1872 1139 1927 quid
1172 1874 1298 1928 pauci
1329 1880 1531 1928 poterant

76 1950 282 1991 adversus
331 1956 524 1989 oratores
576 1947 892 2002 Hispanorum,
943 1946 1270 2001 plurimamque
1314 1946 1528 1988 Italorum

75 2023 284 2063 manum?
319 2022 410 2077 qui,
444 2021 534 2061 sive
572 2028 621 2061 ut
656 2020 736 2060 hac
765 2018 1064 2076 praxrogativa
1098 2019 1188 2067 soli,
1226 2034 1274 2060 ac
1309 2026 1529 2075 potestate

75 2095 333 2152 potirentur,
363 2094 453 2134 sive
487 2093 604 2148 quod
634 2103 804 2133 rerum¹
839 2107 944 2132 usus
979 2091 1144 2139 doceat,
1180 2091 1420 2134 Canonicos
1446 2109 1529 2135 non

75 2168 199 2209 facile
221 2183 319 2208 cum
347 2168 437 2208 suis
458 2167 693 2223 Episcopis
720 2165 947 2206 concordes
977 2179 1082 2211 csse,
1115 2164 1236 2205 nullo
1268 2180 1368 2207 sane
1402 2175 1531 2222 pacto

76 2248 168 2282 e0s2
201 2241 283 2281 sibi
321 2241 412 2281 ulla
444 2240 487 2280 in
521 2255 566 2280 rc
600 2239 809 2296 conjungi
841 2238 1054 2278 sustinere
1087 2244 1316 2291 poterant,
1349 2245 1482 2294 atque
1507 2255 1532 2280 a

78 2322 272 2356 veterum
308 2314 537 2355 Canonum
577 2312 970 2359 constitutionibus,
1007 2326 1108 2366 quae
1149 2326 1402 2353 consensum
1439 2314 1531 2354 sive

77 2388 302 2428 consilium
346 2387 660 2428 Canonicorum
702 2386 833 2426 simul
875 2400 972 2426 cum
1011 2384 1246 2426 Ordinario
1286 2386 1530 2441 requirunt,

76 2460 191 2502 hisce
213 2461 497 2516 temporibus,
522 2475 623 2516 quae
647 2459 753 2500 adeo
776 2475 800 2499 a
821 2459 962 2514 prisca
982 2458 1057 2498 illa
1078 2457 1272 2498 bonitate
1294 2457 1530 2514 degenera-

77 2541 191 2583 runt,
217 2535 385 2590 aliquid
407 2534 579 2575 omnino
602 2532 918 2574 deflectendum
942 2546 1033 2572 csse
1055 2530 1384 2573 contendebant.

134 2606 241 2648 Fuit
272 2607 384 2649 illud
411 2622 587 2663 quoque
621 2607 677 2647 ab
710 2606 933 2660 Episcopo
964 2603 1326 2644 Castellanatensi
1360 2610 1403 2645 ct
1435 2605 1531 2646 aliis

77 2681 296 2721 nonnullis
324 2687 624 2727 memoratum,
658 2679 724 2719 his
756 2678 967 2725 omnibus,
1002 2692 1100 2731 quae
1136 2677 1177 2715 in
1210 2675 1528 2731 Episcoporum

79 2754 262 2808 gratiam
315 2753 554 2794 concedunt
604 2752 850 2809 generalem
903 2750 1136 2791 clausulam
1196 2749 1529 2803 subjiciendam,

419 2841 426 2858 ¹
456 2843 585 2877 Verum,
604 2842 672 2872 MS.
1003 2839 1015 2855 ²
1042 2840 1094 2872 Eo,
1115 2838 1184 2867 MS.
