1905 3254
363 273 448 312 402
984 285 1094 315 sEss.
1122 284 1198 313 vu.

367 397 584 441 maneant,
615 405 758 446 neque
794 390 838 430 in
877 389 961 430 alio
992 403 1172 429 munere
1204 394 1248 429 et
1280 387 1417 428 officio
1439 402 1573 443 quam
1595 385 1713 443 quod
1733 384 1821 427 Dei

367 464 655 505 ministerium
676 464 826 504 deceat
848 468 1090 503 versentur.

424 537 463 577 6.
497 537 662 577 Nullus
684 536 877 592 eligatur
900 535 1155 590 EpiscOImS,
1185 532 1260 588 qui
1280 546 1366 572 non
1387 538 1430 573 et
1459 532 1601 573 aetatis
1630 531 1685 572 sit
1713 531 1822 587 legi-

366 612 500 659 timae,
536 611 676 667 iisque
698 611 890 651 moribus
916 616 958 651 et
982 609 1177 650 doctrina
1211 607 1438 664 praeditus,
1469 614 1520 648 ut
1542 613 1585 647 et
1605 606 1820 662 populum

366 684 518 725 docere
541 691 583 726 et
605 685 644 725 ei
666 685 768 725 vitae
791 683 1016 739 exemplar
1037 698 1128 723 esse
1150 681 1312 737 possit,
1346 687 1392 721 et
1413 680 1491 736 qui
1518 695 1602 721 non
1633 679 1688 720 sit
1719 679 1822 720 satis

368 758 567 798 omnibus
582 757 632 797 iis
648 757 885 797 instructus
900 771 999 811 quae
1022 755 1235 796 sufficiant
1257 753 1313 795 acl
1334 753 1539 809 Episcopi
1560 767 1718 793 munus
1739 752 1821 793 rite

366 844 446 884 per
467 844 512 869 se
533 828 800 869 obeundum.

425 901 461 942 7.
498 901 542 941 Is
565 915 743 955 quoque
775 906 944 941 creetur
975 899 1212 946 Plebanus,
1245 898 1322 954 qui
1344 904 1387 938 et
1407 898 1604 952 probatae
1625 897 1681 937 sit
1701 897 1820 944 vitae,

364 980 408 1015 et
440 974 515 1029 qui
548 974 766 1028 populum
804 974 849 1013 in
882 973 981 1029 lege
1019 972 1107 1013 Dei
1136 972 1272 1027 possit
1303 972 1533 1019 instruere,
1569 970 1821 1011 sacrificium

365 1047 446 1088 rite
469 1047 701 1094 celebrare,
739 1052 782 1087 et
814 1050 1092 1094 sacramenta,
1129 1052 1180 1085 ut
1211 1059 1292 1099 par
1319 1051 1396 1091 est,
1435 1044 1748 1092 administrare,
1779 1049 1824 1084 et

364 1120 542 1161 illorum
564 1134 695 1160 usum
717 1126 760 1160 et
781 1118 983 1160 effectum
1005 1118 1113 1166 illos,
1136 1117 1297 1172 quibus
1319 1132 1370 1158 ea
1392 1116 1678 1165 administrat,
1707 1121 1823 1157 necte

366 1193 530 1234 docere.

424 1266 463 1307 8.
496 1264 570 1305 Ad
593 1264 834 1305 Abbatiam
858 1269 1006 1303 autem
1029 1269 1073 1303 et
1091 1262 1338 1302 Prioratum
1360 1262 1711 1310 conventualem,
1741 1260 1824 1301 nisi

365 1337 488 1392 prius
508 1338 552 1377 in
572 1336 729 1377 celebri
752 1336 901 1390 aliquo
926 1335 1163 1390 Gymnasio
1184 1350 1324 1375 sacras
1345 1335 1494 1375 literas
1524 1335 1703 1390 publice
1724 1349 1820 1389 pro-

365 1411 517 1457 fessus,
545 1416 589 1451 et
609 1409 928 1465 magisterium,
960 1414 1037 1449 aut
1058 1408 1192 1449 alium
1224 1407 1426 1464 gradum,
1457 1408 1645 1464 adeptus
1674 1408 1820 1453 fuerit,

364 1498 448 1523 non
471 1482 740 1523 admittatur.

423 1557 463 1596 9.
497 1556 757 1612 Episcopus,
782 1569 860 1609 per
882 1570 939 1603 se,
965 1554 1041 1595 aut
1062 1569 1141 1610 per
1163 1569 1248 1602 eos,
1273 1568 1380 1609 quos
1412 1553 1467 1594 ad
1501 1553 1823 1608 praedicationis

363 1643 522 1669 munus
545 1629 740 1674 assumit,
764 1627 841 1682 qui
862 1634 926 1668 tot
948 1634 1078 1668 erunt
1100 1633 1205 1679 quot
1225 1641 1304 1681 per
1318 1625 1533 1666 Dioecesis
1553 1625 1822 1681 magnitudi-

364 1716 462 1742 nem
500 1700 725 1741 videbitur
761 1714 871 1754 opus
905 1714 1011 1746 esse,
1046 1700 1090 1739 in
1127 1698 1336 1747 Civitate,
1374 1704 1451 1738 aut
1479 1698 1523 1738 in
1544 1713 1821 1754 quacumque

365 1780 490 1829 parte
533 1772 733 1813 dioecesis
774 1772 969 1813 censebit
1009 1771 1231 1827 expedire,
1272 1771 1472 1812 omnibus
1506 1770 1747 1812 Dominicis
1781 1777 1825 1811 et

365 1847 520 1887 diebus
572 1845 705 1893 festis,
759 1851 956 1900 tempore
1002 1852 1148 1885 autem
1206 1843 1570 1899 Quadrigesimae,
1622 1845 1652 1886 J
1656 1845 1822 1901 ejunio-

364 1935 565 1975 rumque,
590 1925 634 1960 et
657 1918 892 1959 Adventus
913 1918 1019 1966 Dni,
1044 1917 1241 1973 quotidie
1264 1917 1448 1958 verbum
1471 1917 1557 1957 Dei
1578 1917 1821 1966 annunciet,

367 2002 410 2035 et
433 1994 780 2050 quotiescunque
801 1992 848 2032 id
870 1999 1115 2047 opportune
1138 1992 1231 2032 fieri
1252 2005 1377 2046 posse
1395 1990 1673 2047 judicaverit.

427 2069 489 2109 lo.
526 2067 649 2108 Idem
692 2081 867 2122 quoque
906 2066 1034 2107 faciet
1070 2065 1306 2112 Plebanus,
1344 2065 1379 2105 si
1415 2079 1499 2105 non
1538 2064 1661 2106 desit¹
1703 2063 1823 2120 apud

365 2141 485 2197 quod
505 2141 793 2181 concionetur.

427 2216 490 2255 ll.
524 2214 681 2255 Abbas
725 2227 827 2254 vero
867 2217 911 2253 et
957 2212 1082 2253 Prior
1124 2211 1422 2252 conventualis
1462 2211 1824 2267 interpretabitur

365 2287 523 2329 Libros
545 2286 707 2328 veteris
728 2291 772 2326 et
792 2285 894 2326 novi
916 2284 1203 2331 Testamenti,
1227 2283 1512 2325 Xenodochia
1535 2284 1749 2333 instituet,
1779 2290 1823 2325 et

365 2361 428 2401 ita
449 2359 722 2400 monasteriis
745 2359 938 2413 antiquae
961 2357 1120 2398 seholae
1142 2359 1446 2398 restituentur.

427 2434 491 2472 12.
528 2432 615 2482 Qui
641 2430 770 2471 hodie
804 2437 906 2471 sunt
930 2430 1156 2486 Episcopi,
1180 2430 1377 2478 Plebani,
1400 2430 1615 2479 Abbates,
1651 2437 1728 2471 aut
1748 2430 1823 2471 alii

363 2506 506 2552 Ecclci,
543 2506 578 2546 si
620 2520 747 2545 suum
787 2504 975 2545 officium
1010 2510 1218 2560 praestare
1260 2518 1345 2544 non
1386 2504 1564 2559 possint,
1608 2504 1821 2559 accipiant

368 2578 671 2635 CoadjutoreS,
706 2593 784 2634 per
806 2592 914 2633 quos
935 2576 1045 2618 illud
1068 2583 1292 2632 praestent,
1324 2583 1402 2617 aut
1422 2577 1594 2618 omnino
1615 2577 1823 2618 beneficia

365 2650 597 2691 dimittant.

426 2724 488 2763 13.
522 2723 592 2765 De
616 2722 845 2765 Catechesi
875 2728 920 2764 et
951 2737 1121 2764 summa
1142 2721 1345 2763 doctrinae
1370 2721 1609 2764 Catholicae
1643 2722 1820 2764 conscri-

879 2810 887 2830 ¹
912 2812 954 2842 So
970 2812 1072 2852 Ripa:
1098 2812 1219 2849 desinit,
1237 2811 1305 2842 MS.
