1905 3254
732 292 841 322 sess,
867 293 924 322 lx.
1472 278 1550 317 641

105 398 342 446 videretur,
366 398 542 439 interim
575 398 951 452 supersedendum
982 404 1157 452 putant,
1184 398 1386 453 quamvis
1421 397 1561 438 adhuc

105 473 260 514 Patres
291 471 421 512 multi
453 469 764 518 desiderarent,
787 476 837 510 ut
873 469 926 510 de
954 484 1004 510 ea
1031 470 1173 510 obiter
1203 470 1367 511 saltem¹
1394 469 1562 525 aliquid

105 545 408 600 attingeretur,
426 557 480 584 ne
502 556 680 598 prorsus
702 542 859 582 omissa
880 542 1050 583 silentio
1074 542 1309 583 videretur.

398 663 489 710 Die
517 666 546 709 ί),
574 663 853 710 Decembris
886 665 1024 719 1563,
1051 664 1167 709 hora
1194 666 1272 709 ⁶21.

163 777 372 819 Habetur
410 776 708 832 Congregatio
751 776 886 817 Prum
929 791 1008 831 pro
1048 776 1248 832 legendis
1288 776 1473 816 decretis
1509 775 1561 815 de

106 851 381 907 Purgatorio,
405 849 458 891 de
492 849 783 905 Imaginibus,
818 848 871 890 de
904 848 1218 904 Regularibus,
1253 856 1297 890 et
1329 849 1381 889 de
1412 848 1562 889 Refor-

107 922 310 969 matione,
328 927 426 961 ante
450 920 564 961 diem
590 921 813 969 Sessionis,
831 920 937 960 dum
957 920 1110 961 Cardlis
1134 920 1343 961 Moronus
1358 920 1563 960 Patribus

105 995 232 1045 dixit,
249 993 366 1049 quod
388 994 465 1034 ubi
486 994 599 1035 lecta
616 1001 745 1034 erunt
767 993 942 1034 decreta
963 994 1197 1049 proposita,
1222 1000 1323 1034 tunc
1346 994 1438 1048 ipse
1461 993 1561 1033 sub-

101 1072 265 1124 junget
305 1067 463 1107 Pffibus
504 1066 713 1107 nonnulla
754 1066 1016 1121 pertinentia
1067 1065 1122 1105 ad
1163 1065 1250 1107 Dei
1289 1065 1479 1113 laudem,
1522 1072 1565 1105 et

108 1133 371 1181 Christianae
400 1139 679 1195 Reipublicae
701 1140 953 1180 utilitatem.
1017 1139 1211 1194 Ideoque
1243 1145 1371 1194 rogat
1403 1153 1562 1185 omnes,

107 1219 157 1253 ut
191 1212 339 1253 Deum
374 1226 468 1267 prae
505 1212 640 1253 oculis
672 1212 893 1260 habentes,
936 1219 1170 1267 postquam
1206 1211 1450 1251 Concilium
1484 1210 1564 1250 hoc

107 1285 195 1327 Dei
219 1287 362 1342 gratia
383 1292 449 1326 est
471 1285 753 1332 absolutum,·2
776 1286 912 1325 sciant
933 1292 1026 1325 tum
1049 1285 1132 1324 sibi
1152 1284 1272 1339 apud
1293 1283 1440 1324 Deum
1461 1284 1564 1324 rati-

108 1373 233 1399 onem
250 1357 512 1400 reddendam
536 1372 653 1398 esse:
677 1373 749 1399 eos
773 1372 874 1398 vero
897 1358 972 1413 qui
990 1358 1133 1397 omnia
1149 1357 1423 1404 conturbant,
1440 1362 1566 1412 rogat

108 1431 258 1472 Deum
294 1446 391 1472 cum
434 1430 589 1478 Paulo,
627 1445 712 1470 non
755 1436 804 1470 ut
838 1428 1160 1477 exscindantur,
1190 1429 1264 1470 sed
1307 1436 1355 1469 ut
1391 1444 1564 1470 eonver-

107 1510 269 1545 tantur.

160 1609 392 1657 Doctrina
417 1610 475 1656 de
503 1609 803 1671 Purgatorio,
834 1607 1093 1654 Decretum
1121 1608 1177 1654 de
1205 1607 1520 1671 Imaginibus,

480 1698 525 1736 et
548 1690 863 1737 Veneratione
889 1690 1193 1736 Sanctorum.

166 1802 314 1844 Lectis
333 1800 401 1842 his
434 1800 629 1849 decretis,
662 1802 805 1857 inquit
837 1800 1087 1842 Cardinalis
1116 1800 1337 1848 Moronus,
1362 1802 1564 1856 quoniam

109 1875 304 1916 brevitas
325 1875 534 1930 temporis
555 1882 698 1930 urget,
721 1889 872 1915 causas
894 1880 1038 1915 autem
1061 1874 1116 1914 ol)
1140 1888 1247 1929 quas
1278 1874 1321 1913 in
1354 1875 1566 1929 angustiis

109 1947 176 1988 his
198 1961 425 1988 versamur
445 1946 579 1987 latius
600 1953 753 2002 postea
773 1945 980 1993 dicemus,
1014 1946 1304 2001 significamus
1327 1945 1452 1985 vobis
1472 1945 1566 1985 haec

110 2036 209 2077 quae
230 2020 344 2061 lecta
363 2026 476 2067 sunt,
500 2019 635 2060 fuisse
658 2020 895 2075 composita
927 2034 951 2059 a
973 2018 1237 2075 quibusdam
1260 2018 1422 2059 Pfibus
1446 2017 1500 2058 ad
1521 2017 1567 2058 id

110 2092 373 2139 constitutis,
396 2095 556 2148 magna
586 2091 779 2133 doctrina
812 2098 856 2132 et
888 2092 1069 2147 pietate,
1102 2091 1321 2146 silnulque
1345 2091 1400 2131 ab
1422 2097 1566 2131 orato-

110 2166 235 2206 ribus
257 2165 485 2206 affirmari:
522 2164 614 2205 haec
647 2164 754 2206 adeo
778 2164 905 2219 plene
927 2170 972 2204 et
999 2163 1234 2218 diligenter
1266 2163 1426 2218 scripta
1459 2177 1565 2209 esse,

110 2237 292 2296 perinde
307 2253 355 2279 ac
375 2238 546 2294 integro
569 2251 681 2278 anno
698 2237 882 2278 fuissent
903 2235 1139 2276 elaborata.
1172 2235 1431 2291 Pergratum
1445 2236 1568 2276 nobis

112 2310 266 2352 fuisset
286 2310 381 2351 haee
402 2310 618 2350 maturius
635 2309 856 2350 vobiscum
876 2323 1019 2364 agere,
1038 2313 1171 2362 prout
1188 2307 1231 2347 in
1253 2307 1347 2347 aliis
1368 2307 1566 2352 solemus,

112 2383 189 2424 sed
210 2383 387 2439 quando
422 2384 654 2424 necessitas
678 2382 878 2437 [nullam]
905 2381 1039 2421 habet
1073 2381 1227 2435 legem,
1251 2379 1447 2434 cogimur
1474 2378 1567 2419 haec

112 2457 174 2498 ita
201 2471 315 2497 nunc
339 2456 463 2497 vobis
498 2470 739 2511 proponere
758 2471 767 2504 ;
802 2467 1095 2509 rogamusque
1118 2466 1209 2499 VOS,
1232 2458 1282 2492 ut
1304 2465 1391 2506 quo
1412 2452 1566 2506 majori

111 2528 331 2569 brevitate
352 2527 447 2568 fieri
471 2533 615 2582 potest
637 2542 662 2567 a
684 2526 808 2567 vobis
830 2523 1159 2580 respondeatur.

172 2599 336 2640 Omnes
369 2598 586 2646 dixerunt,
622 2599 785 2643 Placet,
820 2597 972 2652 paucis
1004 2594 1219 2650 Hispanis
1252 2594 1458 2649 exceptis,
1491 2594 1567 2648 qui

156 2692 164 2710 ¹
191 2692 260 2724 The
285 2693 419 2733 original
447 2694 472 2723 is
497 2704 516 2724 a
539 2698 660 2733 strange
687 2692 780 2730 word,
795 2691 857 2722 and
884 2690 1032 2721 therefore
1058 2690 1073 2719 I
1100 2688 1204 2719 follow
1229 2688 1414 2728 Raynaldus
1442 2688 1570 2719 without

111 2745 255 2785 scruple3
278 2746 325 2777 sor
339 2746 376 2776 he
392 2746 417 2777 is
433 2746 610 2785 extracting
625 2745 706 2776 here.

155 2795 168 2814 ²
192 2797 311 2837 Libere,
329 2798 399 2829 MS.
446 2799 459 2827 1
479 2809 536 2830 can
554 2797 645 2828 make
660 2797 792 2837 nothing
807 2797 842 2827 of
853 2796 912 2826 this
928 2796 1022 2827 word.

1264 2853 1337 2892 0'1·

1265 2880 1289 2892 ..A
