1905 3254
192 319 275 360 286
817 333 928 363 SEss.
956 333 1032 362 vn.

197 449 248 482 ut
268 456 336 482 res
363 446 456 481 tota
491 440 744 481 Sanctitatis
771 454 862 479 suae
897 439 1076 479 arbitrio
1111 439 1410 495 relinquatur,
1447 446 1524 480 aut
1559 446 1652 480 tan-

195 515 293 555 dem
324 528 484 554 novum
506 512 729 554 decretum
754 528 779 553 a
801 511 989 568 Synodo,
1023 512 1175 552 omissa
1197 513 1225 554 J
1231 512 1321 574 uris
1343 511 1481 552 divini
1503 511 1653 552 defini-

194 588 325 635 tione,
344 587 478 628 variis
497 593 641 627 tamen
662 586 819 642 poeniS,
844 586 1140 642 praemiisque,
1165 585 1357 640 adjectis,
1380 585 1651 625 conficiatur:

196 675 240 701 se
273 659 397 707 nihil,
443 674 496 700 eo
533 658 787 706 inconsulto,
827 657 1015 715 aggredi
1055 658 1272 707 voluisse,
1309 673 1422 699 nunc
1459 658 1579 713 quod
1614 659 1654 699 ei

194 733 334 788 magis
366 732 562 779 libuerit,
597 747 641 772 se
675 732 793 772 omni
825 746 907 786 ope
939 738 1073 786 atque
1109 729 1328 771 industria
1360 737 1651 772 tractaturos:

192 806 333 847 missis
367 806 504 847 literis
533 805 762 860 explorare
794 804 977 845 Patrum
1010 804 1187 850 animos,
1219 819 1269 844 eo
1305 804 1437 844 etiam
1467 803 1652 859 diligen-

191 882 290 928 tius,
312 886 555 935 cunctaque
576 878 835 933 tempestive
856 878 1019 925 rimari,
1054 883 1103 917 ut
1125 878 1167 916 in
1196 891 1330 932 quam
1362 884 1533 931 partem
1555 878 1587 918 ii
1608 894 1652 919 se

192 954 381 1001 flectant,
398 959 597 994 accurate
618 951 884 1007 intelligant,
909 956 1143 1005 antequam
1165 951 1210 990 in
1233 949 1406 1005 Synodo
1429 952 1653 1006 congredi—

192 1034 305 1068 atur.
363 1027 463 1076 Qua
492 1026 536 1066 in
564 1040 609 1066 re
630 1025 761 1066 multi
783 1025 926 1065 varias
946 1024 1136 1064 rationes
1158 1023 1291 1079 hujus
1313 1024 1566 1079 quaestionis
1589 1040 1652 1066 se-

192 1099 346 1140 dandae
367 1101 630 1154 excogitare,
657 1105 790 1153 atque
814 1096 869 1138 ad
890 1097 1084 1153 Legatos
1106 1096 1274 1137 deferre
1296 1111 1380 1137 non
1404 1097 1652 1148 desicrunt3

191 1174 305 1215 inter
328 1188 436 1229 quas
471 1172 692 1212 nonnullae
727 1178 891 1219 extant,
924 1185 1024 1226 quae
1050 1186 1073 1212 a
1093 1169 1338 1211 Vivariensi
1371 1177 1414 1211 et
1435 1170 1652 1212 Auditorc

193 1246 386 1287 collectae
408 1246 602 1286 fuerunt.

523 1390 633 1444 Qua
658 1390 839 1436 ratione
866 1389 1217 1452 procedendum
1244 1391 1315 1436 sit.

251 1514 439 1564 Quidam
464 1514 592 1554 etiam
620 1528 705 1552 11011
727 1512 867 1552 levem
891 1511 944 1552 dc
966 1527 1010 1552 se
1036 1512 1168 1567 vulgo
1190 1527 1425 1553 sermonem
1448 1515 1648 1569 1113011110-

190 1594 309 1635 runt,
346 1585 464 1641 quod
500 1585 732 1641 gravitatis
765 1584 905 1632 obliti,
940 1584 1125 1624 nimium
1160 1585 1347 1632 officiosi,
1389 1593 1465 1626 aut
1501 1588 1649 1641 potius

191 1660 421 1708 ambitiosi,
459 1660 567 1700 alios
602 1659 646 1699 in
683 1658 794 1698 hanc
825 1657 894 1697 vel
926 1657 1045 1697 illam
1082 1664 1267 1712 partem,
1302 1663 1429 1714 cujus
1465 1660 1551 1715 ipsi
1573 1675 1648 1700 au-

188 1733 333 1774 thores
363 1732 631 1779 viderentur,
666 1730 929 1786 prehensare
959 1737 1228 1771 conarentur.
1294 1731 1649 1773 Increbrescebat

186 1807 357 1847 interim
380 1806 510 1854 fama,
536 1803 817 1845 Cardinalem
840 1801 1179 1859 Lotharingium
1199 1818 1245 1844 ac
1264 1804 1514 1845 Gallicanos
1534 1805 1646 1860 Epi-

186 1895 334 1935 scopos
347 1879 473 1920 brevi
489 1877 749 1919 Tridentum
768 1882 1041 1932 perrecturos
1053 1894 1062 1925 3
1080 1876 1486 1934 Lotharingiusque
1499 1878 1648 1919 literas

187 1952 243 1992 ad
265 1952 548 1992 Sanctitatem
573 1965 696 1990 suam
719 1949 771 1990 de
795 1951 889 2005 ejus
910 1949 1101 1991 discessu
1121 1954 1212 2005 jam
1236 1950 1428 1997 dederat,
1454 1967 1643 2007 quarum

188 2040 309 2066 exem
316 2025 439 2081 plum
461 2031 537 2065 est.

501 2161 670 2208 Literae
697 2160 972 2208 Cardinalis
1001 2161 1316 2226 Lotharingii.

243 2280 486 2321 Ferebatur
519 2279 670 2320 itidem
709 2280 915 2320 Summus
947 2280 1155 2333 Pontifex
1191 2280 1388 2336 quotidie
1430 2297 1484 2323 ex
1520 2282 1642 2323 Urbe

187 2353 397 2394 Praelatos
428 2351 512 2393 huc
546 2352 791 2400 dimittere3
830 2352 969 2408 egisse
1001 2351 1132 2392 etia-m
1155 2351 1391 2408 diligenter
1413 2368 1509 2394 cum
1534 2353 1642 2394 Ora-

185 2433 276 2467 tore
304 2425 488 2474 Veneto,
518 2434 568 2468 ut
599 2427 843 2482 Episcopos
877 2441 1024 2467 omnes
1060 2441 1210 2467 eorum
1245 2426 1396 2467 ditioni
1428 2427 1643 2483 subjectos

187 2499 371 2539 Senatus
391 2498 589 2540 Venetus
614 2498 699 2540 huc
719 2499 1009 2555 compelleret.
1073 2499 1190 2548 Quin
1212 2505 1255 2539 et
1279 2498 1507 2539 Cardinali
1529 2499 1642 2540 Con-

184 2587 287 2612 sano
319 2573 364 2612 in
394 2586 578 2627 regnum
609 2573 958 2629 Neapolitanum
990 2572 1276 2629 proficiscenti
1308 2572 1548 2626 diplomate
1575 2573 1640 2612 in-

181 2646 386 2700 junxisse,
423 2652 473 2686 ut
505 2647 752 2703 Episcopos
785 2648 933 2688 statim
957 2662 1010 2688 ex
1043 2647 1095 2687 iis
1125 2646 1229 2687 locis
1263 2645 1525 2686 Tridentum
1559 2646 1641 2686 sub

185 2718 373 2757 censuris
414 2719 681 2760 extruderet.
760 2719 883 2761 Idem
921 2727 965 2760 et
1007 2718 1262 2761 Presidibus
1301 2718 1639 2774 provinciarum,

186 2790 380 2837 NuntiiS,
403 2798 445 2831 et
467 2793 632 2832 caeteris
659 2796 752 2847 ejus
785 2793 993 2833 ministris
1031 2792 1127 2833 aliis
1154 2793 1198 2832 in
1234 2791 1335 2832 locis
1366 2791 1637 2847 praecepisse.

186 2862 313 2911 Quod
346 2863 422 2902 etsi
455 2864 792 2917 prudentissime
825 2866 880 2906 ab
912 2880 961 2905 eo
992 2865 1152 2906 factum
1182 2864 1313 2904 fuisse
1336 2863 1530 2904 dubitari
1552 2878 1636 2904 non
