1905 3254
693 279 802 309 sess.
829 280 904 311 vn.
1443 267 1516 309 571

67 384 119 425 de
140 383 391 424 Alexandro
415 385 588 433 Severo,
613 385 691 441 qui
721 385 880 426 dicitur
907 385 1106 427 didicisse
1129 401 1154 427 a
1176 386 1448 436 Christianis,
1472 388 1517 428 id

67 472 92 497 a
121 457 245 497 nobis
276 457 404 497 hodie
438 457 481 497 in
517 458 718 498 examine
747 466 1009 507 servaretur,
1033 465 1082 499 ut
1103 459 1237 500 refert
1259 460 1317 501 N.
1381 460 1434 501 In
1456 476 1519 501 se-

65 529 217 578 eundo,
239 530 442 571 ordinans
469 530 600 571 debet
632 531 804 572 omnino
831 532 1047 572 inculcare
1070 533 1263 580 auribus,
1289 533 1397 588 quid
1418 549 1518 575 eum

67 602 220 650 facere,
244 603 351 658 quid
374 603 495 651 seire,
518 609 735 658 oporteat,
760 611 808 644 ut
830 603 873 643 in
896 620 928 644 e.
953 605 1119 659 placuit
1141 606 1208 645 28.
1232 604 1344 646 Dist.

122 675 352 716 Generalis
406 675 443 716 F
446 676 718 716 ranciscanus
763 676 1123 731 August—Non
1164 678 1309 733 placet
1349 678 1520 725 titulus,

62 763 162 789 nam
191 748 421 789 dicendum
448 749 502 789 de
530 748 735 789 remediis
763 749 874 789 circa
906 750 1070 790 abusus
1101 749 1316 791 ordinum.
1382 750 1520 790 Immo

62 836 138 862 nee
159 822 292 862 etiam
313 829 497 878 possunt
519 822 605 863 diei
625 838 772 864 omnes
796 824 972 871 abusus,
1006 824 1211 879 quoniam
1250 831 1518 879 sequeretur,

61 895 180 952 quod
211 894 425 936 hactenus
447 895 524 951 qui
546 911 630 937 non
663 903 950 938 servaverunt
972 912 1036 944 ea,
1060 912 1158 952 quae
1181 896 1249 937 hic
1270 896 1517 944 traduntur,

60 975 302 1019 errassent3
336 968 631 1024 quodfalsum
655 976 732 1016 est,
756 977 806 1010 ut
844 977 1010 1010 constat
1040 969 1084 1009 in
1118 969 1292 1009 Canone
1330 970 1518 1025 Aposto-

61 1041 200 1082 lorum
223 1041 291 1083 37.

119 1116 351 1157 Generalis
380 1115 896 1166 Carmelitanns——Quod
926 1116 1194 1172 provisiones
1223 1117 1518 1173 Episcopatu-

60 1203 132 1229 um
147 1203 294 1229 omnes
314 1188 502 1243 pendere
520 1188 680 1229 debent
698 1204 722 1229 a
741 1190 818 1229 Sm⁰
830 1190 925 1237 N=⁰;
949 1205 1048 1230 nam
1066 1190 1160 1244 ipse
1174 1189 1227 1230 de
1241 1190 1351 1231 Jure
1369 1190 1516 1231 divino

58 1267 231 1302 tenetur
252 1275 428 1315 pascere
445 1275 592 1301 omnes
612 1276 726 1309 oves,
750 1270 794 1303 et
825 1262 973 1303 eodem
1002 1264 1101 1317 jure
1136 1277 1283 1302 omnes
1316 1269 1518 1303 tenentur

57 1333 274 1391 pabulum
304 1333 527 1389 suscipere
559 1335 615 1374 ab
649 1349 727 1383 003
759 1335 900 1391 igitur
922 1335 1100 1390 proprie
1121 1342 1290 1389 spectat
1329 1335 1383 1376 ad
1416 1352 1514 1377 eum

59 1407 198 1448 solum
221 1405 412 1462 provisio
433 1405 743 1447 Ecelesiarum.

117 1478 346 1520 Generalis
373 1478 730 1528 Lainez——Quod
766 1478 1016 1520 reformatio
1043 1479 1201 1519 dicitur
1230 1479 1427 1521 reductio
1462 1481 1514 1522 ad

58 1553 246 1609 priorem
267 1552 464 1600 formam,
489 1559 533 1593 et
555 1552 722 1607 duplex
745 1558 832 1600 est3
867 1551 1003 1592 altera
1025 1552 1205 1592 interior
1222 1553 1264 1592 in
1289 1553 1458 1608 Spiritu
1474 1561 1515 1594 et

57 1626 179 1667 cultu
202 1626 301 1674 Dei,
325 1626 462 1667 altera
494 1626 683 1667 exterior
721 1625 831 1666 circa
862 1625 1131 1681 disciplinam
1163 1626 1513 1667 Ecclesiasticam

55 1699 99 1739 in
135 1699 255 1740 civili
290 1699 494 1740 societate
530 1713 636 1754 erga
663 1698 909 1753 proximum
943 1705 985 1738 et
1012 1698 1128 1738 alios.
1194 1698 1245 1738 In
1268 1699 1410 1753 prima
1430 1713 1511 1739 non

56 1778 200 1827 potest
219 1786 310 1813 esse
332 1786 538 1812 excessus
567 1771 698 1819 ullus,
724 1770 863 1811 veluti
885 1771 928 1811 in
951 1770 1130 1811 colendo
1164 1770 1308 1811 Deum
1340 1771 1383 1811 in
1416 1771 1513 1819 fide,

55 1859 132 1900 spe
154 1846 231 1886 &e.
295 1845 347 1885 In
369 1845 508 1885 altera
535 1850 682 1899 potest
718 1858 920 1884 excessus
952 1851 995 1884 et
1030 1843 1226 1884 defectus
1260 1858 1361 1890 esse,
1396 1843 1514 1899 quod

54 1918 145 1959 haec
176 1933 259 1959 non
296 1924 397 1958 sunt
430 1932 509 1973 per
545 1933 589 1958 se
619 1917 792 1958 omnino
828 1917 942 1957 mala
975 1931 1051 1957 nee
1088 1917 1214 1963 bona,
1249 1915 1324 1955 sed
1359 1915 1511 1956 media.

57 1990 163 2032 Ideo
184 1992 220 2031 si
242 1990 435 2031 medium
458 1990 572 2031 illud
594 2005 679 2031 non
702 1997 929 2046 praestent,
953 1996 1053 2029 sunt
1069 1988 1334 2044 imperfecta.
1368 1988 1510 2033 Unde,

55 2065 180 2105 sicuti
201 2063 414 2105 medicina
435 2064 568 2105 debet
602 2078 796 2119 congrua
828 2078 919 2103 esse
953 2069 1133 2118 oegroto.
1157 2062 1263 2102 alias
1296 2069 1432 2111 nocet,
1456 2063 1513 2103 sic

55 2138 184 2179 etiam
207 2138 495 2179 Reformatio.
560 2136 689 2187 Quod
716 2136 841 2177 docet
873 2137 1004 2177 etiam
1039 2142 1214 2176 sanctus
1247 2135 1511 2176 Bernardus.

54 2211 132 2252 ubi
169 2212 264 2268 agit
291 2211 344 2252 de
379 2211 702 2266 dispensatione
735 2209 911 2257 ordinis,
939 2208 1142 2264 quaedam
1169 2224 1260 2249 esse
1287 2209 1513 2264 praecipua

55 2284 248 2332 stabilia,
272 2284 354 2325 alia
388 2283 636 2329 mutabilia,
662 2286 750 2324 aut¹
787 2283 1162 2323 accommodentur
1191 2281 1399 2335 personis,
1424 2281 1512 2321 loco

54 2365 97 2400 et
117 2359 316 2414 tempori.
351 2358 496 2414 Igitur
518 2359 559 2398 in
578 2357 883 2399 reformatione
903 2371 987 2396 non
1005 2354 1242 2411 spectanda
1257 2361 1321 2394 est
1341 2354 1511 2393 omnino

53 2432 306 2487 antiquitas,
326 2446 403 2472 nec
425 2432 554 2472 etiam
579 2430 832 2486 exemplum
856 2429 989 2484 hujus
1012 2429 1078 2468 vel
1103 2428 1222 2467 illius
1243 2427 1403 2476 sancti3
1435 2425 1512 2467 sed

54 2512 240 2553 tantum,
265 2521 317 2546 an
337 2505 547 2546 inserviat
576 2503 779 2545 charitati
805 2517 883 2557 pro
905 2501 1109 2556 przrsenti
1138 2507 1346 2555 tempore.
1409 2499 1508 2539 Non

54 2586 117 2620 est
151 2586 297 2620 autem
331 2578 534 2626 dubium,
569 2577 685 2633 quod
720 2575 982 2632 generaliter
1014 2572 1168 2613 modus
1205 2571 1395 2627 eligendi
1432 2587 1510 2626 per

55 2651 245 2693 Clericos
285 2651 437 2693 melior
473 2658 550 2699 cst,
585 2666 717 2706 quam
764 2664 840 2704 per
877 2648 1058 2696 Laicos3
1101 2646 1304 2701 quoniam
1342 2644 1509 2685 facilius

739 2770 841 2800 ’ΠΗ
