1905 3254
386 260 461 279 f..

382 260 464 299 030
1001 274 1108 305 snss.
1135 275 1210 305 vn.

446 381 925 432 viterbiensis—Quod
956 382 1065 422 nihil
1097 382 1378 437 perniciosius
1408 382 1488 423 hac
1513 384 1718 439 temporis
1743 387 1833 439 jac-

387 459 498 497 tura,
523 468 623 508 quae
645 453 880 493 insumitur
902 453 945 493 in
961 454 1194 509 repetendo
1212 455 1267 494 ab
1290 454 1386 495 aliis
1407 454 1534 502 dicta,
1551 456 1622 495 vel
1634 455 1836 510 jaciendo

386 527 473 568 tela
504 527 549 567 in
581 526 763 568 Curiam
785 528 1024 568 Romanam
1048 542 1272 576 venenosa,
1300 535 1343 569 et
1364 530 1484 585 cujus
1510 544 1669 584 magno
1690 536 1838 570 nostro

385 600 499 641 malo
530 600 766 656 aliquando
789 616 813 641 a
839 601 964 642 nobis
995 601 1103 642 ratio
1124 607 1395 657 exposcetur.
1459 602 1510 642 In
1531 603 1682 657 primo,
1706 603 1836 644 vellet

384 672 620 729 diligenter
641 674 850 714 rationem
883 674 1075 729 aliquam
1108 673 1320 723 adhiberi,
1349 682 1399 716 ut
1420 675 1734 716 nominationes
1753 675 1835 716 Re-

386 762 491 802 gum
524 747 770 788 referantur
805 747 883 787 Sm⁰
912 747 1003 795 Nm,
1035 748 1126 802 qui,
1150 747 1341 788 testibus
1372 748 1533 802 probis,
1557 756 1599 788 et
1621 747 1736 788 aliis¹
1764 748 1834 789 In-

383 821 712 868 structionffius,
744 827 867 861 curet
900 820 1043 860 omnia
1073 820 1117 860 in
1151 827 1245 861 acta
1277 821 1455 876 publica
1487 821 1651 869 referri,
1675 828 1717 862 ct
1738 836 1834 877 pro-

384 909 527 934 cessus
548 894 759 949 legitime,
793 894 965 935 exclusa
997 894 1173 949 privata
1201 895 1314 935 omni
1346 895 1580 944 affectione,
1603 896 1719 936 fiant.
1782 895 1835 936 In

385 974 554 1022 quarto,
577 967 790 1008 tollantur
822 967 1074 1018 Titulares3
1107 974 1183 1008 aut
1215 968 1250 1007 si
1287 968 1421 1023 aliqui
1452 968 1738 1023 relinquendi,
1773 983 1835 1009 as-

383 1041 581 1095 signetur
614 1047 729 1081 certa
761 1046 805 1081 et
835 1047 1052 1095 perpetua
1081 1040 1231 1095 pensio
1264 1055 1398 1095 super
1428 1041 1644 1082 fructibus
1675 1057 1835 1083 mensae

385 1114 671 1161 Cathedralis,
696 1129 795 1169 quae
819 1113 1021 1170 extingui
1043 1129 1128 1154 non
1151 1114 1300 1168 possit.

442 1186 790 1227 Insulanus—-In
827 1193 985 1241 quarto
1022 1186 1231 1228 tollantur
1271 1186 1493 1227 Titulares
1535 1188 1702 1242 absque
1743 1187 1836 1229 ulla

382 1261 645 1316 exceptione,
669 1267 720 1300 ut
742 1259 983 1315 perniciosa
1014 1267 1219 1308 monstra,
1254 1260 1450 1316 exemplo
1481 1260 1663 1301 Damasi
1684 1261 1833 1316 Papae,

382 1333 457 1388 qui
486 1333 664 1373 sustulit
699 1332 1057 1388 Chorepiscopos.
1120 1332 1170 1372 In
1201 1332 1469 1380 duodecimo,
1494 1333 1627 1374 vellet
1661 1334 1838 1382 vocari,g

383 1406 502 1462 quod
522 1407 565 1446 in
586 1406 814 1462 posteriori
837 1406 1031 1446 Concilio
1054 1406 1248 1446 Romano
1271 1413 1448 1446 cautum
1475 1412 1551 1455 est,
1576 1413 1626 1447 ut
1649 1407 1834 1448 Subdia-

382 1495 514 1521 conus
534 1480 577 1519 in
599 1480 667 1526 40,
690 1479 912 1520 Diaconus
933 1479 975 1519 in
999 1479 1066 1526 50,
1101 1479 1308 1519 Sacerdos
1337 1479 1381 1519 in
1404 1478 1484 1528 56;
1519 1487 1596 1520 aut
1617 1480 1767 1521 saltem
1790 1481 1833 1521 in

381 1554 596 1595 Toletano
619 1561 662 1594 et
686 1552 948 1600 Arelatensi,
972 1560 1023 1593 ut
1047 1552 1350 1592 Subdiaconus
1371 1552 1415 1592 in
1436 1567 1527 1603 xx.,
1548 1553 1768 1595 Diaconus
1790 1555 1834 1595 in

380 1641 495 1672 xxv„
520 1626 727 1666 Sacerdos
748 1626 792 1666 in
814 1641 916 1666 xxx.
941 1632 1053 1666 esset
1076 1624 1351 1665 constitutus.

437 1699 855 1741 Fesulanus-—Cum
892 1699 1206 1754 sapientissimo
1242 1697 1540 1755 Lotharingio,
1584 1706 1627 1740 et
1664 1700 1832 1742 Grana-

378 1775 503 1823 tensi,
535 1773 802 1820 Bracarensi,
834 1772 1088 1814 Mutinensi.
1154 1772 1205 1812 In
1241 1774 1285 1812 4⁰
1320 1772 1527 1814 tollantur
1564 1773 1729 1828 absque
1762 1789 1832 1816 ex·

378 1849 575 1905 ceptione
598 1848 836 1889 Titulares.

435 1920 927 1963 vicensis—Tollantur
949 1920 1185 1972 Titulares,
1218 1921 1323 1977 quia
1348 1935 1432 1961 non
1453 1927 1638 1975 possunt
1659 1921 1834 1970 servire,

376 1994 456 2034 nisi
478 2000 527 2034 ut
549 1993 813 2034 mercenarii.

435 2066 1110 2108 Montiflasconensis—Primum
1141 2081 1225 2107 non
1255 2067 1409 2122 placet,
1434 2081 1511 2107 nec
1533 2066 1831 2122 derogandum

377 2148 442 2182 tot
463 2141 708 2197 privilegiis
730 2141 980 2195 Principum
998 2157 1009 2189 3
1040 2155 1135 2181 nam
1170 2146 1212 2181 et
1239 2140 1341 2180 olim
1374 2140 1559 2181 Carolus
1583 2141 1754 2181 Primus
1776 2141 1832 2181 ab

379 2215 590 2260 Adriano,
613 2221 657 2255 et
680 2214 753 2254 alii
775 2214 831 2254 ab
854 2213 949 2253 aliis
970 2212 1256 2253 Pontificibus
1286 2213 1364 2253 hoc
1381 2218 1454 2268 jus
1475 2221 1756 2269 acceperant3
1789 2220 1832 2254 et

377 2288 410 2328 si
433 2287 605 2343 quando
628 2287 798 2342 aliquis,
821 2286 961 2327 veluti
982 2285 1237 2326 Ludovicus
1258 2285 1446 2333 Primus,
1468 2286 1521 2326 iis
1542 2287 1829 2335 renunciavit,

376 2360 708 2415 relinquendum
743 2366 808 2399 est
828 2358 907 2400 hoe
928 2372 1078 2399 eorum
1110 2358 1300 2399 arbitrio.
1364 2359 1447 2399 Illa
1470 2360 1619 2407 verba,
1642 2374 1830 2415 quorum

375 2449 538 2482 recens,
571 2435 646 2475 ἃς.
682 2441 782 2474 sunt
816 2432 1019 2487 exemplo
1053 2431 1300 2487 Symmachi
1333 2447 1363 2472 c.
1390 2431 1443 2472 de
1476 2432 1608 2473 Petro
1641 2433 1705 2474 74.
1729 2432 1827 2473 dist.

378 2506 430 2546 In
463 2505 652 2546 secundo
678 2520 763 2545 non
796 2504 953 2559 placet,
986 2519 1086 2544 nam
1122 2504 1242 2544 nulla
1272 2505 1318 2545 l.³
1347 2504 1579 2545 statuenda
1610 2504 1830 2559 dispensa-

377 2579 581 2625 tionibus,
606 2592 705 2633 quae
736 2591 823 2617 non
853 2575 1134 2617 concedendae
1162 2582 1278 2626 sunt,
1298 2577 1381 2616 nisi
1403 2577 1591 2617 maxima
1612 2591 1664 2617 ex
1686 2591 1828 2623 causa,

377 2667 454 2692 nec
475 2651 655 2707 agendae
678 2651 793 2705 [nisi]
815 2665 911 2690 cum
927 2650 1038 2690 ratio
1061 2649 1268 2705 postulat.
1313 2650 1365 2690 In
1379 2650 1436 2697 4⁰,
1452 2657 1495 2691 et
1515 2648 1705 2705 dignitas
1719 2650 1828 2706 Epi-

377 2726 570 2780 scopalis,
587 2732 630 2765 et
651 2724 761 2765 ratio
777 2722 982 2764 Chalced.
1001 2723 1185 2763 Concilii
1203 2722 1372 2769 suadet,
1389 2723 1611 2763 Titulares
1630 2737 1828 2763 amoven-

379 2798 467 2845 dQS,
499 2814 594 2838 cum
627 2812 753 2838 nemo
786 2796 946 2837 debeat
979 2796 1180 2836 absolute
1211 2795 1423 2836 ordinari:
1458 2797 1662 2850 quoniam
1682 2802 1827 2837 tamen

536 2885 542 2901 ¹
566 2887 685 2927 Hanlly
703 2899 720 2917 a
735 2887 815 2926 right
833 2887 926 2918 word.
1188 2884 1200 2900 ²
1225 2884 1329 2915 Notati
1342 2884 1355 2914 ¹?
1615 2885 1627 2901 ³
1650 2885 1663 2913 7,
