1905 3254
369 233 424 273 90
1012 247 1120 277 snss.
1144 247 1206 276 111.

637 363 927 409 Mandatum
958 362 1173 426 Philippi
1201 361 1360 425 Regis.
1487 361 1566 408 fol.

704 443 887 491 Oratio.
1486 442 1564 490 fol.

707 525 1007 588 Responsum
1035 524 1235 589 Synodi.
1485 523 1563 570 fol.

637 607 871 653 Mandata
898 606 1245 654 Helvetiorum.
1491 605 1567 651 fol.

707 688 891 736 Oratio.
1489 687 1569 733 fol.

706 771 1022 834 Responsum.
1488 769 1565 815 fol.

637 853 875 899 Mandata
901 852 1116 899 Oratoris
1142 851 1418 899 Florentini.
1490 851 1565 898 fol.

705 934 874 980 Oratio
900 935 1127 997 ejusdem.
1491 932 1570 979 fol.

707 1015 1005 1080 Responsum
1034 1017 1237 1080 Synodi.
1492 1014 1570 1061 fol.

429 1127 601 1169 Eodem
625 1128 713 1169 fere
737 1136 932 1184 tempore
955 1129 1250 1178 Rossanensis,
1279 1129 1349 1169 cui
1379 1129 1487 1169 alias
1519 1142 1616 1168 cum
1648 1134 1838 1183 quatuor

374 1202 431 1243 ad
452 1202 497 1242 id
514 1202 761 1243 constitutis
777 1203 986 1243 Patribus
1002 1218 1162 1243 munus
1179 1203 1331 1243 datum
1349 1202 1504 1249 fuerat,
1523 1208 1572 1242 ut
1589 1200 1836 1241 absentium

375 1276 669 1317 Praelatorum
703 1277 1006 1320 excusationes
1040 1283 1172 1331 atque
1205 1275 1413 1316 mandata
1446 1274 1501 1315 ad
1529 1272 1752 1329 Synodum
1772 1287 1837 1313 re-

374 1349 550 1397 ferrent,
575 1350 694 1390 varia
721 1349 965 1390 multorum
997 1343 1311 1404 impedimenta
1346 1348 1642 1396 renunciavit3
1676 1347 1839 1402 quibus

378 1436 474 1462 cum
497 1429 541 1462 et
558 1422 855 1462 testimonium
878 1421 1045 1476 aliquot
1066 1421 1350 1476 praesentium
1375 1420 1556 1460 Patrum
1579 1420 1838 1467 accessisset,

378 1509 403 1534 a
420 1493 601 1549 reliquis
624 1494 750 1535 facile
772 1501 873 1534 sunt
895 1493 1092 1548 probata.
1158 1494 1280 1534 Inter
1302 1500 1461 1534 caetera
1489 1500 1637 1533 autem
1667 1507 1763 1532 cum
1784 1491 1838 1532 de

379 1566 625 1607 excusando
647 1567 872 1621 Episcopo
894 1566 1115 1606 Mutilano
1149 1573 1370 1622 ageretur,
1392 1572 1708 1620 nai-ratumque
1729 1571 1841 1606 esset

376 1654 477 1679 eum
530 1654 743 1679 annorum
799 1652 908 1678 LXII.
963 1645 1141 1679 artuum
1194 1638 1352 1686 dolore,
1402 1637 1579 1683 calculo,
1635 1637 1838 1693 paralysi,

376 1711 562 1766 aliisque
584 1712 758 1759 morbis,
782 1726 835 1751 ex
857 1713 1009 1767 jurata
1036 1711 1302 1752 medicorum
1328 1718 1518 1767 quatuor
1539 1711 1839 1752 testificatione

377 1785 544 1832 vexari,
569 1799 826 1839 responsum
850 1800 874 1825 a
897 1784 1163 1840 quibusdam
1187 1792 1263 1833 est,
1288 1784 1512 1825 affectatas
1533 1784 1639 1824 istas
1661 1784 1839 1839 aegritu-

377 1857 489 1898 dinis
526 1872 678 1898 causas
715 1873 820 1906 esse,
855 1873 951 1898 cum
984 1858 1052 1899 hic
1087 1858 1282 1913 quotidie
1305 1858 1349 1898 in
1381 1857 1506 1899 Urbe
1538 1857 1659 1898 mula
1691 1864 1841 1898 vectus

378 1932 555 1987 publice
579 1931 839 1972 cardinales
860 1938 1154 1981 consectetur3
1188 1946 1342 1972 rursus
1375 1939 1522 1972 autem
1553 1932 1650 1972 aliis
1673 1931 1729 1972 ad
1748 1931 1839 1973 haec

377 2004 706 2060 replicantibus,
731 2019 829 2044 cum
852 2019 982 2045 causa
1014 2008 1110 2059 ejus
1141 2019 1225 2044 non
1260 2004 1364 2045 satis
1397 2004 1569 2059 liquere
1599 2004 1837 2053 videretur,

379 2076 424 2116 in
446 2076 580 2116 alium
603 2075 717 2116 diem
741 2080 904 2131 rejecta
925 2082 1000 2116 est.

438 2150 557 2198 Fuit,
601 2156 644 2190 et
687 2150 781 2189 aliis
823 2155 976 2204 postea
1016 2149 1301 2204 temporibus,
1345 2164 1472 2205 aeque
1514 2149 1567 2190 de
1605 2150 1839 2191 multorum

380 2223 735 2263 excusationibus
758 2222 949 2263 relatum
964 2238 975 2271 3
1006 2236 1106 2261 nam
1141 2236 1229 2276 quo
1262 2228 1461 2277 tempore
1481 2222 1733 2278 Episcopus
1756 2223 1840 2264 Ca-

380 2294 611 2342 nadiensis,
658 2303 702 2336 et
743 2295 990 2350 Episcopus
1030 2295 1309 2342 Tininicnsis,
1353 2302 1540 2352 uterque
1583 2297 1842 2338 Procurator

382 2368 634 2424 Hungariae
658 2368 951 2408 Praelatorum
974 2375 1018 2408 et
1043 2367 1312 2407 Clericorum
1332 2368 1418 2409 fuit
1439 2368 1678 2410 admissus:
1709 2370 1840 2410 iidem

382 2448 425 2482 et
453 2440 771 2495 impedimenta
794 2440 1125 2494 Archiepiscopi
1161 2440 1471 2495 Strigoniensis
1504 2442 1677 2498 Synodo
1709 2443 1841 2498 signi-

382 2514 633 2559 ficaverunt,
677 2526 777 2566 quae
820 2527 844 2552 a
887 2511 1114 2552 Cardinali
1146 2512 1395 2553 Varmiensi
1427 2513 1513 2554 fide
1552 2529 1714 2570 magna
1745 2529 1840 2555 cum

384 2586 578 2641 ejusdem
602 2584 972 2625 commendatione
994 2591 1095 2625 sunt
1113 2585 1257 2640 ample
1279 2587 1551 2627 confirmata:
1584 2587 1704 2628 Eum
1726 2588 1839 2628 enim

383 2664 602 2713 provectae
641 2658 783 2698 aetatis
816 2657 934 2697 ultra
971 2671 1076 2698 LXX.
1115 2672 1324 2698 annorum
1357 2673 1465 2708 esse,
1497 2674 1543 2699 ac
1565 2659 1690 2700 valde
1716 2660 1839 2716 pium

386 2730 679 2777 Catholicum,
695 2745 833 2771 summ
841 2744 952 2784 aque
970 2730 1191 2785 probitate
1207 2730 1443 2784 praeditum
1459 2747 1466 2770 :
1490 2732 1746 2773 testificatus
1763 2738 1837 2779 est,

1895 1878 1905 1960 -xr-:w
1896 1151 1905 1870 22i-:L-Qa-„xm—-mfflm—xm—
1897 929 1905 1143 “.qvn-—·÷-
1899 901 1902 914 -»
1898 860 1904 886 ,,..
1899 829 1903 840 ,
1900 805 1902 810 .

1896 2006 1905 2035 τά
1897 1955 1905 1991 *ea

1894 2100 1905 2303 „ffl--.qq—..32
1895 2046 1905 2088 -::
