1905 3254
710 304 819 335 snss.
848 306 907 335 vi.
1467 298 1549 337 2:29

89 407 133 443 et
155 403 466 459 amplectimini
490 408 552 448 rei
575 408 684 450 benc
707 412 911 466 gerendae
934 419 1109 470 tempus
1126 432 1138 466 3
1170 417 1205 457 si
1227 417 1304 459 hoc
1328 420 1546 462 amittitur

86 473 258 515 nullum
298 484 514 533 praeterea
548 482 805 536 reperietur.
870 485 1037 541 Agitur
1067 503 1196 537 nune,
1230 495 1379 532 utrum
1408 492 1541 534 ritum

86 547 307 602 quendam
329 557 372 591 et
393 553 759 603 consuetudinem,
779 563 823 597 ct
844 562 1001 599 natura
1017 567 1062 601 ct
1083 563 1249 604 ratione
1266 565 1540 613 mutabilem,

84 620 300 662 mordicus
334 630 544 674 tenentes,
579 626 736 683 Regna
772 631 975 680 maxima,
1011 634 1395 692 nobilissimasque
1437 639 1540 679 Pro-

85 690 245 732 vincias
286 695 431 734 statim
468 697 691 748 amittatis,
735 716 787 741 an
826 703 943 744 illam
979 706 1214 759 paululum
1255 707 1539 759 inflectentes,

83 771 240 819 pacata
262 767 405 808 omnia
427 776 560 825 atque
583 775 835 829 tranquilla,
869 781 1035 818 sumina
1057 794 1154 820 cum
1178 780 1278 821 fidei
1302 781 1540 824 Catholicae

81 843 124 877 et
144 837 354 880 Romanae
375 842 490 883 Ecca·
512 846 816 900 amplitudine,
841 850 1045 893 reddatis.
1110 853 1221 895 Haec
1243 856 1387 897 omnia
1409 872 1435 898 a
1457 872 1538 905 me,

80 923 164 951 non
188 919 275 954 tam
298 922 349 955 ut
372 915 485 965 Oris,
508 933 640 973 quam
663 921 891 979 Episcopi,
915 931 959 965 et
982 925 1177 968 Romano
1200 928 1399 971 Pontifici
1417 935 1537 986 jure-

72 985 263 1040 jurando
292 987 496 1038 devincti,
530 1007 757 1047 personam
797 1005 990 1052 gerente,
1025 1006 1158 1055 atque
1191 1017 1245 1043 cx
1278 1006 1539 1047 conscientia

78 1057 193 1100 dicta
214 1076 305 1103 esse
329 1064 456 1104 velim
480 1067 764 1111 existi1netis.¹

134 1132 239 1174 Post
262 1135 767 1193 Quinqueccclesienscm
791 1144 1045 1187 Patriarcha
1078 1147 1328 1198 Hierosl¹¹¹¹³,
1354 1153 1535 1207 Aquile-

76 1204 250 1260 giensiS,
294 1215 336 1249 et
378 1210 572 1254 Venetus
613 1214 755 1257 multa
797 1217 920 1271 prius
956 1219 999 1257 in
1038 1219 1211 1260 laudeni
1257 1236 1303 1262 ae
1348 1223 1536 1265 Caesaris

74 1279 297 1334 pictatem,
322 1283 518 1338 praefatae
541 1288 744 1341 petitioni
767 1291 860 1345 ejus
883 1291 1058 1332 tandem
1084 1292 1191 1334 adeo
1213 1306 1532 1351 repugnarunt,

75 1352 192 1408 quod
228 1353 283 1395 de
308 1356 486 1411 pietate,
520 1358 617 1407 fide,
641 1360 978 1419 humilitateque
1000 1379 1148 1406 eorum
1172 1366 1336 1422 quibus
1357 1369 1399 1410 id
1423 1377 1535 1411 essct

73 1426 390 1470 concedendum
414 1430 557 1485 plane,
582 1440 632 1474 ut
654 1449 734 1489 par
756 1445 883 1483 esset,
907 1452 991 1478 non
1015 1446 1245 1482 constaret.

130 1498 461 1555 Hydruntinus,
494 1505 528 1544 si
550 1520 575 1545 a
597 1506 769 1562 Synodo
791 1509 835 1549 id
858 1510 1129 1561 concedetur,
1160 1520 1246 1554 tres
1268 1515 1534 1558 conditiones

73 1572 279 1628 exigebat
298 1591 305 1614 :
340 1576 494 1629 primO,
529 1585 579 1619 ut
606 1582 783 1636 sanguis
804 1597 889 1623 non
911 1584 1182 1627 ministretur
1204 1588 1285 1628 nisi
1308 1590 1351 1629 in
1374 1591 1530 1640 missa3

73 1644 125 1684 2⁰.
152 1652 202 1686 ut
225 1647 388 1701 quibus
409 1648 565 1691 dicbus
586 1654 717 1693 nostri
740 1655 825 1694 sub
852 1671 937 1696 una
966 1663 1135 1698 tantum
1168 1661 1310 1714 specie
1343 1678 1529 1704 commu—

71 1716 230 1765 nicant,
246 1719 312 1760 illi
333 1722 581 1764 abstineant
603 1740 628 1765 a
649 1725 847 1776 duabus3
882 1730 936 1767 3⁰.
955 1730 1187 1772 accedente
1211 1735 1530 1788 approbatione

73 1789 144 1829 S¹¹¹i
167 1790 257 1832 Dni
279 1791 374 1833 Nri.

130 1863 558 1908 Granatcnsis—non
583 1884 758 1924 possum
783 1870 825 1910 in
849 1871 999 1926 primis
1023 1872 1078 1913 ab
1101 1874 1152 1914 iis
1173 1889 1256 1915 non
1284 1876 1525 1928 dissentire,

69 1937 146 1991 qui
167 1952 340 1979 causam
363 1939 472 1981 hanc
495 1941 550 1982 ad
574 1943 682 1982 S¹¹²¹¹¹¹¹
704 1944 758 1984 D.
784 1945 894 1985 Nrm
925 1960 1015 1986 esse
1046 1946 1324 1990 deferendam
1347 1959 1524 2007 putant,

68 2024 168 2065 quae
190 2027 330 2053 coram
354 2029 404 2055 eo
425 2015 460 2055 si
482 2024 704 2073 ageretur,
728 2033 825 2058 cum
849 2019 905 2059 sit
927 2020 1199 2075 gravissima,
1227 2031 1362 2079 atque
1384 2026 1525 2068 adhuc

66 2098 152 2125 non
174 2086 279 2126 satis
299 2086 491 2136 definita,
516 2091 668 2131 merito
700 2091 823 2132 illum
859 2092 913 2133 ad
945 2094 1266 2136 convocandum
1298 2099 1524 2140 concilium

67 2160 271 2214 gencrale
287 2161 497 2204 deberent
520 2164 757 2219 impellere,
778 2172 841 2213 ut,
860 2167 1277 2221 sapientissimorum
1302 2176 1366 2211 tot
1389 2172 1524 2215 Pruin

66 2233 292 2274 sententiis
312 2235 587 2291 consiliisque
609 2237 739 2277 simul
763 2238 945 2287 collatis,
979 2240 1086 2295 quid
1119 2242 1259 2297 magis
1290 2258 1343 2284 ex
1377 2245 1523 2288 Chris-

65 2304 184 2347 tiana
219 2306 466 2363 Republica
498 2310 699 2351 futurum
735 2311 801 2360 sit,
839 2320 984 2367 posset
1015 2321 1224 2356 statuere.
1287 2317 1520 2373 Equidem,

67 2377 180 2418 sicut
210 2379 454 2422 rationibus
483 2396 631 2422 corum
665 2384 741 2438 qui
770 2384 1025 2439 petitionem
1056 2387 1292 2442 respiciunt
1313 2403 1397 2429 non
1419 2391 1524 2431 satis

65 2464 253 2500 moveor,
276 2452 373 2494 hinc
396 2453 569 2496 diversa
590 2457 878 2498 sentientibus
901 2459 1033 2514 plane
1056 2460 1304 2501 subscribo:
1337 2462 1413 2503 sed
1433 2479 1520 2505 ma-

66 2523 221 2572 turius,
244 2525 350 2566 fusis
371 2526 468 2568 Dco
498 2529 715 2583 precibus,
745 2531 946 2586 repetitis
974 2533 1167 2588 jejuniis,
1203 2534 1522 2592 implorataque

65 2594 211 2638 divina
231 2599 442 2650 bonitate,
466 2600 798 2644 deliberandum
823 2620 985 2646 censeo.

119 2668 415 2721 Rossancnsis,
439 2689 533 2715 cum
557 2676 747 2718 rationes
769 2678 855 2719 illae
879 2679 1040 2734 quibus
1060 2680 1159 2721 olim
1185 2689 1303 2723 mota
1325 2689 1389 2724 est
1411 2685 1519 2725 anti-

107 2772 115 2791 ¹
141 2775 197 2805 See
214 2775 257 2806 Le
273 2776 355 2815 Plan,
371 2789 400 2810 v.
413 2779 486 2817 467,
501 2785 531 2809 et
553 2791 630 2821 seq„
646 2781 744 2811 where
769 2782 820 2812 the
838 2783 937 2814 whole
959 2784 1082 2824 speech,
1099 2784 1266 2814 soincwliut
1290 2786 1419 2828 varying
1444 2789 1521 2820 froin

63 2825 112 2858 the
126 2828 232 2864 above.
252 2830 277 2861 is
293 2831 383 2870 given
405 2833 482 2863 srorn
509 2834 558 2865 tine
575 2835 697 2866 Annals
714 2836 748 2867 os
766 2837 959 2876 Raynuldus.
1008 2838 1089 2868 Date
1105 2839 1123 2868 2
1141 2839 1225 2877 Sept·
