1905 3254
689 298 797 329 sess.
823 298 901 328 vn.
1440 286 1522 325 545

63 403 264 449 traducit,
299 403 357 444 sic
388 403 555 458 optima
584 404 814 461 disciplina
844 405 1198 447 Ecclesiasticum
1231 419 1386 461 corpus
1413 406 1517 447 tabe

65 474 258 531 quadam
289 474 458 515 exitiali
494 491 621 531 paene
653 484 959 533 consumptum
997 477 1246 519 vehementi
1276 479 1516 519 mutatione

65 548 120 590 ad
153 564 249 590 eam
276 549 511 590 sanitatem
542 558 728 597 revocat,
762 551 805 592 in
841 566 929 606 qua
962 551 1198 592 secundum
1227 551 1348 607 leges
1368 552 1516 592 vivere

64 622 210 678 possit.
287 621 512 663 Proferam
553 629 698 664 autem
740 638 822 679 ego
863 623 1182 664 medicamenta
1221 624 1422 679 quaedam
1463 624 1518 665 ad

65 703 302 751 praesentes
323 696 495 737 morbos
517 696 729 737 curandos
749 696 875 737 valde
898 703 1158 752 opportuna,
1193 712 1292 752 quae
1315 697 1349 737 si
1369 698 1519 738 Eccle-

65 769 129 810 sia
165 769 325 811 hausta
356 770 473 811 intra
505 785 638 812 venas
670 777 802 826 atque
843 770 1008 811 viscera
1047 771 1305 825 conceperit,
1347 786 1517 827 sperem

64 842 182 884 illam
205 858 410 900 magnam
432 844 499 884 sui
521 844 753 899 periculosi
775 844 915 885 morbi
936 850 1105 899 partem
1128 843 1423 899 depulsuram.

122 915 319 957 Primum
351 916 638 958 necessarium
661 923 740 965 est,
765 931 848 957 non
879 917 972 957 dico
1004 923 1176 957 tantum
1199 931 1422 964 renovare,
1445 917 1522 957 sed

65 989 110 1030 in
132 1004 214 1029 usu
236 1004 412 1044 ponere,
437 995 482 1030 et
511 989 556 1030 in
588 997 853 1045 perpetuam
887 997 1019 1045 atque
1054 990 1318 1030 immobilem
1349 990 1519 1045 praxim

66 1062 320 1118 producere,
362 1062 581 1103 Canonem
624 1063 938 1117 Apostolorum
980 1062 1046 1110 76,
1088 1067 1214 1118 cujus
1255 1063 1391 1104 verba
1430 1062 1520 1104 haec

67 1142 198 1176 sunt:

126 1208 256 1259 Quod
288 1224 372 1249 non
404 1215 577 1264 oportet
612 1209 883 1265 Episcopum
921 1209 1060 1256 fratri,
1098 1209 1166 1249 vel
1200 1209 1301 1257 filio,
1339 1210 1410 1250 vel
1450 1210 1524 1251 alii

67 1289 252 1339 cognato
287 1283 600 1338 gratificantem
635 1281 829 1322 humana
870 1281 1093 1323 affectione
1134 1281 1190 1322 ad
1229 1282 1525 1338 Episcopatus

68 1355 343 1412 dignitatem,
369 1369 499 1410 quem
522 1354 619 1395 vult
641 1354 819 1409 eligere,
882 1354 1170 1409 Episcopatus
1193 1355 1304 1395 enim
1328 1355 1525 1396 haeredes

70 1428 211 1469 facere
241 1432 413 1483 Justum
444 1442 529 1468 non
566 1433 642 1473 est,
666 1441 731 1474 ea,
756 1441 855 1481 quae
878 1426 965 1467 Dei
996 1433 1108 1472 sunt,
1143 1426 1414 1483 largientem.
1480 1428 1526 1467 Si

70 1502 170 1558 quis
197 1507 342 1542 autem
376 1500 469 1541 haec
501 1500 650 1542 fecerit
680 1500 804 1540 irrita
836 1499 1012 1555 quidem
1035 1500 1191 1541 electio
1216 1507 1402 1548 maneat,
1431 1502 1525 1556 ipse

73 1581 220 1616 autem
243 1573 548 1630 segregatione
570 1572 820 1613 mulctetur.

131 1647 332 1689 Audistis
368 1646 604 1693 Canonem,
637 1646 723 1686 imo
757 1645 1023 1686 curriculum
1065 1647 1256 1687 omnium
1289 1647 1525 1696 abusuum,

73 1737 184 1779 quos
225 1736 322 1762 caro
365 1727 410 1762 et
449 1720 628 1776 sanguis
663 1720 952 1776 excogitavit,
1005 1735 1114 1775 quos
1155 1719 1292 1760 fretus
1333 1721 1529 1761 acumine

76 1801 219 1836 vestro
250 1793 478 1850 sigillatim
513 1808 597 1834 non
633 1807 828 1834 numero.
891 1791 1062 1833 Vellem
1096 1798 1241 1833 autem
1274 1796 1369 1848 ejus
1401 1807 1529 1833 usum

75 1873 225 1923 patere
245 1866 388 1915 latius,
411 1873 455 1907 et
477 1865 788 1907 accommodari
811 1864 865 1906 ad
889 1871 1031 1906 vestra
1051 1871 1266 1920 tempora,
1289 1871 1331 1905 et
1353 1864 1532 1907 extendi

78 1939 132 1982 ad
153 1939 359 1981 inferiora
380 1940 600 1981 beneficia.

137 2013 336 2055 Secundo
358 2020 424 2054 est
447 2013 599 2054 Canon
622 2013 690 2061 39,
713 2011 947 2054 eorundem
971 2012 1297 2068 Apostolorum.

137 2086 389 2142 Presbyteri
411 2092 454 2127 et
476 2085 659 2127 Diaconi
680 2086 769 2126 sine
800 2085 1013 2126 sententia
1038 2085 1249 2140 Episcopi
1277 2084 1385 2125 nihil
1406 2085 1533 2140 perfi-

79 2160 217 2210 ciant3
249 2160 343 2215 ipse
376 2159 488 2201 enim
522 2166 586 2200 est
617 2160 745 2215 cujus
776 2158 876 2200 fidei
908 2158 1100 2214 populus
1121 2163 1186 2198 est
1215 2157 1419 2206 creditus,
1443 2165 1486 2199 et
1509 2173 1534 2199 a

83 2248 170 2290 quo
191 2248 270 2289 pro
293 2233 522 2273 animabus
543 2232 654 2273 ratio
676 2232 891 2288 exigetur.

140 2307 306 2348 Notate
344 2305 580 2351 Canonem,
615 2305 832 2361 quomodo
872 2304 1062 2360 primum
1100 2303 1318 2344 confodiat
1351 2303 1536 2358 Capitu-

83 2380 207 2425 lares,
235 2395 332 2420 cum
362 2378 478 2427 dicit,
512 2378 766 2434 Presbyteri
798 2384 841 2418 et
863 2376 1045 2417 Diaconi
1078 2375 1186 2415 nihil
1213 2381 1359 2431 agant,
1382 2375 1462 2414 nisi
1483 2374 1536 2416 de

83 2453 297 2495 sententia
330 2452 565 2508 Episcopi3
597 2451 754 2493 deinde
790 2449 1036 2505 Regulares
1066 2446 1361 2502 praedicantes,
1395 2453 1439 2487 et
1473 2462 1538 2488 sa-

87 2531 306 2566 cramenta
346 2523 711 2570 administrantes,
755 2529 799 2564 et
838 2535 985 2562 curam
1029 2520 1271 2560 animarum
1311 2518 1538 2568 habentes,

87 2598 224 2639 invito
259 2597 494 2653 Episcopo,
531 2611 629 2637 cum
662 2595 778 2641 dicit,
815 2595 907 2649 ipse
941 2593 1053 2634 enim
1086 2598 1151 2632 cst
1183 2592 1305 2647 cujus
1328 2590 1430 2632 fidei
1464 2607 1538 2647 po-

88 2671 222 2726 pulus
244 2677 309 2713 est
330 2670 532 2712 creditus.

147 2744 279 2786 Certe
313 2759 396 2785 non
426 2743 553 2784 video
586 2739 952 2798 quemadmodum
984 2738 1147 2779 abusus
1169 2738 1225 2778 ab
1257 2736 1423 2779 Ordine
1447 2738 1543 2779 tolli

90 2818 268 2872 possint,
299 2817 332 2858 si
357 2817 399 2857 in
421 2815 619 2857 Ecclesia
642 2814 780 2855 futuri
812 2814 895 2854 sint
927 2811 1063 2866 aliqui
1087 2811 1142 2852 ab
1165 2810 1412 2852 obedientia
1433 2812 1543 2868 Epi-

1240 2883 1265 2921 2
1288 2896 1315 2922 N
