1905 3254
706 280 818 310 snss.
847 282 922 311 vn.
1459 271 1542 313 573

138 379 247 424 Fine
280 382 452 424 dicendi
485 400 510 425 a
549 385 755 427 Patribus
795 387 924 437 facto,
965 388 1141 444 Legati,
1180 404 1276 429 cum
1312 397 1537 445 praeterea,

84 471 182 512 quae
204 457 351 512 palam
389 459 444 498 ab
467 458 554 499 illis
582 460 626 499 in
655 460 895 502 Romanam
931 462 1125 510 Curiam,
1161 463 1537 520 Praelatorumque

81 543 232 577 mores,
255 531 384 571 nimis
406 531 563 572 acerba
585 533 759 587 prolata
790 533 937 580 fuisse,
964 542 1271 590 cognoverant,
1296 536 1393 576 aliis
1425 552 1535 592 prce-

81 609 202 643 terea
223 605 494 660 argumentis
515 620 733 646 summum
762 606 1000 646 multorum
1038 607 1093 647 ad
1124 622 1193 648 res
1214 623 1350 648 novas
1384 611 1534 650 moles-

79 680 236 729 tasque
258 676 510 717 excitandas
537 677 747 724 studium,
778 685 911 733 atque
947 678 1098 725 Urbis,
1121 679 1164 719 in
1196 680 1346 734 primis
1370 681 1537 721 Summi

78 745 312 796 Pontificis,
335 749 646 789 existimationi
668 749 924 790 detrahendi
944 751 1272 796 contentionem,
1296 750 1533 806 deprehen-

78 819 244 862 dissent
264 846 377 852 ——
392 837 477 862 non
498 829 682 877 possunt
705 838 788 863 non
811 823 942 863 altius
964 822 1056 864 haec
1079 839 1157 879 pro
1179 839 1326 864 eorum
1346 824 1535 880 pruden-

78 893 140 934 tia
160 894 377 942 meditari,
402 902 550 952 atque,
573 896 931 951 impendentibus
954 897 1173 952 perieulis,
1197 912 1329 952 quam
1350 898 1537 938 maxima

75 973 257 1021 possunt
277 967 538 1008 dexteritate
562 968 826 1023 consilioque
849 983 1082 1009 occurrere.
1127 969 1243 1009 Nam
1264 984 1407 1023 nuper
1429 968 1535 1024 quid

79 1037 133 1078 ad
154 1038 546 1095 Archiepiscopum
580 1040 918 1081 Lancianensem
944 1055 969 1081 a
999 1041 1454 1096 Quinqueecclesiensi
1489 1049 1533 1082 et

79 1109 344 1152 Oratoribus
355 1112 498 1152 Gallis
507 1112 655 1152 mixto¹
669 1127 870 1152 consessu
884 1128 1140 1168 responsum
1156 1114 1309 1154 fuisset
1326 1114 1535 1153 memoria,

75 1183 356 1225 tenebantur.
408 1183 690 1224 Audit-erant
711 1191 939 1238 praeterea,
960 1200 1048 1239 quo
1069 1184 1139 1224 die
1160 1184 1411 1239 Episcopus
1428 1183 1533 1224 Vin-

75 1254 281 1297 dunensis
302 1257 343 1296 in
366 1257 567 1297 concione
593 1256 850 1311 suffragium
865 1256 1038 1297 tulerat,
1053 1272 1148 1296 cum
1167 1256 1308 1296 multa
1324 1256 1535 1297 adversus

75 1327 285 1370 Romanae
301 1329 449 1369 Curia*
467 1343 607 1369 mores
621 1328 896 1377 declamaret,
911 1329 1183 1384 Episcopum
1197 1328 1534 1369 Urbevetanum

75 1400 130 1442 ad
153 1402 364 1457 quosdam
388 1402 471 1443 sibi
493 1402 714 1457 proximos
736 1416 1005 1449 conversum,
1031 1417 1164 1457 quam
1187 1402 1340 1449 multa,
1359 1401 1535 1452 dixisse,

75 1475 236 1516 Gallus
271 1477 352 1517 iste
377 1482 534 1516 cantat.
598 1475 715 1515 Tum
749 1474 1003 1521 Danesium,
1034 1475 1304 1530 Episcopum
1337 1476 1532 1523 Gallum,

74 1563 204 1604 quem
227 1549 339 1591 forte
360 1549 677 1590 Urbevetanus
702 1563 785 1588 non
820 1555 1015 1594 noverat,
1039 1547 1326 1602 respondisse,
1352 1548 1533 1593 utinam,

74 1621 130 1663 ad
151 1629 324 1664 cantum
346 1622 480 1678 hujus
504 1622 624 1663 Galli
646 1622 912 1662 excitaretur
936 1621 1106 1668 Petrus,
1130 1627 1172 1661 et
1202 1620 1323 1661 fleret
1360 1636 1503 1661 amare
1524 1637 1532 1661 :

72 1709 202 1750 quam
226 1695 548 1750 responsionem
573 1710 598 1735 a
619 1694 802 1749 reliquis
816 1700 968 1748 postea
991 1692 1146 1740 Gallis,
1169 1699 1212 1733 et
1234 1693 1533 1748 compluribus

74 1767 301 1823 Hispanis,
318 1776 451 1824 atque
469 1767 609 1816 Italis,
622 1781 783 1823 magno
805 1766 964 1821 plausu
983 1766 1249 1807 celebratum
1269 1766 1400 1806 fuisse
1418 1766 1533 1807 fama

72 1848 176 1882 erat.
212 1842 287 1883 Ad
299 1841 404 1891 haec,
419 1841 572 1882 Gallos
586 1840 746 1880 multos
760 1840 1004 1894 Episcopus
1022 1840 1145 1880 tanta
1159 1839 1326 1880 dicendi
1344 1839 1530 1888 licentia,

72 1918 137 1953 tot
153 1914 393 1955 maledictis
410 1914 452 1953 in
470 1928 537 1953 res
550 1912 756 1953 Urbanas
774 1927 872 1952 usos
894 1912 1039 1966 palam
1054 1912 1200 1959 fuisse,
1216 1928 1365 1953 omnes
1381 1912 1530 1953 audie-

70 1993 242 2034 rant‚ut
254 1987 448 2041 quidam,
463 1985 721 2026 mordaciter
736 1986 855 2033 satis,
870 1985 1106 2040 Synodum,
1123 2002 1175 2026 ex
1188 1985 1429 2041 Hispanica
1443 2002 1529 2027 sca-

73 2057 143 2099 bie
160 2059 203 2098 in
220 2059 419 2099 morbum
433 2059 652 2099 Gallicum
667 2057 880 2105 incidisse,
895 2056 1101 2098 dicerent.
1134 2057 1379 2097 Novissime
1395 2057 1528 2098 etiam

73 2128 251 2178 Lainez,
274 2130 463 2177 Jesuita,
487 2145 584 2170 cum
608 2129 748 2169 multa
769 2128 978 2169 adversus
1015 2129 1167 2169 Gallos
1201 2129 1528 2184 Hispanosque,

75 2203 350 2258 [eorumque]
379 2202 679 2257 exemptiones
705 2201 1179 2257 [dixei·at²],negotium
1200 2201 1253 2241 ad
1270 2202 1379 2241 Smum
1393 2202 1448 2241 D.
1473 2203 1529 2242 N.

71 2277 348 2319 referendum
379 2292 470 2318 esse
493 2276 739 2323 censuisset,
770 2275 1009 2316 multorum
1033 2291 1085 2316 ea
1107 2290 1175 2316 res
1197 2275 1344 2316 odium
1368 2275 1530 2315 exhau-

73 2358 200 2399 serat,
216 2352 457 2406 insanaque
479 2349 657 2390 consilia
679 2355 880 2396 auxerat,
904 2363 1000 2388 cum
1023 2348 1115 2388 hece
1135 2348 1232 2402 ipsi,
1250 2348 1304 2387 ab
1326 2362 1388 2393 e0,
1413 2362 1530 2387 man-

73 2424 279 2466 dantibus
299 2424 497 2480 Legatis‚
520 2423 810 2479 pronunciata
843 2427 1210 2468 asseverarentur,
1234 2427 1283 2461 ut
1305 2421 1382 2476 qui
1403 2420 1531 2461 disci-

74 2496 237 2551 plinam
251 2496 484 2544 Ecclicam,
504 2510 637 2551 quam
660 2509 805 2535 omnes
827 2493 1028 2534 ardenter
1044 2492 1221 2532 formari
1246 2493 1529 2547 expetebant,

73 2569 157 2625 ipsi
191 2570 338 2625 potius
373 2568 681 2625 repudiarunt,
723 2567 896 2621 alioque
939 2565 1161 2606 transferri
1194 2572 1408 2606 curarent.
1471 2567 1529 2608 Et

73 2634 274 2696 quamvis
314 2649 405 2683 tum
444 2641 603 2682 Lainez
641 2641 747 2694 ipse,
779 2639 854 2694 qui
892 2638 958 2678 vir
991 2643 1084 2678 erat
1117 2638 1303 2679 maxime
1337 2638 1449 2694 pius,
1485 2646 1528 2680 et

119 2746 124 2763 ¹
151 2746 287 2786 Perhaps
304 2745 353 2775 the
371 2746 440 2776 MS.
459 2746 483 2776 is
499 2746 602 2775 misso.

112 2797 124 2816 ²
150 2799 160 2827 l
181 2798 281 2835 might
296 2798 373 2828 have
389 2798 455 2827 said
472 2798 587 2833 before,
603 2797 668 2827 that
687 2799 698 2826 1
718 2795 809 2826 make
823 2808 854 2826 as
868 2795 951 2825 little
966 2795 1127 2825 alterati-iun
1143 2795 1172 2823 in
1190 2794 1241 2824 the
1257 2798 1321 2823 (ext
1335 2805 1367 2825 as
1385 2794 1528 2834 possible.
