1905 3254
695 275 803 305 suss.
830 276 890 306 ix.
1447 266 1531 308 633

71 389 120 423 ut
141 381 314 422 tandem
336 382 465 423 finem
490 381 685 423 Concilio
697 383 984 438 imponamus,
999 385 1116 441 quod
1137 392 1181 428 et
1200 387 1361 444 reliqui
1381 403 1528 430 omnes

73 455 278 496 Oratores
299 470 468 496 summo
491 454 635 496 studio
657 455 948 507 contendunt3
982 473 1120 513 quare
1141 474 1346 515 rogamus
1368 476 1458 509 vos,
1475 469 1528 502 ut

71 543 203 583 quam
225 528 476 569 brevissime
497 527 550 569 de
571 529 703 569 rebus
725 529 906 584 agendis
926 532 1182 572 sententiam
1205 532 1369 582 dicatis,
1392 541 1526 589 atque

70 602 235 643 omissis
273 602 488 650 omnibus,
520 616 622 658 quae
665 601 721 643 ad
762 603 951 658 speciem
990 603 1207 655 doctrinae,
1249 621 1328 648 seu
1363 608 1528 663 ingenii

70 681 282 730 spectant,
317 689 371 715 ea
402 680 575 715 tantum
609 689 710 730 quae
740 677 982 717 necessaria
1013 684 1127 726 sunt,
1158 679 1400 735 attingatis,
1430 695 1527 721 cum

69 755 324 790 ornamenta
342 748 513 804 reliqua
533 747 636 789 satis
657 749 859 789 omnibus
878 757 1106 806 perspecta
1126 751 1222 792 sint.

127 821 425 862 Postmodum¹
450 821 698 862 Cardinalis
718 822 1032 879 Lotharingius
1053 824 1387 880 propositionem
1422 824 1527 866 Car-

69 893 227 934 dinalis
250 893 421 935 Moroni
442 894 486 934 in
507 894 709 935 omnibus
730 895 949 950 probavit,
966 895 1184 952 fidemque
1200 896 1302 938 fecit
1323 897 1530 953 expedire

73 966 234 1007 Galliae
256 981 406 1022 regno,
421 975 472 1007 ut
497 966 739 1008 Concilium
758 969 930 1009 omnino
948 969 1204 1010 absolvatur
1225 986 1232 1010 ε
1265 969 1352 1010 duo
1365 977 1527 1017 autem,

69 1038 228 1094 inquit,
263 1053 349 1079 non
389 1038 602 1087 omittam,
647 1054 835 1095 quorum
870 1040 988 1081 111ΪΠΟΞ
1018 1040 1223 1096 Legatos,
1256 1048 1298 1082 et
1338 1042 1529 1098 reliquos

71 1112 225 1153 Patres
247 1111 488 1153 admonitos
518 1128 609 1154 esse
631 1113 768 1169 cupio.
829 1113 1029 1154 Primum
1061 1121 1137 1161 est,
1171 1121 1222 1155 ut
1252 1122 1352 1170 post
1381 1131 1530 1171 perac-

71 1193 162 1227 tam
182 1185 294 1227 hanc
326 1193 579 1242 sequentem
614 1187 867 1232 Sessionem,
898 1187 943 1226 in
975 1202 1063 1242 qua
1093 1193 1206 1243 puto
1237 1194 1351 1228 recte
1384 1188 1529 1230 omnia

72 1259 270 1301 concludi
307 1275 446 1316 posse,
489 1275 589 1316 quae
630 1266 879 1315 supersunt,
912 1266 1012 1315 post
1042 1275 1204 1316 paucos
1235 1261 1326 1302 dies
1356 1261 1531 1317 legatur

70 1333 247 1389 publice
278 1333 543 1374 confirmatio
577 1333 646 1372 S¹¹¹i
680 1332 757 1372 D¹¹i
799 1332 891 1378 Nfl,
922 1339 973 1372 ut
1004 1348 1105 1388 quae
1146 1333 1326 1374 feliciter
1363 1340 1531 1375 statuta

72 1413 188 1455 sunt,
212 1406 344 1447 etiam
365 1406 410 1446 in
431 1412 697 1461 perpetuum
725 1420 865 1446 aevum
897 1405 1191 1454 stabiliantur,
1226 1414 1269 1447 et
1300 1408 1532 1462 posteritas

74 1479 211 1520 omnis
233 1479 425 1520 fructum
449 1493 683 1534 perennem
715 1478 916 1518 laborum
949 1485 1190 1519 nostrorum
1223 1480 1392 1520 sentiat.
1458 1480 1530 1520 Se-

72 1553 264 1594 cundum
306 1560 384 1601 est,
427 1559 477 1594 ut
518 1551 779 1593 concedatur
816 1552 1018 1592 omnibus
1053 1552 1296 1608 Episcopis,
1337 1568 1433 1593 cum
1475 1553 1531 1594 ad

72 1627 294 1669 Ecclesias
317 1642 417 1668 suas
438 1626 661 1674 redierint,
685 1632 735 1666 ut
765 1625 932 1681 possint
958 1639 1097 1680 usque
1130 1625 1183 1665 ad
1216 1633 1382 1667 certum
1413 1627 1529 1668 diem

73 1699 324 1755 dispensare
345 1699 389 1739 in
410 1698 736 1754 impedimentis
768 1697 1045 1744 matrimonii,
1070 1704 1112 1738 ct
1134 1698 1357 1738 absolvere
1378 1699 1421 1738 in
1442 1698 1532 1739 foro

76 1773 352 1830 poenitentiae
375 1773 420 1813 in
442 1772 646 1813 omnibus
667 1771 868 1817 casibus,2
906 1778 956 1811 ut
977 1772 1041 1812 ita
1063 1771 1194 1812 etiam
1226 1772 1310 1827 ipsi
1341 1772 1532 1812 consola-

73 1847 235 1889 tionem
258 1854 302 1888 et
322 1846 523 1888 laetitiam
547 1845 775 1887 animabus
798 1845 886 1885 illis
909 1846 1142 1885 commissis
1163 1846 1330 1900 possint
1353 1845 1519 1886 afferre.

132 1918 314 1974 Reliqui
335 1919 489 1960 Patres
510 1918 746 1960 sententias
768 1932 869 1958 suas
900 1932 1046 1958 omnes
1069 1932 1199 1972 super
1221 1918 1351 1958 rebus
1372 1933 1528 1974 propo-

76 1991 169 2032 sitis
189 1990 331 2032 tribus
344 1990 498 2032 diebus
514 1991 798 2046 sequentibus
815 1989 1108 2037 absolverunt,
1124 1993 1280 2046 magna
1298 1989 1530 2032 admodum

75 2065 120 2105 in
147 2063 326 2105 dicendo
356 2065 573 2106 brevitate
604 2071 766 2120 praeter
796 2077 971 2110 morem,
1003 2063 1067 2103 ita
1096 2070 1145 2104 ut
1178 2063 1401 2119 aliquibus
1430 2079 1533 2106 ncn-

76 2138 201 2179 nulla
222 2139 370 2194 potius
400 2138 679 2194 praecipitari,
714 2151 849 2192 quam
881 2136 1121 2177 examinari
1152 2136 1417 2179 viderentur.
1479 2138 1534 2180 Id

77 2227 182 2254 vero
203 2213 290 2254 fuit
308 2213 354 2253 in
385 2227 528 2260 causa,
563 2211 768 2267 quoniam
801 2217 845 2251 et
874 2210 1038 2265 Legati
1071 2210 1216 2251 verbis
1246 2211 1346 2260 suis,
1376 2218 1419 2253 et
1448 2212 1532 2253 Lo-

75 2283 335 2340 tharingiuS,
353 2291 396 2325 et
416 2284 555 2325 literae
579 2299 632 2324 ex
653 2282 791 2331 Urbe,
814 2289 858 2323 ct
877 2282 1016 2323 literae
1040 2296 1064 2322 a
1088 2281 1288 2323 Caesarea
1308 2285 1533 2339 majestate

79 2357 201 2414 apud
225 2357 418 2413 Legatos
438 2372 518 2413 pro
539 2358 624 2398 fine
640 2356 822 2397 Concilii
842 2354 1094 2411 peragendo
1116 2355 1337 2396 instabant
1350 2373 1360 2405 3
1394 2357 1534 2397 novis-

78 2431 275 2486 simeque
306 2430 446 2471 literae
481 2429 668 2471 Caesaris
698 2429 995 2485 postulabant,
1029 2434 1080 2469 ut
1111 2428 1156 2468 in
1186 2427 1256 2469 die
1288 2429 1396 2470 festo
1427 2429 1535 2470 Divi

78 2503 285 2552 Andreae,
305 2504 338 2545 si
361 2504 454 2545 fieri
474 2510 637 2560 posset,
659 2510 855 2544 extrema
878 2502 1019 2543 Sessio
1044 2501 1291 2542 haberetur.
1355 2502 1536 2544 Mirum³

78 2591 180 2618 sane
193 2577 238 2618 id
251 2577 402 2618 multis
418 2576 663 2626 videbatur,
680 2576 909 2623 Caesarem,
925 2575 1001 2631 qui
1016 2575 1123 2616 alias
1137 2574 1377 2616 cunctando
1391 2575 1536 2631 potius

121 2700 130 2720 ¹
157 2702 262 2740 Rayn.
285 2701 355 2731 Post
373 2711 457 2739 cuin,
475 2700 546 2730 MS.

120 2760 133 2778 ²
158 2760 260 2798 Rayn.
277 2759 370 2789 omits
384 2759 434 2790 the
450 2757 624 2790 remainder
639 2758 674 2788 of
687 2756 736 2786 the
751 2761 892 2786 sentence
909 2755 940 2784 in
958 2754 1004 2784 his
1019 2759 1147 2784 exli-act.

123 2818 136 2835 ⁸
160 2818 298 2853 Merum,
316 2817 386 2848 MS.
