1905 3254
770 299 879 330 sEss.
906 299 983 330 vu.
1531 286 1611 328 287

156 406 303 455 debet,
337 422 448 456 eum,
471 410 621 464 aperta
643 408 1008 463 eonfllctanteque
1030 407 1225 463 quotidie
1243 409 1514 450 oecumenica
1538 409 1614 465 Sy-

155 480 282 529 nodo,
302 481 545 536 Episcopos
559 495 751 521 seorsum
770 495 912 537 agere,
931 487 1160 536 castraque
1174 481 1370 523 deserere
1386 481 1614 538 indignum

155 559 281 602 esset,
313 568 396 594 non
429 553 665 594 defuerunt
697 560 841 594 tamen
873 554 949 608 qui
979 568 1119 594 acrem
1141 554 1252 595 hanc
1275 555 1445 595 Summi
1467 556 1614 596 Ponti-

154 627 245 668 ficis
274 626 547 683 diligentiam
580 634 822 683 carperent,
860 642 957 668 cum
986 628 1099 668 mitti
1129 627 1213 668 huc
1248 629 1414 683 absque
1443 628 1614 670 delectu

156 699 452 757 intelligerent
474 700 690 741 Praelatos
713 700 845 741 etiam
866 715 1010 741 rerum
1034 700 1244 741 Ecclesiae
1267 716 1446 756 prorsus
1467 701 1613 749 rudes,

156 779 201 814 et
235 774 313 830 qui
348 789 574 830 nunquam
608 774 826 815 Ecclesias
861 789 962 815 suas
995 773 1212 821 viderunt,
1237 775 1363 829 quasi
1398 775 1614 815 Sanctitas

155 862 234 888 sua
265 862 496 889 numerum
537 849 684 904 potius
720 848 1011 890 Praelatorum
1048 863 1179 903 quam
1224 847 1395 902 pondus
1438 855 1481 889 et
1525 864 1611 889 me-

156 921 241 963 rita
273 936 439 971 eorum,
470 923 744 978 exquireret3
781 929 825 963 et
857 923 983 978 quasi
1017 923 1158 963 vereri
1187 922 1262 963 ille
1296 922 1531 971 videretur,
1562 938 1616 964 ne

157 994 266 1050 quid
288 994 474 1043 adversi,
500 994 645 1035 Gallis
664 994 1009 1043 advenientibus,
1034 994 1103 1035 hic
1121 995 1345 1042 accideret,
1367 995 1547 1050 perinde
1570 1010 1617 1036 ac

157 1068 193 1108 si
217 1069 284 1108 St&
307 1068 423 1109 illius
447 1067 569 1109 Sedis
592 1067 832 1109 authoritas
859 1083 910 1109 ea
940 1069 1008 1116 sit,
1039 1084 1138 1124 quae
1174 1068 1451 1109 Adversariis
1486 1070 1617 1110 obsis-

157 1141 366 1188 tentibus,
381 1141 515 1197 possit
531 1141 831 1182 succumbere.
867 1141 1150 1197 Objiciebant
1167 1148 1210 1182 et
1227 1142 1353 1189 illud,
1373 1142 1503 1197 quod,
1520 1159 1614 1184 cum

159 1213 354 1268 undique
376 1213 557 1254 Praelati
578 1213 841 1255 Tridentum
875 1213 1172 1270 adigerentur,
1206 1215 1428 1255 nonnullis
1458 1223 1614 1264 tamen,

157 1301 345 1341 quorum
378 1285 571 1327 doctrina
603 1292 737 1342 atque
766 1287 870 1328 vitae
896 1287 1180 1328 sanctimonia
1200 1287 1268 1327 hic
1291 1294 1487 1343 spectata
1508 1296 1615 1336 erat,

156 1359 362 1415 perfacile
388 1358 579 1400 abeundi
600 1359 773 1400 licentia
794 1360 996 1415 permitti
1020 1359 1266 1409 videbatur,
1291 1375 1376 1401 non
1398 1361 1544 1409 aliam,
1569 1368 1618 1401 ut

155 1433 242 1488 ipsi
263 1433 685 1489 interpretabantur,
707 1433 763 1474 ob
780 1448 952 1474 causam
977 1448 1108 1489 quam
1127 1434 1246 1489 quod
1266 1433 1310 1474 hi
1333 1435 1362 1475 J
1369 1435 1456 1475 uris
1479 1435 1618 1475 divini

157 1511 307 1561 partes
328 1505 429 1547 olim
449 1506 641 1562 amplexi
662 1513 825 1557 essent3
852 1522 939 1562 quo
961 1508 1004 1547 in
1021 1522 1202 1548 numero
1225 1508 1406 1548 fuerunt
1428 1506 1617 1563 Ragusi-

157 1593 254 1626 nus,
276 1578 503 1627 Reatinus,
524 1580 819 1630 Surrentinus,
838 1580 1055 1629 Sutrinus‚
1075 1587 1118 1621 et
1133 1579 1309 1636 quidam
1329 1581 1414 1621 alii.
1450 1581 1616 1621 Verum

158 1651 203 1692 hi
223 1652 268 1692 in
295 1667 345 1693 eo
367 1652 561 1701 fortasse,
585 1652 702 1707 quod
723 1653 898 1694 credere
919 1653 1034 1701 licet,
1063 1653 1342 1701 fallebantur,
1378 1669 1475 1694 cum
1509 1654 1618 1709 Epi-

161 1740 312 1781 seopos
329 1724 506 1781 quidem
526 1724 611 1765 huc
628 1739 776 1765 omnes
792 1725 995 1780 compelli
1012 1726 1205 1766 muneris
1222 1741 1371 1766 eorum
1386 1727 1619 1767 necessitas

161 1799 428 1855 postularet:
463 1798 695 1839 nonnullos
734 1799 866 1839 etiam
908 1797 978 1839 hie
1014 1797 1189 1846 dimitti,
1229 1806 1307 1841 aut
1355 1800 1618 1841 valetudinis

164 1873 289 1919 ratio,
314 1878 390 1912 aut
411 1870 603 1912 honestae
626 1872 725 1912 aliae
747 1887 890 1912 causae
913 1871 1086 1912 interim
1110 1871 1356 1913 suaderent.

219 1944 430 1986 Refertur
465 1951 564 2000 post
598 1944 691 1985 haee
722 1944 777 1985 ad
809 1945 1003 2001 Legatos
1037 1944 1231 1986 doctrina
1263 1952 1307 1986 et
1340 1945 1541 1987 Canones
1565 1945 1618 1987 de

162 2020 442 2060 Saeramento
477 2017 669 2066 Ordinis,
702 2017 1010 2073 delegatorum
1043 2018 1227 2058 Patrum
1250 2019 1426 2059 consilio
1448 2034 1618 2075 compo-

161 2093 260 2134 sita.
323 2092 487 2148 Legati
507 2090 601 2132 haec
623 2091 885 2132 Oratoribus
908 2090 1163 2145 Principum
1185 2090 1398 2146 imprimis
1421 2092 1619 2134 exhiberi

157 2165 332 2221 Jubent,
356 2171 408 2206 ut
429 2165 464 2205 si
485 2164 592 2220 quid
614 2179 764 2205 eorum
787 2165 968 2211 intersit,
993 2164 1254 2219 tempestive
1275 2165 1455 2219 possint,
1478 2166 1618 2222 prius-

162 2254 294 2296 quam
331 2240 497 2280 eaeteris
532 2238 732 2285 edantur,
775 2237 1006 2279 admoneri.
1068 2236 1175 2278 Inde
1219 2236 1617 2294 Congregationem

161 2312 409 2370 generalem
432 2311 634 2353 advocari
667 2310 887 2358 mandant,
922 2325 1021 2366 quae
1052 2317 1199 2351 tamen
1231 2310 1273 2349 in
1303 2310 1480 2351 tertium
1502 2310 1617 2352 diem

163 2391 316 2442 postea
348 2384 486 2426 dilata
518 2391 597 2433 est,
632 2386 724 2425 orta
756 2383 809 2424 de
845 2383 924 2425 loci
957 2383 1173 2440 dignitate
1206 2383 1477 2424 contentione
1507 2385 1620 2426 inter

165 2458 394 2500 Oratorem
416 2457 555 2498 Ducis
577 2457 799 2505 Bavariae,
834 2463 878 2497 et
902 2456 1133 2497 Oratorem
1159 2455 1491 2506 Helvetiorum3
1520 2472 1619 2498 cum

162 2532 402 2574 Helvetius
423 2546 448 2572 a
469 2531 559 2572 suis
579 2531 787 2572 mandata
806 2531 1044 2587 accepisset
1069 2531 1264 2585 proxime
1298 2537 1397 2585 post
1429 2530 1621 2573 Venetos

165 2606 327 2647 anteire
347 2611 586 2661 pateretur.
651 2605 799 2654 Quare
832 2603 1085 2645 mandatum
1120 2603 1216 2650 fuit,
1248 2609 1298 2644 ut
1323 2609 1478 2644 neuter
1505 2612 1617 2660 post-

161 2677 243 2719 hac
263 2678 308 2719 in
331 2678 728 2735 Congregationem
752 2677 958 2734 prodiret,
982 2675 1115 2716 donec
1136 2690 1203 2716 res
1225 2675 1490 2718 commodius
1512 2685 1618 2720 trac-

164 2757 346 2792 taretur.

223 2823 343 2866 Hine
374 2824 658 2879 subsequuta·
693 2831 796 2865 sunt
819 2824 955 2865 Pfum
988 2822 1216 2864 sententiae
1253 2829 1295 2863 et
1331 2822 1531 2865 Canones
1566 2825 1619 2867 de
