1905 3254
739 303 851 332 sess.
879 302 908 333 1.
1506 290 1556 330 19

94 409 222 451 Tunc
252 410 458 459 Naxien.,
483 410 764 452 altercatione.
797 411 911 451 omni
945 409 1158 466 deposita,
1182 412 1374 469 benigne
1397 413 1554 454 Braca-

92 496 260 524 rensem
283 485 442 539 praeire
464 499 617 540 passus
639 491 718 525 est.

152 554 267 596 Cum
308 556 450 612 igitur
487 557 719 598 Bracaren.
758 557 950 612 primum
986 558 1076 613 jam
1109 557 1250 599 locum
1284 566 1382 614 post
1413 559 1556 600 Patri-

94 627 242 669 archas
273 631 479 686 coepisset
512 630 724 678 obtinere,
762 629 1004 671 adveniunt
1036 631 1211 672 interim
1245 646 1299 672 ex
1332 631 1556 687 Hispania

94 700 274 744 Praelati
304 703 472 759 aliquot
505 703 713 759 Hispani.
778 703 849 744 Illi
885 702 1175 759 indignantur
1210 705 1357 745 statim
1396 705 1554 745 Braca-

91 788 258 816 rensem
280 777 325 816 in
348 776 543 817 Concilio
565 784 776 831 tanquam
810 777 1043 832 primatem
1068 777 1254 833 agnosci,
1273 792 1371 818 cum
1397 778 1555 818 unicus

94 852 266 888 tantum
299 849 356 889 sit
388 848 712 905 Hispaniarum
746 850 920 904 primas,
945 850 1069 905 isque
1101 850 1157 890 sit
1183 849 1555 906 Archicpiseopus

91 919 378 963 Tholetanus.
459 924 628 964 Petunt
669 922 766 963 ideo
809 921 1065 964 Bracarensi
1112 924 1252 965 locum
1294 926 1408 966 inter
1450 925 1555 966 alios

93 992 456 1051 Archiepiscopos
472 995 660 1037 decerni.
705 996 936 1037 Bracaren.
955 998 1264 1038 Antecessores
1285 1013 1398 1046 suos,
1421 999 1555 1039 etiam

93 1067 394 1122 antiquissima
438 1069 662 1110 hominum
705 1070 909 1110 memoria
951 1071 1163 1125 primates
1203 1071 1378 1112 habitos
1418 1072 1555 1112 fuisse

91 1139 400 1195 respondebat,
423 1157 558 1197 seque
581 1142 637 1182 ab
660 1157 710 1183 eo
733 1142 862 1182 titulo
880 1143 982 1197 jure
1006 1142 1180 1183 excludi
1203 1158 1288 1184 non
1311 1159 1435 1199 posse
1458 1159 1554 1192 suo,

92 1218 303 1267 tanquam
326 1212 560 1269 Hispaniae
582 1215 837 1269 primatem3
872 1222 949 1255 aut
970 1215 1122 1256 saltem
1145 1217 1271 1271 regni
1293 1217 1554 1265 Lusitaniae,

91 1290 144 1325 ut
176 1284 365 1326 Honorii
389 1285 480 1327 III.
514 1285 666 1327 Canon
689 1287 732 1326 in
764 1286 877 1326 libro
901 1287 1218 1336 Dec-retalium,
1242 1289 1384 1337 titulo,
1408 1289 1478 1330 De
1509 1290 1554 1330 in

91 1358 315 1414 integrum
332 1359 648 1407 Restitutione,
663 1361 808 1415 capite
832 1360 871 1402 72
896 1360 1102 1402 ostendit.
1153 1362 1347 1418 Hispani
1374 1363 1554 1419 replica-

92 1432 212 1484 bant,
237 1435 414 1476 unicum
450 1440 624 1475 tantum
662 1436 895 1490 primatem
929 1435 972 1475 in
1006 1442 1098 1476 toto
1121 1435 1355 1491 Hispanize
1377 1437 1554 1478 Lusita-

90 1507 266 1563 niaeque
306 1523 443 1564 regno
485 1509 673 1564 agnosci,
717 1523 908 1564 eumque
961 1509 1111 1564 procul
1162 1508 1302 1550 dubio
1342 1511 1556 1552 nominari

91 1579 402 1622 Tholetanum.
438 1580 551 1622 Cum
570 1581 701 1622 variis
722 1588 910 1637 utraque
933 1596 1034 1637 pars
1055 1582 1302 1623 rationibus
1322 1583 1554 1631 niteretur,

92 1668 233 1710 neque
251 1654 375 1696 facile
397 1654 538 1695 sedari
562 1670 613 1696 ea
634 1656 852 1696 eontentio
874 1663 1033 1711 posset,
1053 1655 1228 1696 tandem
1252 1657 1421 1697 Summi
1440 1658 1550 1698 Pon-

91 1728 218 1768 tificis
237 1728 490 1783 prudentia,
508 1729 587 1783 qui
612 1743 636 1768 a
657 1729 843 1784 Legatis
864 1743 915 1768 ea
936 1728 990 1768 de
1013 1743 1058 1768 re
1081 1729 1228 1769 fuerat
1250 1731 1452 1779 monitus,
1477 1746 1555 1786 per

91 1801 187 1856 ejus
207 1801 369 1849 literas,
393 1816 502 1856 quas
523 1801 636 1841 infra
659 1801 959 1856 subjiciemus,
982 1800 1160 1841 sublata
1180 1800 1280 1842 fuit.

148 1872 217 1914 Ea
233 1874 468 1927 composita
480 1873 708 1914 suboritur
723 1873 881 1913 altera:
905 1872 1098 1928 Hispani
1115 1874 1229 1913 enim
1252 1874 1552 1929 postulabant,

92 1952 144 1985 ut
165 1945 249 1986 sibi
270 1945 398 1986 liceat
415 1945 565 1986 eodem
587 1945 760 1993 habitu,
779 1960 875 1986 cum
898 1951 1090 1986 mozetta
1109 1950 1116 1967 ¹
1141 1946 1278 2003 vulgo
1295 1946 1422 1996 dieta,
1441 1948 1551 1989 ince-

90 2017 208 2067 dere,
232 2033 320 2074 quo
341 2018 424 2074 ipsi
449 2019 492 2059 in
515 2018 722 2059 Ecclesiis
744 2019 834 2058 suis
859 2024 1062 2058 utuntur.
1107 2018 1263 2059 Visum
1287 2027 1353 2061 est
1369 2021 1554 2077 Legatis

89 2091 166 2133 hoc
182 2106 358 2147 quoquc
374 2092 574 2132 Pontifici
590 2092 846 2147 significare.
891 2091 1069 2140 Quibus
1082 2106 1160 2146 per
1175 2091 1380 2133 Carolum
1398 2093 1553 2135 Cardi-

88 2165 231 2206 nalcm
250 2165 511 2206 Boromeum
529 2164 839 2212 Mediolancn.,
859 2164 1014 2204 sororis
1036 2179 1128 2204 suae
1150 2165 1299 2214 filium,
1314 2167 1553 2208 Pontificiis

89 2239 280 2294 negotiis
310 2238 582 2294 praefectum,
604 2238 911 2294 respondetur.
977 2237 1148 2290 (Solent
1169 2253 1358 2294 namque
1383 2241 1553 2281 Summi

91 2309 334 2358 Pontifices,
369 2317 446 2350 aut
483 2311 814 2366 ingravescente
838 2316 981 2357 a‘tate,
1016 2316 1094 2349 aut
1127 2310 1241 2350 curis
1273 2312 1553 2366 gravioribus

89 2382 306 2438 impediti,
349 2382 539 2438 aliquem
581 2397 634 2423 ex
674 2382 977 2423 Cardinalium
1019 2381 1169 2422 ordine
1210 2383 1295 2422 sibi
1337 2384 1552 2439 imprimis

89 2455 224 2496 fidum
262 2471 309 2496 ac
344 2455 607 2511 prudentem
645 2455 853 2511 deligere,
888 2456 965 2511 qui
999 2456 1172 2495 nomine
1197 2455 1430 2504 Pontificis,
1455 2463 1550 2499 tum

89 2528 284 2583 privatas
313 2528 464 2569 literas
496 2528 808 2575 conscribendi,
832 2535 926 2568 tum
962 2528 1046 2568 alia
1078 2542 1179 2582 quw
1211 2527 1324 2567 idem
1348 2529 1552 2571 Pontifex

85 2600 267 2656 jusserit
296 2600 476 2655 negotia
509 2599 705 2655 gerendi,
732 2601 808 2655 jus
837 2599 1035 2652 habeat.)
1102 2600 1388 2641 sanctitatem
1425 2616 1549 2643 suam

89 2673 216 2728 parvi
259 2673 486 2719 aestimare,
527 2671 710 2721 huncne,
756 2673 824 2712 vel
864 2672 1000 2721 illum,
1044 2673 1248 2712 amictum
1293 2680 1461 2728 gerant,
1505 2690 1550 2716 se

90 2751 234 2787 tamen
271 2745 315 2785 in
348 2745 546 2800 proximo
581 2746 831 2787 consistorio
863 2760 958 2786 cum
992 2745 1203 2786 fratribus
1235 2760 1472 2788 sermonem
1495 2748 1548 2789 de

221 2832 228 2850 ¹
255 2832 380 2864 Pallav.
398 2834 452 2864 lst.
471 2833 521 2864 del
539 2833 638 2863 Cone.
656 2833 756 2865 Trid..
772 2833 827 2863 lib.
846 2844 896 2864 xv.
914 2844 982 2873 cap.
1000 2832 1069 2862 xiii.
1085 2833 1100 2872 ᾧ
1116 2834 1145 2861 5.
1194 2833 1340 2865 Merletta
1357 2835 1439 2866 MS.

1236 2906 1260 2931 (τ
1294 2894 1319 2932 2
