1905 3254
675 317 784 348 sess.
809 318 885 348 vn.
1429 303 1512 343 319

56 425 118 465 ita
137 424 280 478 pacati
301 428 402 464 sunt
423 422 654 464 tumultus.
717 424 743 463 J
747 424 858 465 osias
879 423 975 465 Rex
996 423 1342 473 laudatissimus,
1365 430 1409 465 et
1429 424 1511 464 sin-

56 494 264 535 cerrimus
305 492 623 535 Ecclesiasticae
659 494 902 551 disciplinae
938 502 1112 537 exactor
1152 502 1197 537 et
1238 496 1506 539 reformator,

56 567 220 607 librum
243 566 358 622 legis
380 567 436 606 ab
458 565 637 607 Heleia¹
671 582 831 623 magno
853 568 1075 609 sacerdote
1102 574 1344 623 repertum,
1380 571 1512 624 (post—

56 654 187 695 quam
220 638 441 679 hominum
473 639 644 680 malitia
673 640 807 696 longo
836 646 1030 695 tempore
1053 655 1314 695 suppressus
1334 640 1510 694 fuerat)

54 710 245 765 primum
278 710 388 765 legit
421 710 767 766 diligentissime,
804 711 963 752 deinde
995 711 1159 752 lectum
1192 712 1394 752 recitavit
1429 713 1512 753 Po-

55 783 174 839 pulo.
236 782 353 823 Tum
386 798 440 824 ex
470 783 591 823 illius
625 783 882 838 praescripto
915 784 1026 824 ritus
1047 790 1090 824 et
1118 791 1342 839 praecepta
1361 784 1515 825 divina

55 855 219 897 Judaeis
246 855 465 902 restituit3
502 856 666 896 strenui
692 856 758 896 illi
780 855 1009 896 Nehemiae
1042 856 1214 904 milites,
1243 871 1353 912 quos
1373 863 1513 898 tanto-

56 942 161 984 pere
184 927 453 968 commendat
478 927 830 983 Chrysostomus,
864 928 999 969 altera
1021 927 1200 983 quidem
1222 943 1353 969 manu
1375 930 1514 970 telum

55 1001 279 1049 tenebant,
316 1001 455 1042 altera
486 1016 632 1042 muros
664 1000 947 1041 Hierusalem
985 1000 1286 1051 aedlficabant3
1322 1001 1401 1043 hoc
1434 1009 1513 1051 est,

56 1073 301 1114 Ecclesiam
331 1088 384 1114 ex
412 1073 605 1128 antiquis
626 1073 807 1114 Patrum
844 1072 1017 1128 legibus
1050 1074 1355 1115 restituebant.
1417 1075 1517 1115 Nisi

55 1144 147 1186 haec
175 1146 296 1194 fiant,
332 1146 488 1186 Patres
514 1145 796 1193 Sanctissimi,
831 1145 994 1185 frustra
1029 1160 1054 1185 a
1086 1145 1210 1186 vobis
1242 1147 1514 1201 rogabimur‚

56 1231 160 1257 num
182 1216 314 1257 etiam
336 1223 494 1271 pacata
526 1222 591 1256 est
613 1216 794 1256 Gallia?
830 1230 906 1256 nos
936 1216 1049 1256 enim
1082 1216 1205 1256 vobis
1235 1217 1515 1271 respondebi-

57 1302 167 1334 mus,
197 1286 315 1343 quod
335 1287 363 1327 J
368 1286 453 1328 ehu
474 1286 589 1342 Regi
611 1288 636 1327 J
642 1302 759 1328 oram
783 1288 971 1343 roganti,
1000 1302 1105 1327 num
1127 1302 1228 1342 pax,
1260 1303 1366 1330 num
1398 1291 1516 1343 pax?

58 1367 102 1402 et
132 1359 366 1417 quomodo,
402 1360 543 1416 inquit
574 1360 661 1408 ille,
694 1375 794 1416 pax,
827 1376 925 1401 cum
958 1361 1099 1401 adhuc
1130 1362 1349 1417 supersint
1380 1369 1424 1403 et
1455 1363 1516 1403 vi-

58 1441 193 1490 geant
203 1434 413 1475 ?—nostis
434 1440 606 1475 caetera.
650 1432 749 1481 His,
765 1433 832 1474 his
852 1434 985 1475 rebus
1006 1434 1195 1490 diligens
1213 1435 1342 1477 detur
1359 1450 1515 1491 opera;

58 1521 136 1548 nos
167 1507 331 1548 frustra
363 1506 666 1563 confugiemus
699 1506 754 1547 ad
785 1507 1075 1562 potentissimi
1106 1508 1227 1549 illius
1260 1515 1304 1550 et
1339 1509 1517 1549 maximi

60 1579 197 1636 Regis
220 1580 437 1621 Catholici
459 1581 724 1629 affinitatem,
758 1580 1029 1636 singularem
1057 1581 1304 1629 amicitiam,
1332 1581 1515 1622 incredi-

61 1651 195 1692 bilem
227 1651 564 1702 liberalitatem3
598 1652 762 1692 frustra
792 1653 920 1693 fidem
953 1659 996 1693 et
1024 1653 1238 1693 auxilium
1261 1653 1515 1708 implorabi-

59 1738 158 1764 mus
180 1724 302 1765 Pont.
327 1724 467 1773 Max„
492 1724 612 1765 Sermi
644 1724 913 1766 Venetorum
935 1725 1162 1774 Domini;²
1198 1725 1515 1781 Lotharingiae‚

61 1796 352 1853 Allobrogum
368 1803 412 1838 et
426 1796 654 1838 Hetruriae
672 1796 920 1852 principum
939 1797 1171 1837 auxiliares
1191 1798 1360 1852 copias;
1383 1798 1516 1839 fallax

62 1869 175 1910 enim
201 1869 326 1923 (mihi
347 1869 526 1922 credite)
555 1870 640 1910 erit
662 1884 804 1924 equus
825 1869 880 1909 ad
901 1868 1101 1916 salutem,
1124 1869 1207 1909 nisi
1230 1869 1321 1910 haec
1345 1885 1371 1911 a
1392 1871 1519 1911 vobis

62 1943 179 1984 fiant.
242 1943 521 1984 Turbabitur
561 1943 685 1983 brevi
724 1943 859 1983 nimia
899 1941 1170 1997 quorundam
1211 1943 1432 1992 securitas,
1472 1951 1518 1985 et

65 2015 186 2072 quod
221 2021 356 2072 caput
387 2022 466 2064 est,
498 2016 576 2071 qui
612 2016 777 2056 interea
807 2014 1028 2069 peribunt,
1060 2015 1233 2056 tametsi
1264 2015 1308 2056 id
1332 2017 1418 2057 illis
1439 2022 1517 2058 sua

62 2089 242 2145 propria
261 2089 494 2144 iniquitate
517 2095 561 2129 et
577 2094 753 2143 peccato
775 2088 958 2136 eveniet,
978 2087 1101 2128 vobis
1122 2094 1271 2128 tamen
1292 2089 1518 2144 peribunt,

63 2159 142 2202 hoc
176 2168 241 2202 est
273 2162 449 2218 sanguis
478 2161 653 2202 illorum
686 2160 739 2201 de
771 2175 906 2201 manu
944 2166 1090 2201 vestra
1123 2160 1398 2215 requiretur:
1441 2163 1519 2204 sed

65 2234 323 2289 priusquam
355 2248 432 2274 nos
465 2233 520 2274 ad
555 2248 606 2274 ea
636 2234 877 2279 veniamus,
912 2247 1011 2288 quae
1045 2248 1123 2273 suo
1145 2232 1239 2273 loco
1261 2240 1304 2274 et
1324 2239 1519 2291 tempore

64 2322 213 2349 sumus
235 2307 406 2356 dicturi,
422 2307 750 2362 secundumque
767 2305 1073 2347 mandatorum
1095 2312 1338 2347 nostrorum
1357 2308 1519 2350 formu«

63 2379 151 2420 lam
175 2395 372 2435 agemus,
399 2380 592 2435 petimus
614 2395 639 2420 a
661 2379 798 2439 yobis,
833 2378 1139 2433 sapientissimi
1161 2378 1327 2425 Patres,
1353 2394 1378 2419 a
1397 2381 1520 2422 vobis

63 2453 258 2508 inquam,
283 2468 392 2509 quos
413 2456 554 2494 vestra
576 2459 731 2508 sponte
753 2452 911 2493 scimus
939 2466 1030 2492 esse
1053 2451 1157 2491 satis
1178 2451 1389 2500 incitatos,
1412 2468 1519 2510 quo-

64 2540 251 2582 rumque
284 2526 475 2582 pietatis,
509 2526 747 2581 religionis,
778 2533 823 2567 et
854 2526 898 2565 in
927 2539 1074 2566 omnes
1105 2524 1302 2566 homines
1324 2527 1520 2569 caritatis

109 2659 119 2679 ¹
143 2662 212 2692 Itis
229 2663 318 2693 Altia
342 2663 373 2692 in
400 2663 450 2693 the
473 2663 558 2700 MS„
576 2663 654 2694 after
676 2663 727 2693 the
753 2662 838 2694 other
863 2666 1075 2701 cotemporary
1090 2660 1208 2692 edition
1230 2666 1262 2692 at
1288 2662 1413 2694 Brixia.
1457 2664 1522 2695 The

65 2717 146 2758 Ripa
160 2718 278 2749 edition
301 2719 356 2749 has
380 2719 475 2757 Abia,
490 2719 589 2750 astill
611 2730 705 2752 worse
731 2719 922 2760 corruption.
972 2719 987 2748 I
1006 2717 1111 2749 follow
1136 2717 1188 2748 the
1212 2718 1415 2751 rectification
1439 2731 1473 2752 as
1498 2721 1524 2752 it

65 2775 168 2805 stands
183 2775 214 2805 in
232 2775 275 2806 Le
292 2776 376 2806 Plat.

109 2830 123 2848 ²
145 2831 284 2872 Altered,
298 2832 418 2872 against
434 2833 483 2864 the
499 2835 574 2866 MS.
592 2834 655 2865 and
669 2834 721 2865 the
737 2834 819 2875 Ripa
833 2834 961 2872 edition,
977 2837 1008 2864 to
1025 2832 1124 2863 Ducis
1140 2832 1172 2862 in
1188 2832 1231 2864 Le
1246 2832 1329 2865 Plat.
