1905 3254
352 321 435 362 356
972 331 1081 362 sess.
1107 331 1184 360 vn.

354 444 434 485 hoc
456 441 695 483 dominium
721 439 923 496 pendere,
947 438 1129 493 aliisque
1152 435 1292 477 causis
1313 434 1514 476 adscribi.
1577 431 1812 478 Caeterum,

358 514 475 571 quod
509 514 563 555 ad
596 513 834 554 doctrinam
860 511 1031 559 attinet,
1052 509 1193 550 multa
1213 508 1252 549 ei
1275 507 1422 548 adesse
1444 503 1682 561 respondit,
1703 509 1747 544 et
1766 508 1817 544 ut

357 586 535 642 quidam
559 585 673 626 dixit
695 590 791 625 erat
812 583 958 624 brevis
979 582 1180 638 prolixa.¹

417 658 504 700 Hic
524 657 714 700 dicendis
735 656 960 698 sententiis
981 655 1090 701 finis,
1114 669 1211 709 quae
1233 668 1332 694 cum
1355 651 1548 693 omnium
1578 650 1668 690 fere
1690 662 1818 690 aures

358 739 452 774 tum
477 732 742 787 prolixitate,
766 737 861 771 tum
890 728 976 769 acri
1003 726 1315 782 disceptatione
1338 725 1602 780 defatigatas
1620 720 1818 776 reliquis-

360 811 467 853 sent,
491 804 610 845 varic
643 802 827 844 subinde
859 801 952 841 haec
985 799 1267 855 dijudicandi,
1291 813 1339 839 ac
1368 804 1531 838 temere
1563 795 1650 835 alia
1676 794 1817 849 suspi-

361 876 487 918 candi
508 874 806 930 compluribus
827 872 1089 913 occasionem
1113 871 1416 926 praebuerunt.
1460 867 1685 923 Imprimis
1705 866 1819 907 enim

362 948 602 1002 Hispanos,
617 946 774 986 Patres
789 944 919 984 multi
933 942 1223 989 mirabantur,
1242 940 1349 981 adeo
1362 940 1442 980 hac
1462 940 1507 979 in
1528 954 1574 979 re
1596 938 1821 979 unanimes

363 1028 499 1076 atque
535 1018 736 1059 ardentes
771 1031 816 1057 se
849 1015 1099 1061 ostendisse,
1129 1020 1180 1054 ut
1207 1012 1454 1068 jurisdictio
1477 1011 1537 1052 eis
1557 1010 1726 1051 diutius
1746 1009 1821 1050 tri-

362 1094 471 1134 buta
493 1106 585 1133 esse
607 1090 918 1137 declareretur,
947 1103 1026 1129 nec
1047 1102 1157 1135 eam,
1181 1101 1312 1142 quam
1336 1100 1428 1141 prae
1449 1100 1493 1126 se
1515 1083 1714 1125 ferebant
1745 1097 1822 1123 au-

362 1164 582 1207 thoritatis
613 1162 771 1204 summi
804 1160 1026 1202 Pontificis
1051 1160 1263 1200 rationem
1296 1158 1567 1199 habuissent.
1630 1156 1825 1198 Aiebant

365 1238 542 1294 quidam
571 1237 818 1278 inveterata
849 1234 1061 1275 adversus
1084 1232 1476 1288 Archiepiscopum
1498 1230 1823 1286 Hispalensem,

365 1323 584 1351 summum
613 1307 933 1362 Hispaniarum
966 1305 1294 1360 Inquisitorem,
1317 1304 1523 1345 simulate
1552 1303 1646 1344 haec
1681 1302 1735 1343 ab
1764 1301 1826 1343 eis

365 1381 530 1437 urgeri,
553 1386 602 1420 ut
633 1394 682 1420 eo
714 1378 899 1426 facilius,
923 1378 958 1418 si
991 1378 1053 1417 eis
1085 1377 1287 1422 licuisset,
1311 1376 1367 1416 ab
1400 1380 1497 1431 ejus
1528 1390 1573 1416 se
1602 1378 1826 1430 potestate

367 1454 618 1495 eximerent.
682 1451 790 1499 Alii,
811 1449 921 1490 nihil
955 1448 1076 1489 aliud
1104 1463 1175 1489 eos
1204 1463 1337 1504 quam
1357 1462 1448 1488 rem
1470 1462 1594 1487 suam
1618 1460 1826 1501 quaerere,

367 1528 549 1583 haecque
578 1526 692 1581 juris
723 1524 876 1571 divini,
901 1538 1000 1579 quae
1036 1523 1091 1563 ab
1123 1523 1185 1563 eis
1216 1530 1491 1578 sparguntur
1522 1521 1686 1562 semina
1712 1535 1737 1561 a
1757 1535 1825 1560 su-

368 1600 615 1656 perioribus
663 1598 717 1638 de
761 1596 997 1638 residentia
1033 1595 1337 1635 controversiis
1371 1601 1621 1650 propagata
1653 1593 1708 1634 ad
1740 1608 1827 1633 am-

368 1671 648 1729 plificandam
678 1685 826 1712 eorum
863 1668 1191 1716 authoritatem,
1215 1666 1630 1722 diminuendamque
1661 1666 1830 1707 Summi

369 1743 588 1784 Pontificis
610 1742 653 1782 in
676 1756 748 1782 eos
769 1746 1035 1796 potestatem
1059 1739 1249 1780 tendere.
1314 1739 1420 1787 Alii,
1442 1739 1554 1779 bono
1575 1753 1647 1779 eos
1670 1739 1761 1780 zelo
1783 1754 1831 1779 ac

369 1816 556 1858 stimulis
596 1815 869 1855 conscientiae
912 1813 1137 1869 impulsos,
1172 1812 1290 1868 quod
1324 1813 1386 1853 ita
1424 1812 1689 1853 Christiana}
1729 1812 1830 1853 Rei-

370 1890 563 1947 publicae
582 1889 825 1930 consultum
844 1887 1108 1943 judicarent,
1127 1886 1220 1926 haee
1244 1886 1494 1942 arripuisse,
1524 1893 1567 1927 et
1587 1886 1830 1941 praesertim

371 1964 500 2020 quod,
536 1962 720 2004 authore
758 1961 986 2002 Francisco
1023 1960 1076 2001 de
1109 1960 1315 2005 Victoria,
1353 1975 1406 2000 cx
1444 1963 1570 2015 cujus
1607 1959 1832 2015 gymnasio

373 2037 501 2077 multi
543 2035 622 2091 qui
661 2035 747 2075 huc
789 2048 1025 2074 convenere
1067 2033 1222 2073 Patres
1263 2032 1511 2080 exilierunt,
1553 2032 1645 2073 haec
1686 2031 1832 2088 opinio

372 2110 539 2166 pridem
564 2110 617 2150 ab
634 2108 954 2163 Hispaniarum
971 2106 1220 2147 Academiis
1242 2106 1376 2146 fuerit
1397 2105 1673 2162 apprehensa
1682 2122 1692 2155 ;
1715 2104 1833 2161 quod

373 2199 476 2225 sane
496 2183 773 2239 probabilius
796 2181 983 2229 videtur,
1006 2196 1103 2221 cum
1139 2187 1182 2221 ct
1217 2180 1293 2220 alii
1324 2180 1494 2234 aliquot
1524 2194 1609 2220 non
1642 2178 1834 2234 Hispani

374 2258 542 2305 Patres,
578 2257 641 2297 ita
678 2256 745 2296 Stae
784 2254 994 2295 Ecclesiae
1036 2253 1244 2307 expedire
1279 2252 1488 2308 persuasi,
1523 2252 1703 2292 eandem
1741 2265 1834 2292 sen-

373 2331 555 2372 tentiam
589 2329 684 2384 pari
718 2327 862 2369 studio
894 2326 1058 2366 fuerint
1090 2325 1295 2380 amplexi.
1362 2326 1411 2365 In
1435 2325 1594 2366 Galliis
1621 2324 1734 2365 illud
1760 2325 1834 2365 ob-

374 2409 610 2450 servatum,
633 2400 753 2456 quod
774 2415 869 2441 cum
902 2398 1151 2439 Cardinalis
1173 2397 1504 2453 LotharingiUS,
1529 2404 1572 2438 et
1592 2397 1771 2453 publice
1793 2403 1836 2438 et

376 2476 598 2532 privatim,
615 2489 688 2515 eos
704 2471 1021 2529 reprehendere
1039 2472 1159 2511 visus
1181 2478 1305 2519 essct,
1325 2471 1403 2526 qui
1423 2470 1533 2511 hanc
1555 2470 1835 2526 quaestionem

419 2588 428 2605 ¹
454 2584 529 2614 This
552 2587 705 2617 sentence,
723 2581 827 2611 which
852 2580 877 2609 is
901 2584 955 2609 not
982 2590 1053 2618 very
1071 2578 1270 2617 intelligible‚
1294 2578 1323 2608 if
1345 2583 1473 2615 correct,
1487 2578 1605 2617 though
1630 2579 1644 2607 I
1670 2578 1749 2608 have
1771 2588 1837 2608 cor-

376 2638 480 2668 rected
496 2636 643 2678 quaedam
662 2635 726 2664 into
742 2633 886 2674 quidam,
902 2633 926 2662 is
942 2632 1073 2662 omitted
1089 2632 1130 2670 by
1146 2631 1340 2670 Raynaldus,
1358 2631 1448 2669 1562,
1467 2631 1576 2660 cxxiv.
1623 2630 1668 2660 He
1683 2630 1837 2670 proceeds,

377 2690 525 2726 however,
549 2693 579 2719 to
602 2698 685 2718 some
709 2691 813 2717 extent
837 2686 869 2715 in
895 2685 1103 2723 transcribing
1136 2684 1288 2723 Paleotto,
1315 2683 1418 2714 which
1443 2694 1518 2722 may
1542 2694 1626 2714 serve
1653 2683 1727 2713 with
1753 2683 1840 2713 other

379 2741 530 2771 instances
552 2744 583 2769 to
609 2739 702 2777 show,
720 2743 781 2775 too,
798 2738 864 2768 that
887 2737 924 2767 he
952 2737 977 2767 is
1002 2736 1194 2776 sweepingly
1212 2736 1346 2774 charged
1363 2736 1437 2766 with
1466 2735 1607 2774 deriving
1633 2735 1681 2765 his
1706 2738 1839 2766 extracts

377 2792 508 2832 through
525 2792 731 2829 Pallavicim),
745 2791 813 2822 who
828 2790 898 2820 here
914 2790 1001 2830 quite
1017 2789 1189 2830 pretermits
1203 2789 1254 2818 the
1270 2788 1413 2828 original.
