1905 3254
355 292 438 334 270
987 304 1097 335 sEss.
1126 305 1182 333 vi.

354 420 560 462 meretur,
595 413 738 454 veluti
784 411 837 453 de
878 411 976 459 illis,
1031 425 1131 466 quae
1172 410 1299 451 certis
1344 409 1618 465 temporibus
1666 409 1813 465 aliquo

354 487 524 535 sacello,
568 493 645 527 aut
684 485 831 526 Altari
892 499 946 526 ex
993 484 1218 525 voluntate
1270 482 1511 523 Testatoris
1558 488 1659 523 sunt
1704 482 1814 523 cele-

354 559 545 600 brandae.
608 560 766 600 Postea
788 557 941 599 Canon
969 557 1170 598 redactus
1203 556 1288 596 fuit
1325 555 1382 595 ad
1413 555 1548 595 verba
1580 554 1813 610 generalia,

354 639 487 687 prout
506 631 635 672 hodie
657 637 789 672 extat.
854 630 1066 686 Optasset
1088 629 1219 669 etiam
1243 628 1537 684 SegobiensiS,
1569 635 1619 669 ut
1653 627 1815 668 Clerici

356 704 442 745 duo
464 710 671 760 spectatae
693 703 929 759 probitatis
951 704 995 743 in
1018 702 1204 758 singulis
1226 702 1412 743 ecclesiis
1432 701 1813 747 constituerentur,

356 778 433 833 qui
454 792 601 820 omnes
623 777 918 832 eleemosynas
941 791 1021 832 pro
1046 775 1193 815 Missis
1215 774 1485 816 celebrandis
1507 775 1675 816 oblatas
1697 774 1814 815 colli-

356 857 522 907 gerent,
555 851 742 905 illasque
774 850 886 890 inter
919 864 1040 890 sacra
1075 850 1281 889 facientes
1316 848 1643 896 distribuerent,
1672 848 1735 888 ita
1766 852 1817 887 ut

355 939 482 964 nemo
504 939 582 979 spe
604 923 713 964 certi
733 923 845 963 lucri
867 922 1121 963 celebraret.

416 996 470 1037 Id
501 1011 679 1051 quoque
716 996 948 1036 tentabant
985 995 1135 1050 aliqui,
1171 1000 1221 1034 ut
1252 992 1561 1049 prohiberetur
1593 1008 1647 1033 ne
1679 1007 1817 1048 prope

357 1070 545 1118 Altaria,
564 1069 644 1109 ubi
664 1068 976 1110 celebrandum
999 1075 1126 1116 esset,
1149 1066 1362 1108 cadavera
1383 1067 1698 1123 sepelirentur3
1730 1066 1816 1114 sed,

358 1159 457 1185 cum
483 1157 568 1183 non
590 1142 694 1183 satis
716 1141 944 1183 definitum
972 1147 1095 1189 esset,
1125 1141 1239 1181 intra
1272 1140 1392 1195 quod
1422 1140 1614 1195 spatium
1647 1154 1700 1180 ea
1732 1139 1819 1179 sint

357 1215 596 1264 humanda,
636 1215 723 1255 imo
764 1229 818 1255 ex
857 1214 1102 1254 inveterato
1145 1228 1228 1253 usu
1270 1212 1460 1268 quodam
1500 1211 1694 1252 omnium
1730 1211 1818 1252 fere

358 1288 655 1329 Ecclesiarum
689 1286 899 1327 cadavera
939 1287 1054 1326 intra
1088 1285 1279 1341 Templa
1320 1285 1603 1340 sepeliantur,
1640 1299 1752 1325 nunc
1783 1283 1819 1324 si

359 1359 682 1416 prohibendum
710 1365 815 1406 erat,
848 1373 901 1398 ne
931 1373 1070 1413 prope
1093 1358 1248 1399 Altare
1272 1358 1547 1405 collocentur,
1572 1358 1668 1406 &c.‚
1690 1357 1821 1413 plura

359 1433 605 1489 sepulchra,
648 1438 693 1473 et
734 1431 1155 1487 magnificentissima
1201 1437 1323 1471 erant
1367 1430 1614 1478 evertenda,
1657 1430 1820 1483 quibus

360 1513 568 1547 ornantur
590 1505 704 1546 aedes
727 1520 853 1546 sacrae
868 1521 879 1555 3
913 1512 956 1546 et
978 1505 1165 1560 suspicio
1199 1511 1307 1552 erat,
1339 1518 1394 1544 ne
1425 1502 1471 1543 id
1500 1503 1633 1544 etiam
1655 1518 1819 1559 repug-

359 1580 570 1620 nantibus
600 1577 720 1618 laieis
753 1578 954 1633 praestari
975 1583 1132 1632 posset,
1165 1576 1218 1615 iis
1252 1575 1497 1630 praesertim
1528 1574 1574 1614 in
1600 1573 1820 1621 Ecclesiis,

361 1651 440 1691 ubi
462 1650 692 1706 sepulchra
712 1649 902 1705 Regum,
921 1649 1113 1696 Ducum,
1142 1655 1186 1688 et
1202 1647 1458 1702 Principum
1481 1645 1819 1702 conspiciuntur,

361 1739 550 1781 quorum
573 1738 837 1764 successores
860 1737 911 1763 ea
933 1721 1028 1762 tolli
1054 1736 1139 1762 non
1165 1728 1439 1777 paterentur.
1501 1720 1571 1761 De
1591 1721 1756 1761 musica
1776 1720 1821 1760 in

360 1796 517 1837 divinis
539 1794 724 1851 agenda,
748 1794 922 1835 tametsi
954 1793 1090 1849 aliqui
1123 1809 1221 1835 eam
1255 1794 1404 1850 potius
1436 1793 1479 1832 in
1502 1793 1626 1834 Ecciis
1647 1792 1820 1833 damna-

360 1876 468 1916 rent,
490 1868 653 1923 reliqui
673 1874 835 1915 tamen,
868 1873 911 1907 et
932 1867 1177 1922 praesertim
1211 1866 1405 1922 Hispani
1435 1881 1531 1906 eam
1564 1866 1737 1906 omnino
1767 1880 1822 1906 ex

363 1943 666 1998 antiquissimo
690 1940 929 1982 Catholicae
963 1940 1078 1981 Eoeae
1104 1940 1303 1980 instituto
1334 1939 1390 1980 ad
1417 1939 1696 1981 excitandum
1720 1938 1821 1980 fide-

360 2017 470 2057 lium
493 2016 536 2056 in
557 2015 706 2056 Deum
740 2014 942 2055 affectum
974 2013 1244 2054 retinendam
1278 2019 1546 2061 censuerant,
1580 2011 1707 2053 modo
1733 2012 1821 2053 las-

361 2090 475 2130 civia
494 2088 830 2144 petulantiaque
853 2093 1039 2136 vacaret,
1063 2093 1106 2127 et
1122 2086 1267 2142 quoad
1288 2090 1384 2141 ejus
1404 2087 1499 2128 fieri
1519 2092 1666 2142 posset
1687 2086 1824 2126 verba

362 2162 609 2203 canentium
631 2162 687 2202 ab
711 2160 994 2202 audientibus
1015 2160 1384 2215 intelligerentur.
1447 2159 1491 2199 A
1513 2159 1663 2200 multis
1691 2159 1822 2200 etiam

362 2236 447 2277 fuit
468 2236 672 2291 petitum,
697 2242 748 2276 ut
769 2233 1015 2274 meretrices
1047 2233 1240 2288 publicae
1262 2248 1287 2274 a
1308 2234 1449 2273 missae
1472 2233 1678 2274 sacrificio
1700 2247 1821 2273 aree-

360 2316 526 2356 rentur,
544 2308 695 2350 saltem
713 2313 813 2363 post
830 2306 996 2347 dictum
1011 2307 1328 2363 Evangelium3
1352 2313 1822 2361 commemoratumque

361 2383 459 2431 fuit,
492 2381 755 2423 Marcellum
790 2380 854 2420 II.
892 2380 1127 2435 aliquando
1161 2381 1388 2436 cogitasse,
1426 2387 1477 2421 ut
1507 2380 1551 2420 in
1585 2380 1709 2421 Ecciis
1739 2379 1822 2420 viri

362 2471 555 2498 seorsum
573 2471 599 2496 a
619 2454 811 2496 foeminis
832 2461 1158 2495 secernerentur
1176 2470 1184 2494 :
1218 2453 1295 2494 sed
1325 2453 1417 2495 haee
1440 2454 1581 2495 obiter
1601 2459 1775 2494 tantum
1798 2468 1824 2493 a

362 2530 517 2584 paucis
539 2528 725 2584 prolata.

421 2604 533 2644 Haec
562 2603 616 2644 de
644 2603 809 2643 habitis
840 2601 919 2643 hoc
949 2608 1146 2658 tempore
1176 2602 1359 2642 Patrum
1394 2601 1823 2658 Congregationibus

364 2682 406 2716 et
426 2675 623 2723 decretis,
654 2675 767 2715 inter
789 2689 889 2729 quae
910 2673 1026 2715 illud
1054 2688 1231 2729 quoque
1257 2689 1343 2714 non
1373 2672 1822 2728 praetermittendum:

364 2762 463 2788 nam
485 2747 556 2788 die
579 2748 634 2787 ⁴22
658 2747 857 2803 Augusti
881 2745 1253 2801 Archiepiscopus
1274 2745 1527 2801 Ragusinus
1547 2746 1591 2785 in
1611 2745 1706 2800 ipso
1727 2759 1822 2785 con-

366 2834 495 2867 sessu,
538 2820 642 2860 dum
686 2820 840 2860 Patres
881 2818 1117 2860 sententias
1155 2818 1360 2865 dicerent,
1404 2818 1552 2858 subito
1592 2816 1823 2872 epileptico
