1905 3254
328 281 410 320 298
955 292 1063 323 sess
1090 293 1167 324 vu.

333 408 600 460 generantur
622 402 817 443 homines
836 407 901 442 est
933 401 1275 449 Sacramentum,
1299 401 1371 449 sic,
1394 406 1438 441 et
1458 413 1555 441 cum
1577 399 1633 440 ab
1654 399 1786 455 Epis-

332 477 450 531 copis
471 482 756 532 procreentur
776 474 970 515 homines
991 473 1255 528 spirituales,
1286 472 1365 513 hoc
1396 487 1574 528 quoque
1603 487 1693 513 esse
1723 488 1787 513 sa-

333 555 612 589 cramentum.
675 546 876 592 Addidit,
913 546 1046 602 Epos,
1079 561 1165 586 non
1199 551 1369 586 tantum
1402 545 1548 601 quoad
1578 545 1787 593 ordinem,

331 621 408 662 sed
429 622 561 662 etiam
584 620 730 676 quoad
755 619 1104 675 jurisdictionem
1128 634 1152 659 a
1173 619 1271 659 Deo
1298 619 1392 675 ipso
1423 618 1639 673 pendere3
1672 634 1788 665 nam,

333 708 430 734 cum
452 693 577 734 Deus
598 693 842 748 Episcopos
863 691 920 732 ob
942 690 1051 731 hanc
1079 691 1293 746 imprimis
1315 705 1503 737 causam,
1537 691 1788 738 instituerit,

331 771 383 806 ut
402 771 560 821 regant
586 764 803 820 populum
836 770 881 804 et
908 769 1125 818 pascatur,
1158 762 1387 818 indignum
1422 762 1540 802 illius
1573 763 1790 818 sapientia

333 844 460 886 esset,
484 841 608 892 cujUs
629 836 822 892 perfecta
844 842 947 876 sunt
968 850 1113 890 opera,
1146 836 1183 876 si
1203 835 1517 876 authoritatem
1539 835 1650 876 hanc
1672 850 1790 876 man-

333 925 427 950 cam
460 916 662 958 creasset,
693 924 792 964 quae
825 915 991 949 careret
1023 908 1102 948 hae
1128 908 1458 963 jurisdictione3
1488 907 1605 962 quod
1637 916 1790 962 patere

333 982 444 1023 dixit
465 997 519 1023 ex
540 998 573 1023 c.
597 997 694 1023 cum
726 983 770 1022 in
791 982 958 1022 cunctis
985 980 1039 1021 de
1061 981 1184 1020 elect.
1207 995 1304 1020 cum
1328 981 1434 1036 glos,
1466 980 1546 1020 ubi
1567 980 1791 1036 eliguntur

335 1068 361 1094 a
393 1048 553 1108 Capto,
587 1059 630 1094 et
661 1053 807 1094 statim
839 1057 1042 1092 exercent
1068 1050 1427 1106 jurisdictionem,
1461 1058 1618 1106 postea
1649 1067 1791 1093 conse-

335 1131 524 1165 crantur.
588 1124 713 1165 Idem
736 1124 896 1165 clarius
917 1139 971 1164 ex
995 1123 1188 1164 Concilio
1212 1123 1547 1165 Constantiensi.

392 1195 1066 1251 Neocastrensis——quaestionem
1083 1195 1135 1236 de
1150 1196 1427 1251 Episcopatu
1443 1211 1528 1236 non
1544 1196 1676 1236 fuisse
1694 1210 1792 1252 pro-

336 1268 538 1323 positam,
562 1274 606 1309 et
629 1268 890 1309 Canonistas
911 1268 1140 1310 dissentire
1161 1284 1186 1309 a
1208 1268 1460 1324 TheologiS,
1484 1274 1526 1309 et
1542 1268 1792 1324 Theologos

334 1343 451 1397 ipsos
469 1341 603 1382 etiam
620 1341 730 1382 inter
747 1356 791 1382 se
807 1356 892 1381 non
909 1342 1137 1382 convenire
1154 1358 1162 1381 :
1186 1341 1282 1382 ideo
1300 1356 1477 1397 prorsus
1494 1341 1789 1382 omittendam,

396 1413 1270 1469 Quinqueecclesiensis—Enumerandos
1302 1429 1391 1454 esse
1425 1429 1572 1455 omnes
1607 1414 1792 1463 ordines,

338 1485 543 1540 quoniam
576 1484 791 1526 Haeretici
830 1484 1013 1526 irrident
1053 1486 1210 1531 omnia,
1255 1485 1533 1540 Clericosque
1571 1486 1795 1541 appellant

336 1558 517 1599 herbam
538 1573 693 1598 rasam.
737 1559 792 1599 Se
815 1558 1032 1599 audivisse
1055 1557 1443 1612 Archiepiscopum
1467 1559 1794 1614 Strigonensem

336 1631 680 1686 interrogantem
714 1630 930 1685 quendam
964 1645 1017 1670 ex
1049 1630 1113 1678 iis,
1148 1645 1173 1670 a
1208 1645 1296 1685 quo
1332 1637 1446 1671 esset
1477 1631 1712 1679 ordinatus,
1751 1638 1796 1673 et

337 1702 685 1757 respondentem,
708 1717 734 1742 a
755 1702 898 1757 Magca
932 1701 1036 1742 Dna
1057 1702 1290 1742 Baronissa
1310 1703 1387 1743 &c.
1447 1702 1577 1743 Unde
1601 1710 1645 1744 et
1665 1703 1795 1759 Epis-

336 1781 541 1830 copatum
565 1781 608 1815 et
630 1775 853 1829 Papatum
875 1780 1093 1820 evertunt,
1117 1775 1328 1829 aiuntque
1350 1775 1394 1815 in
1417 1775 1641 1830 aliquibus
1661 1776 1795 1816 rebus

337 1848 511 1903 politice
545 1854 715 1889 tantum
745 1847 839 1888 haee
870 1848 983 1888 bona
1015 1862 1122 1895 esse,
1157 1847 1201 1887 in
1235 1847 1331 1887 aliis
1359 1854 1505 1887 autem
1529 1847 1793 1889 diabolicum

337 1922 500 1962 censeri
520 1922 795 1978 figmentum.
857 1921 970 1963 Haec
990 1923 1129 1978 igitur
1150 1922 1421 1977 explicanda.

396 1993 977 2049 Aliphanus-—Potestatem
994 1994 1308 2050 jurisdictionis
1330 2009 1420 2034 esse
1444 2010 1469 2034 a
1491 1994 1677 2041 Christo,
1703 2008 1796 2034 ma-

338 2065 504 2113 teriam,
528 2065 607 2105 ubi
627 2072 885 2106 exerceatur
906 2066 1117 2122 assignari
1139 2081 1165 2106 a
1186 2066 1325 2121 Papa.
1372 2065 1505 2113 Illud,
1525 2066 1659 2106 Pasce
1680 2080 1793 2112 oves,

338 2152 424 2178 non
460 2153 552 2179 esse
581 2138 748 2179 dictum
783 2139 861 2179 soli
893 2140 1036 2187 Petro,
1069 2139 1144 2179 sed
1165 2139 1296 2179 etiam
1321 2139 1429 2187 aliis,
1449 2143 1581 2194 juxta
1601 2139 1795 2180 Leonem

338 2225 520 2266 papam,
539 2211 584 2251 in
605 2227 730 2252 serm.
764 2212 819 2252 2⁰.
855 2211 907 2252 de
934 2211 1084 2252 Natal.
1109 2212 1230 2253 Petri
1251 2219 1295 2252 et
1324 2212 1469 2260 Pauli,
1493 2212 1795 2268 Augustinum

338 2283 415 2323 lib.
448 2283 502 2323 de
535 2283 806 2330 Pastoribus,
843 2283 1128 2339 Cyprianum,
1166 2285 1453 2325 Ambrosium
1489 2285 1533 2324 in
1567 2285 1795 2333 Pastorali,

341 2356 646 2396 Innocentium
670 2355 781 2396 IIIm
801 2356 846 2396 in
869 2356 969 2411 epla
989 2371 1133 2412 nuper
1154 2356 1297 2397 edita:
1336 2356 1559 2397 Christum
1581 2356 1712 2397 etiam
1735 2357 1795 2397 al-

338 2428 533 2469 locutum
556 2444 658 2469 eum
679 2429 826 2474 fuisse,
851 2428 981 2468 simul
1004 2443 1099 2469 cum
1129 2429 1223 2469 aliis
1252 2429 1490 2484 ApostoliS,
1526 2435 1576 2470 ut
1608 2428 1795 2475 doceret,

342 2502 448 2542 alios
470 2502 600 2542 etiam
622 2501 783 2542 habere
805 2507 1093 2557 potestatem,
1126 2502 1321 2543 locutum
1344 2517 1449 2548 esse,
1482 2501 1653 2550 deinde,
1685 2517 1797 2543 seor-

342 2590 437 2616 sum
461 2591 559 2616 cum
581 2590 645 2621 e0,
668 2582 719 2616 ut
741 2575 1003 2623 ostenderet,
1027 2576 1079 2622 ei,
1104 2576 1269 2630 absque
1292 2576 1402 2623 aliis,
1424 2575 1470 2616 id
1490 2575 1631 2616 licere.

401 2648 876 2690 Tininiensis-Nollet
919 2649 1196 2704 praetermitti
1236 2649 1410 2690 nomina
1450 2650 1641 2690 omnium
1685 2648 1795 2691 ordi-

344 2734 462 2767 num,
486 2727 529 2762 ct
551 2722 796 2776 praesertim
816 2720 1126 2776 Episcopatus,
1158 2721 1278 2776 quia,
1307 2736 1394 2776 quo
1426 2722 1702 2763 excellentior
1733 2729 1797 2762 est

346 2793 440 2845 ejus
463 2793 635 2846 gradus,
660 2800 704 2834 et
728 2793 903 2834 videtur
925 2792 1096 2848 dignior
1118 2794 1195 2848 qui
1217 2793 1285 2833 hic
1316 2795 1576 2836 nominetur.
1639 2796 1796 2836 Petere
