1905 3254
693 273 807 302 sass.
835 273 911 303 vu.
1438 263 1514 303 551

64 379 175 420 Item
210 377 298 425 illa,
332 378 414 418 nisi
448 379 679 419 necessitas
718 387 796 420 aut
831 380 1042 421 Ecclesiae
1081 382 1252 423 utilitas
1293 383 1412 424 aliud
1447 398 1518 424 ex-

65 457 216 507 poscat
228 467 239 501 3
271 466 370 492 nam
405 458 525 492 totus
549 451 700 493 Canon
724 453 919 508 alioquin
941 455 1081 495 bonus
1103 461 1147 496 et
1172 456 1299 503 utilis,
1322 470 1401 511 per
1422 455 1520 496 illas

65 524 352 578 exceptiones,
376 524 504 579 quasi
525 539 604 580 per
626 526 863 573 vinculum,
887 526 1087 567 elabitur.

121 596 293 638 Vellem
317 611 492 652 quoque
510 597 554 637 in
577 596 728 638 eodem
751 612 910 639 canone
932 598 1188 654 diligentius
1219 601 1378 656 exponi
1400 601 1520 642 func-

65 670 204 712 tiones
237 670 454 711 minorum
489 670 721 726 graduum,
747 686 877 726 quam
913 678 1016 712 sunt
1046 673 1090 713 in
1114 673 1356 714 Pontificali
1389 689 1521 729 expo-

67 742 177 793 sitae,
199 749 242 784 et
263 743 307 783 in
329 758 412 783 usu
434 743 561 799 poni:
594 758 695 783 nam
728 743 945 799 quomodo
976 759 1091 785 nunc
1121 759 1190 786 res
1220 752 1299 793 est,
1323 744 1524 786 videmur

67 830 138 856 eas
161 816 366 864 amisisse,
386 823 430 857 et
453 816 573 857 nuda
592 817 764 857 nomina
785 817 1029 858 retinuisse.

126 886 179 928 In
215 889 288 930 xii.
314 888 491 930 Canone
525 896 629 930 aetas
667 888 1033 930 subdiaconorum
1066 896 1286 946 augeatur
1307 905 1445 945 usque
1469 889 1525 931 ad

67 976 188 1010 xxv„
208 962 570 1019 Presbyterorum
595 962 649 1003 ad
671 978 771 1003 xxx.
792 967 923 1018 juxta
942 963 1049 1004 Can.
1070 963 1200 1004 Cone.
1217 963 1367 1005 Carth.
1395 964 1457 1004 16.
1481 971 1525 1005 et

70 1042 179 1076 sext.
203 1036 305 1092 Syn.
333 1037 408 1076 14:
441 1037 597 1078 ultima
619 1036 767 1084 verba,
789 1051 867 1077 nec
898 1036 1180 1092 diligentiori,
1205 1037 1294 1085 &e.,
1328 1052 1412 1078 non
1434 1037 1524 1093 pla-

70 1115 176 1157 cent,
199 1124 276 1150 nec
299 1109 455 1151 ultima
476 1109 678 1165 exceptio
699 1109 854 1165 placet.

127 1182 180 1223 In
213 1182 289 1223 xii.
325 1181 502 1224 Canone
536 1183 734 1224 desidero
768 1184 1013 1226 functiones
1055 1183 1323 1231 subdiaconi,
1356 1190 1399 1225 et
1432 1184 1524 1225 dia-

69 1255 174 1301 coni,
198 1270 251 1295 ex
282 1254 407 1296 dictis
431 1256 687 1297 Sanctorum
720 1257 905 1297 Patrum
939 1262 983 1297 et
1016 1256 1311 1297 Conciliorum
1342 1256 1529 1299 decretis

69 1328 300 1385 diligenter
317 1329 518 1370 collectas
539 1329 727 1377 restitui,
743 1336 788 1370 et
805 1330 849 1369 in
866 1344 948 1370 usu
966 1329 1083 1385 poni,
1100 1329 1322 1385 praecipue
1340 1345 1413 1371 eas
1427 1345 1527 1386 quae

70 1401 465 1451 subdiaconorum;
512 1416 662 1442 eorum
705 1401 818 1442 enim
862 1404 994 1457 opera
1026 1402 1225 1442 Ecclesia
1258 1416 1430 1458 semper
1466 1407 1531 1442 est

71 1489 161 1522 usa,
182 1490 267 1516 non
288 1475 429 1516 solum
463 1474 507 1514 in
538 1473 823 1514 ministrando
851 1474 895 1514 in
919 1474 1080 1522 Altari,
1104 1474 1180 1515 sed
1201 1475 1333 1515 etiam
1356 1475 1399 1514 in
1420 1474 1529 1529 bap-

71 1548 214 1597 tismo,
246 1549 289 1589 in
312 1564 415 1589 cura
436 1547 638 1589 habenda
662 1547 982 1603 Hospitalium,
1005 1547 1268 1595 viduarum,
1292 1553 1337 1588 et
1356 1547 1532 1587 misera·

71 1622 227 1663 bilium
249 1636 531 1677 personarum
553 1637 560 1661 ε
593 1620 781 1675 denique
803 1635 952 1661 omnes
974 1620 1130 1676 populi
1151 1634 1301 1660 causas
1322 1626 1366 1661 et
1387 1634 1456 1660 res
1477 1618 1533 1659 ad

72 1695 223 1751 Epum
246 1710 324 1751 per
345 1695 564 1736 Diaconos
585 1692 954 1750 perducebantur.

129 1769 281 1810 Etiam
304 1768 503 1810 desidero
539 1769 583 1809 in
618 1767 769 1808 eodem
795 1766 984 1814 Canone,
1008 1773 1051 1807 et
1073 1767 1116 1806 in
1138 1766 1224 1808 xiv.
1247 1766 1404 1807 latiora
1434 1781 1533 1822 spa·

74 1843 135 1884 tia
156 1842 269 1884 inter
301 1842 409 1885 duos
443 1841 630 1889 ordines,
654 1841 810 1882 saltem
833 1841 965 1881 trium
990 1840 1060 1880 vel
1083 1847 1273 1895 quatuor
1306 1855 1531 1888 annorum,

73 1932 152 1973 per
172 1917 292 1973 quod
313 1924 487 1973 tempus
508 1916 696 1972 quilibet
720 1929 817 1955 cum
840 1914 883 1954 in
906 1928 984 1954 suo
1017 1913 1166 1954 ordine
1203 1914 1532 1962 ministraverit,

75 1997 119 2032 et
152 1990 437 2031 laudabiliter
458 1989 595 2030 officio
628 1988 804 2028 functus
826 1986 972 2033 fuerit,
998 1985 1192 2026 altiorem
1231 1985 1419 2040 gradum
1443 1985 1534 2026 adi-

74 2064 183 2120 pisci
218 2063 392 2120 poterit.
455 2062 568 2103 Haec
604 2061 687 2102 fuit
725 2065 941 2115 perpetua
974 2059 1045 2098 lex
1080 2057 1304 2106 Ecclesiae,
1334 2073 1435 2113 quae
1469 2064 1534 2099 est

74 2136 360 2179 restituenda.

135 2210 189 2251 In
224 2209 375 2251 eodem
418 2208 612 2259 Canone,
648 2207 722 2247 ubi
765 2205 1017 2260 Presbyteri
1056 2211 1272 2260 coguntur
1313 2204 1534 2245 celebrare

77 2283 211 2325 semel
230 2283 275 2324 in
295 2298 456 2329 mense,
480 2281 665 2328 dicatur,
687 2279 841 2320 saltem
864 2278 1019 2319 diebus
1041 2276 1291 2318 Dominicis.
1356 2277 1468 2318 Item
1490 2277 1534 2318 in

77 2356 180 2405 xiii,
204 2356 284 2397 ubi
318 2355 490 2402 dicitur,
523 2355 712 2395 maxime
745 2351 914 2399 decere,
938 2351 972 2391 si
1003 2349 1255 2391 subdiaconi
1292 2356 1335 2391 et
1368 2349 1537 2391 diaconi

79 2429 233 2469 saltem
268 2429 400 2469 semel
433 2427 477 2467 in
510 2441 657 2468 mense
690 2425 1017 2470 communicent,
1041 2423 1217 2463 brevius
1251 2421 1331 2462 hoc
1363 2430 1538 2478 tempus

79 2516 171 2543 esse
194 2501 338 2547 debet,
363 2507 413 2541 ut
433 2500 587 2541 saltem
610 2498 797 2554 singulis
819 2496 1044 2537 dominicis
1064 2494 1391 2535 communicent.

139 2573 267 2624 Quod
285 2573 445 2615 dicitur
466 2573 520 2614 de
541 2587 626 2614 non
650 2570 875 2613 audiendis
890 2567 1248 2609 Confessionibus
1270 2567 1360 2607 sine
1383 2580 1538 2621 appro-

83 2647 260 2689 batione
282 2647 509 2703 Episcopi,
530 2645 793 2688 extendatur
814 2642 978 2698 apcrtis
1001 2641 1147 2682 verbis
1169 2639 1223 2680 ad
1244 2640 1482 2695 regulares.

140 2720 353 2762 Desidero
386 2721 531 2776 colligi
555 2720 733 2767 abusus,
758 2718 833 2773 qui
866 2716 1072 2758 eveniunt
1103 2715 1144 2755 in
1170 2714 1539 2755 administratione
