1905 3254
741 271 848 302 sess.
873 272 932 301 lx.
1481 260 1565 301 645

111 371 277 414 Verum
303 372 631 430 LotharingiuS,
665 375 960 425 Madruccius,
986 376 1192 420 Oratores
1219 394 1380 429 omnes,
1413 387 1457 422 et
1492 382 1566 423 alii

109 445 303 494 Praelati,
342 453 491 488 contra
525 448 858 504 responderunt,
896 451 1347 507 approbaveruntque
1380 453 1565 495 formam

109 517 273 559 decreti
301 522 392 574 Jam
425 521 634 576 concepti.
695 521 898 563 Fuerunt
930 530 1077 564 tamen
1104 524 1149 563 in
1175 538 1225 564 eo
1247 530 1350 565 tunc
1372 525 1566 568 detracta

109 590 313 646 quaedam
350 592 500 641 verba,
542 607 642 648 quae
682 593 980 648 prohibebant
1021 609 1237 650 expresse,
1271 610 1323 636 ne
1356 611 1435 651 pro
1466 611 1564 637 exe-

108 662 291 717 quendis
334 663 629 720 Indulgentiis
665 671 793 705 certae
834 672 1094 707 taxarentur
1133 681 1311 707 summae
1322 682 1332 715 3
1374 681 1430 707 ne
1468 681 1565 707 cum

107 733 319 776 darentur
349 735 450 782 illae,
480 751 592 791 quas
620 737 926 791 suspensiones
955 744 1135 778 vocant:
1178 737 1444 793 fueruntque
1474 738 1567 779 haec

105 807 242 848 verba
275 808 454 849 sublata
483 809 527 848 in
561 809 746 864 gratiam
779 809 964 850 Comitis
998 810 1051 851 de
1084 811 1217 852 Luna
1246 812 1415 868 agentis
1447 812 1566 867 quod

107 880 370 922 videbantur
390 881 483 922 haec
505 881 558 923 de
579 882 795 924 industria
814 883 877 924 ita
898 898 1106 938 expressa
1126 883 1182 924 ad
1202 884 1441 925 notandum
1470 900 1563 926 cru-

109 954 268 994 ciatam
290 953 553 1010 Hispanam.

163 1026 251 1067 Die
281 1028 310 1067 4
339 1027 597 1069 Decembris
635 1029 756 1078 1563,
791 1029 996 1070 absoluta
1029 1029 1113 1070 fuit
1155 1029 1308 1076 Sessio,
1347 1029 1565 1085 simulque

105 1099 203 1139 finis
236 1098 436 1148 Concilii,
469 1107 514 1141 et
545 1100 626 1142 hoc
659 1100 730 1142 die
766 1101 1051 1157 promulgata
1082 1101 1262 1143 fuerunt
1287 1102 1565 1157 infrascripta

107 1171 297 1214 decreta.

162 1244 233 1286 De
258 1244 566 1301 Indulgentiis.

162 1316 233 1357 De
254 1317 445 1358 Delectu
471 1317 696 1358 Ciborum.

163 1389 234 1430 De
258 1390 408 1431 Indice
429 1390 682 1438 Librorum,
705 1398 749 1431 et
772 1391 1076 1433 Catechism0.¹

163 1462 324 1503 Postea
339 1463 452 1503 lecta
473 1464 652 1503 fuerunt
677 1464 823 1504 omnia
840 1463 1026 1512 decreta,
1052 1463 1108 1504 ad
1130 1463 1259 1504 fidem
1281 1464 1563 1519 pertinentia,

105 1534 337 1589 publicata
367 1535 450 1575 sub
472 1535 612 1576 Paulo
635 1535 743 1583 ΙΙΙ.,
776 1542 819 1576 et
845 1536 970 1577 Julio
998 1536 1119 1586 III.;
1153 1536 1316 1591 quibus
1351 1537 1564 1578 absolutis

100 1614 269 1663 rogatae
290 1614 394 1649 sunt
416 1608 641 1648 sententia:
665 1608 860 1655 Patrum,
883 1623 936 1648 an
959 1609 1152 1663 placeret
1173 1615 1224 1649 ut
1245 1609 1341 1648 finis
1366 1608 1561 1649 Concilio

103 1686 353 1734 poneretur,
397 1686 440 1720 et
474 1680 741 1720 confirmatio
776 1695 800 1720 a
837 1681 915 1720 Sm⁰
946 1680 1023 1720 N¹⁰
1058 1686 1313 1735 peteretur3
1347 1681 1424 1735 qui
1465 1696 1561 1721 cum

102 1753 424 1808 respondissent
444 1753 629 1809 placere,
655 1752 899 1793 Cardinalis
930 1753 1155 1799 Moronus,
1189 1753 1412 1807 praemissa
1433 1753 1561 1795 bene-

103 1824 305 1872 dictione,
329 1826 419 1866 alta
441 1841 544 1866 voce
566 1825 678 1865 dixit
700 1825 755 1865 ad
784 1825 951 1873 Patres,
983 1824 1051 1865 Ite
1073 1824 1114 1863 in
1135 1839 1256 1879 pace.
1319 1824 1561 1879 Postquam

102 1898 249 1939 statim
269 1913 488 1954 exurgens
512 1897 757 1938 Cardinalis
780 1897 1095 1952 Lotharingius
1116 1911 1278 1952 magna
1301 1912 1403 1937 voce
1427 1898 1559 1938 accla-

102 1971 239 2011 mavit
261 1970 540 2025 infrascripta
564 1969 711 2019 verba,
735 1969 896 2024 quibus
926 1968 1106 2009 Praelati
1127 1983 1288 2014 omnes,
1321 1975 1364 2009 et
1384 1968 1558 2023 reliqui,

104 2042 192 2084 alta
205 2057 323 2091 voce,
347 2049 480 2098 prout
502 2042 626 2089 infra,
649 2041 983 2096 responderunt.

171 2164 552 2211 Acclamationes
576 2180 685 2210 cum
712 2161 1098 2226 responsionibus
1125 2159 1339 2205 Patrum.
1410 2159 1490 2206 fol.

159 2280 276 2321 Hic²
307 2281 412 2321 satis
445 2281 663 2336 explicare
695 2295 780 2321 non
813 2293 1004 2335 possum,
1039 2283 1204 2332 quanta
1240 2276 1373 2316 animi
1404 2276 1561 2317 laetitia

102 2368 247 2394 omnes
284 2354 543 2401 exultarent,
582 2367 772 2407 vereque
806 2352 955 2391 Deum
984 2357 1048 2391 tot
1084 2350 1296 2389 bonorum
1333 2347 1557 2389 authorem

103 2432 396 2481 agnoscerent,
427 2433 561 2480 atque
593 2426 632 2466 ei
662 2424 827 2480 gratias
860 2428 1056 2477 agerent.
1118 2420 1221 2462 Vidi
1248 2435 1332 2475 ego
1353 2420 1396 2460 in
1417 2420 1560 2461 media

100 2497 196 2551 ipsa
225 2498 423 2538 Sessione
451 2496 696 2552 permultos
731 2494 1009 2551 gravissimos
1039 2492 1248 2533 Praelatos
1276 2506 1369 2547 prae
1393 2492 1558 2547 gaudio

145 2615 153 2632 ¹
181 2615 209 2644 It
226 2615 250 2645 is
267 2615 463 2645 remarkable
489 2615 555 2645 that
582 2615 631 2645 the
655 2614 810 2654 provisiou
828 2614 873 2643 for
887 2613 938 2642 the
954 2611 1065 2642 revisal
1081 2612 1116 2642 os
1135 2611 1186 2641 the
1204 2610 1315 2642 Missal
1331 2611 1394 2641 and
1410 2611 1558 2651 Breviary

103 2667 128 2696 is
144 2666 340 2697 overlooked.

146 2724 159 2741 ²
184 2725 287 2764 Rayn.
303 2725 356 2755 has
371 2725 430 2755 this
445 2725 640 2763 concluding
656 2723 837 2764 paragraph,
857 2723 914 2753 No.
932 2723 1004 2760 217,
1021 2733 1051 2762 p.
1074 2722 1142 2751 178.
