1905 3254
371 290 453 330 542
993 303 1107 332 sEss.
1126 303 1210 343 111.

367 410 587 465 corrigant
617 415 751 464 atque
785 407 1032 456 emendent,
1056 407 1293 448 videndum
1322 413 1398 455 est,
1423 406 1530 462 quid
1550 406 1605 447 sit
1629 405 1762 453 Ordo,
1784 411 1827 446 et

368 482 474 538 quid
506 483 589 522 sint
622 481 835 529 canones,
860 487 903 522 et
937 479 1154 535 quomodo
1181 495 1225 520 se
1256 479 1417 520 habeat
1444 480 1557 519 inter
1578 493 1621 519 se
1645 478 1764 518 Ordo
1787 485 1829 519 et

369 555 592 596 Canones:
625 554 782 595 deinde
819 553 1086 602 videbimus,
1125 569 1179 593 an
1220 553 1381 593 ordinis
1415 567 1528 593 unus
1568 553 1624 592 sit
1661 557 1831 592 tantum

367 633 519 675 status,
542 641 656 667 unus
677 625 832 667 modus
857 633 989 681 atque
1017 625 1230 675 conditio3
1263 639 1377 668 nam,
1400 624 1437 664 si
1469 622 1704 678 multiplex
1738 623 1831 678 ejus

366 700 585 741 habeatur
613 706 769 747 status,
807 699 1056 754 multaeque
1090 698 1174 738 sint
1211 697 1480 746 differentiae,
1504 696 1615 736 varii
1650 711 1831 751 quoque.

370 780 498 815 erunt
521 773 734 820 CanoneS,
758 772 946 828 singulis
981 771 1120 812 modis
1153 770 1477 811 accommodati.
1542 770 1652 819 Quae
1674 769 1828 817 onmia,

372 846 551 902 abjectis
564 845 950 900 disputationibus,
969 859 1049 899 per
1066 843 1299 884 sententias
1317 843 1571 883 brevissime
1590 841 1831 897 explicabo

432 917 570 963 Ordo,'
602 924 819 973 quantum
860 932 976 957 nunc
1013 917 1055 956 in
1092 916 1324 971 praesentia
1355 915 1480 955 nobis
1513 920 1578 954 est
1610 929 1732 968 opus,
1768 920 1833 954 est

374 991 529 1047 politia
560 989 778 1046 quaedam,
800 989 881 1029 hoc
914 996 990 1037 est,
1013 988 1240 1043 dispositio
1270 994 1404 1042 atque
1434 986 1700 1033 distributio,
1724 1001 1833 1042 prae-

371 1064 628 1120 positorum,
651 1078 728 1104 seu
750 1063 1046 1103 ministrorum
1069 1061 1287 1102 Ecclesiae.

432 1138 632 1178 Canones
660 1143 761 1177 sunt
790 1137 913 1192 leges
933 1136 1261 1183 Ecclesiasticae,
1287 1134 1341 1175 ad
1370 1149 1558 1190 quarum
1580 1134 1837 1188 praescripta

374 1213 600 1269 praepositi
619 1212 708 1252 suis
729 1211 980 1251 muneribus
1003 1210 1129 1265 fungi
1150 1209 1324 1249 debent.

436 1285 555 1326 Ordo
575 1292 618 1326 et
636 1299 818 1326 canones
840 1285 901 1324 ita
922 1298 966 1324 se
987 1283 1166 1329 habent,
1183 1289 1234 1323 ut
1252 1282 1442 1338 primum
1466 1280 1657 1335 supponi
1678 1280 1836 1320 debeat

379 1359 592 1400 Ordinem
624 1358 668 1398 in
699 1357 778 1398 tali
811 1371 902 1398 esse
925 1363 1040 1397 statu
1062 1372 1071 1405 3
1105 1355 1273 1401 deinde,
1293 1359 1424 1410 juxta
1445 1354 1570 1395 illum
1593 1360 1753 1395 statum
1776 1355 1834 1394 fe-

377 1438 530 1473 rantur
561 1431 696 1486 leges,
719 1430 809 1470 sive
844 1429 1071 1477 Canones3
1105 1443 1192 1468 non
1225 1428 1337 1467 enim
1371 1426 1526 1481 politia
1549 1426 1603 1466 ad
1622 1427 1743 1482 leges
1764 1441 1834 1467 ac-

379 1504 641 1546 commodari
662 1504 806 1549 debet,
831 1502 905 1543 sed
926 1502 1046 1557 leges
1076 1500 1452 1541 accommodantur
1474 1499 1529 1540 ad
1550 1500 1760 1554 politiam,
1789 1507 1836 1540 nt

379 1578 523 1633 qualis
556 1583 621 1617 est
651 1577 803 1632 politia
838 1575 949 1616 tales
985 1574 1070 1614 sint
1107 1574 1230 1629 leges
1263 1572 1318 1613 ad
1355 1586 1449 1612 eam
1487 1571 1833 1612 accommodatae.

379 1652 452 1692 Ex
472 1650 551 1691 hoc
571 1648 809 1690 necessario
839 1648 1050 1702 sequitur,
1074 1654 1124 1687 ut
1145 1648 1180 1687 si
1201 1653 1407 1687 naturam
1428 1644 1583 1685 horum
1608 1643 1834 1685 Canonum

378 1726 618 1782 diligenter
650 1723 894 1779 expendere
926 1730 969 1764 et
1000 1722 1271 1763 considerare
1308 1721 1509 1769 velimus,
1549 1719 1835 1761 statuendum

379 1799 435 1840 sit
456 1798 661 1854 primum,
684 1796 878 1837 ordinem
904 1795 1258 1836 Ecclesiasticum
1281 1794 1456 1849 qualem
1479 1793 1679 1834 constitui
1701 1798 1836 1848 atque

379 1871 607 1912 reformari
641 1876 866 1925 oporteat3
909 1884 1022 1916 nam,
1060 1869 1138 1908 ubi
1175 1867 1390 1908 constabit
1424 1866 1602 1921 qualem
1641 1864 1835 1906 ordinem

380 1958 645 2001 quaeramUS,
668 1943 814 1984 statim
844 1943 1155 1997 intelligemus,
1180 1956 1232 1981 an
1253 1941 1323 1981 hae
1344 1941 1463 1995 leges
1484 1939 1549 1980 illi
1576 1939 1713 1980 statui
1734 1939 1837 1980 satis

380 2018 649 2060 conveniant.

438 2092 549 2132 Dico
569 2091 722 2147 igitur,
748 2089 959 2131 Ordinem
982 2088 1339 2129 Ecclesiasticum
1362 2086 1505 2126 tribus
1532 2084 1672 2126 modis
1695 2085 1846 2126 cadere

380 2165 464 2206 sub
485 2163 835 2205 reformationem
853 2178 861 2202 :
893 2176 1008 2208 nam,
1033 2160 1102 2201 vel
1123 2175 1237 2206 eum,
1271 2159 1349 2215 qui
1370 2159 1425 2200 sit
1447 2158 1706 2214 simpliciter
1727 2156 1845 2205 ordo,

380 2238 585 2294 perficere
607 2242 743 2290 atque
775 2234 1003 2275 absolvere
1034 2233 1250 2279 volumus,
1282 2232 1351 2272 vel
1384 2237 1547 2272 statum
1582 2236 1849 2271 constantem

382 2325 437 2351 ex
477 2307 818 2365 suppetentibus
859 2313 903 2347 et
937 2305 1223 2361 possibilibus
1263 2303 1529 2352 ordinamus,
1578 2304 1650 2344 vel
1690 2303 1845 2344 datum

383 2390 514 2438 atque
533 2381 824 2438 suppositum.

438 2456 628 2497 Declaro
661 2455 805 2496 omnia
840 2453 1056 2510 exemplo.
1120 2451 1361 2493 Architecti
1397 2451 1584 2492 officium
1616 2450 1660 2491 in
1696 2450 1841 2491 tribus

383 2529 639 2570 muneribus
659 2527 885 2583 praecipue
908 2532 1122 2568 versatur.
1186 2525 1340 2565 Potest
1370 2524 1485 2565 enim
1517 2523 1709 2579 primum
1743 2521 1843 2563 aedi-

382 2603 510 2643 ficare
533 2601 711 2642 domum
733 2600 934 2640 omnibus
955 2599 1150 2639 numeris
1170 2597 1432 2646 absolutam,
1457 2596 1577 2652 quod
1598 2595 1842 2651 praestabit,

383 2677 420 2716 si
441 2675 632 2731 amplam
657 2688 799 2714 aream
820 2679 976 2713 nactus
1006 2671 1156 2719 fuerit,
1189 2670 1353 2726 optimo
1385 2669 1485 2717 situ,
1522 2668 1687 2709 salubri
1720 2667 1842 2714 coelo,

384 2748 420 2788 si
460 2748 594 2788 bonos
632 2745 800 2802 lapides
840 2745 1070 2791 invenerit,
1114 2744 1251 2800 ligna,
1296 2749 1519 2788 caementa,
1554 2741 1589 2781 si
1622 2740 1844 2780 ministros

386 2821 562 2861 idoneos
596 2819 814 2867 habuerit,
859 2825 1073 2873 praeterea
1115 2817 1352 2857 Dominum
1396 2816 1618 2871 egregiam
1665 2814 1840 2854 domum

1899 579 1905 896 l

1900 1986 1905 2078 l

1900 2348 1905 2623 i
