1905 3254
690 307 798 337 sess.
827 309 867 337 v.
1430 298 1509 338 1413

99 411 114 450 Ι
122 411 176 450 H.
214 412 285 451 An
309 413 343 451 si
365 411 569 461 honestis,
606 422 650 455 et
680 414 941 457 Christianae
978 417 1180 461 charitati
1216 424 1510 463 consentaneis

220 486 461 527 rationibus
492 488 788 531 concedendus
821 491 965 541 alicui,
991 494 1060 534 vel
1081 495 1246 536 nationi
1270 495 1339 536 vel
1361 511 1507 552 regno,

219 558 359 599 calicis
376 575 491 607 uSUS,
511 561 726 611 videatur,
744 564 826 605 sub
841 564 1064 621 aliquibus
1078 566 1398 609 conditionibus
1412 584 1508 610 con-

220 631 436 674 cedendus
463 636 533 683 sit,
558 643 602 677 et
626 652 829 693 quaenam
853 640 939 680 sint
961 640 1058 682 illae.

120 702 191 743 IV.
224 704 297 744 An
313 705 455 746 minus
477 707 642 763 aliquid
664 717 823 759 sumat,
848 712 924 767 qui
945 713 1028 753 sub
1051 728 1138 755 una
1160 721 1332 757 tantum
1364 718 1506 773 specie

216 777 295 819 hoc
318 788 586 823 sacramento
610 783 763 832 utitur,
788 800 919 840 quam
939 787 1016 842 qui
1038 788 1119 828 sub
1142 794 1344 845 utraque.

130 850 181 891 V.
216 852 289 893 An
310 852 459 896 divino
482 860 582 912 Jure
603 860 891 900 necessarium
917 861 982 910 sit,
1008 861 1224 912 Parvulis,
1249 871 1347 905 ante
1372 880 1502 921 quam

215 926 270 967 ad
313 943 445 970 annos
479 930 746 974 discretionis
782 936 1079 989 pervenerint,
1127 937 1386 981 altissimum
1424 941 1503 982 hoc

214 1001 442 1058 porrigere
465 1003 808 1048 Sacramentum.

66 1155 242 1204 Dicant
266 1157 513 1223 Theologi‚
540 1179 661 1226 quae,
690 1172 920 1229 tanquam
959 1185 1069 1215 vera
1109 1171 1206 1218 sive
1233 1171 1500 1231 Catholica,

172 1241 458 1304 recipienda,
512 1262 633 1308 quae,
679 1255 908 1311 tanquam
953 1249 1069 1298 falsa
1113 1254 1210 1300 sive
1261 1255 1498 1311 haeretica,

171 1321 439 1384 rejicienda.

96 1426 183 1468 His
205 1443 230 1469 a
252 1428 492 1473 Secretario
514 1435 718 1484 recitatis,
742 1451 839 1478 cum
870 1452 895 1478 a
928 1438 1138 1482 Patribus
1160 1441 1497 1487 deliberandum

38 1506 160 1550 esset,
192 1516 246 1543 an
268 1505 539 1559 propositum
562 1507 615 1548 de
638 1510 771 1551 rebus
794 1512 1031 1554 tractandis
1053 1514 1246 1557 ordinem
1269 1519 1497 1561 rationem-

38 1587 123 1629 que
141 1575 391 1630 probarent,
413 1592 560 1620 omnes
583 1581 760 1636 quidem
779 1591 878 1626 ante
904 1585 1222 1630 Granatensem
1247 1591 1332 1632 illis
1355 1608 1495 1635 assen-

36 1662 131 1688 sum
166 1649 411 1703 praebuere.
476 1652 591 1695 Cum
626 1670 730 1697 vero
766 1657 822 1698 ad
863 1674 964 1700 eum
999 1670 1261 1716 perventum
1290 1673 1367 1715 cst,
1406 1668 1497 1719 ille,

35 1734 121 1762 non
143 1721 358 1765 malevolo
390 1725 583 1780 quidem,
621 1736 672 1770 ut
700 1730 903 1781 creditur,
937 1734 1094 1783 animo,
1129 1736 1204 1777 sed
1226 1744 1276 1778 ut
1297 1740 1495 1792 celerius,

36 1800 130 1835 tum
151 1809 204 1836 ea
225 1802 319 1837 tum
342 1797 516 1854 reliqua
547 1801 872 1855 perficerentur,
908 1806 1118 1854 subdidit,
1151 1810 1341 1864 primum
1366 1828 1420 1855 ex
1444 1815 1495 1856 iis

35 1875 170 1924 caput
200 1869 368 1924 pridem
402 1873 446 1912 in
469 1872 664 1916 Concilio
689 1876 1006 1920 Constanticnsi
1028 1880 1271 1934 definitum,
1300 1902 1385 1929 non
1405 1904 1493 1931 am-

34 1940 153 1996 plius
170 1941 468 1997 disputatione
487 1946 699 2003 indigere,
715 1949 790 1990 sed
807 1951 992 2007 simplici
1008 1953 1141 2011 hujus
1156 1956 1321 2013 Synodi
1339 1976 1494 2018 appro-

34 2013 210 2056 batione
233 2030 358 2071 posse
375 2018 583 2061 innovari.
636 2021 740 2063 Alia
759 2024 906 2079 capita
928 2027 1031 2067 satis
1053 2043 1134 2084 per
1154 2045 1198 2072 se
1219 2032 1333 2075 clara
1349 2035 1492 2078 obiter

34 2087 164 2129 etiam
197 2095 368 2131 tantum
403 2093 675 2149 attingenda.
741 2095 1030 2142 Commodum
1066 2102 1207 2158 igitur
1227 2106 1272 2147 in
1295 2106 1374 2149 hac
1396 2109 1493 2166 ipsa

34 2162 217 2204 sessione
234 2164 427 2219 spatium
442 2167 759 2223 complectendi
773 2171 905 2211 etiam
921 2173 1061 2215 missae
1076 2177 1269 2220 sacrificii
1282 2181 1491 2238 relinqui:

35 2249 121 2291 quo
155 2235 313 2278 deinde
349 2239 479 2280 citius
521 2247 564 2282 et
599 2242 929 2286 Sacramentum
954 2247 1129 2290 Ordinis
1161 2258 1205 2293 et
1237 2252 1492 2298 Residentia

33 2316 335 2365 pertractetur.
400 2312 520 2356 Huic
551 2316 799 2358 residentiae
832 2333 915 2360 non
952 2335 1074 2375 posse
1096 2338 1179 2364 non
1203 2340 1320 2382 saepe
1341 2331 1490 2371 memi-

33 2382 158 2432 nisse,
172 2385 228 2426 ob
241 2386 451 2428 maximas
468 2388 699 2439 utilitates,
720 2406 828 2446 quas
851 2391 930 2434 hoc
953 2395 1098 2450 capite
1116 2396 1237 2439 videt
1259 2402 1490 2443 contineri:

34 2470 206 2513 cupere,
230 2459 266 2500 si
287 2459 334 2501 id
354 2462 528 2503 omnino
545 2477 570 2503 a
593 2464 754 2505 Sancta
777 2465 951 2521 Synodo
973 2467 1239 2520 definiretur,
1264 2479 1315 2514 ut
1336 2488 1489 2530 expec-

31 2529 111 2570 tati
142 2529 195 2572 de
235 2547 286 2574 ea
326 2549 352 2575 a
384 2540 473 2576 toto
496 2534 849 2579 Christianorum
884 2540 989 2581 orbe
1021 2541 1189 2584 fructus
1226 2543 1324 2587 hinc
1364 2547 1489 2604 large

32 2603 184 2657 promi,
205 2605 469 2663 publiceque
493 2623 704 2664 apparere
728 2611 950 2667 incipiant.
986 2614 1070 2654 His
1091 2618 1296 2658 extremis
1321 2619 1488 2663 Grana-

34 2675 162 2716 tensis
189 2678 332 2720 verbis
364 2679 645 2724 Rossanensis
680 2685 874 2740 graviter
915 2687 1169 2737 concitatus,
1208 2691 1376 2748 quippe
1418 2696 1488 2736 cui

35 2745 96 2786 nil
117 2747 300 2791 alienius
322 2751 378 2793 ab
401 2752 610 2796 Ecclesiae
646 2757 851 2805 utilitate,
886 2767 963 2801 aut
986 2760 1076 2802 fere
1108 2763 1391 2817 perniciosius
1422 2767 1488 2809 his

37 2822 312 2875 temporibus,
355 2824 434 2867 hac
462 2827 558 2882 ipsa
595 2829 918 2885 disceptatione.
969 2835 1041 2888 agi
1076 2850 1201 2890 posse
1239 2838 1483 2887 videbatur,
