1905 3254
347 267 434 307 410
965 282 1078 313 51155.
1105 282 1182 312 vn.

349 389 565 429 sententia
599 387 692 429 dies
728 394 870 430 certus
903 389 960 429 sit
998 387 1336 436 constituendus,
1369 387 1525 428 idcirco
1565 387 1802 436 differetur,

348 462 384 502 si
417 462 623 517 placebit,
664 462 708 503 in
745 461 994 518 quindecim
1026 461 1130 509 dies,
1165 462 1280 502 intra
1313 476 1423 517 quos
1451 468 1615 501 certum
1651 460 1806 502 deinde

347 541 523 592 tempus
573 536 641 576 illi
681 535 956 578 celebrandae
1003 535 1288 591 praefiniatur,
1330 535 1456 575 sicuti
1506 534 1807 590 superioribus

348 609 480 649 etiam
504 608 660 650 diebus
682 609 849 650 factum
871 609 969 649 fuit.
1032 607 1107 649 Ad
1125 606 1218 648 haec
1240 608 1396 649 Patres
1427 622 1574 648 omnes
1610 622 1708 648 cum
1741 622 1807 648 ac-

349 682 620 730 clamassent,
651 683 810 738 placet,
846 682 1289 737 existimarenturque
1324 681 1369 721 in
1405 688 1629 737 posterum
1666 681 1808 721 brevi-

348 769 443 795 ores
463 755 603 795 multo
624 754 670 795 in
691 754 873 796 dicendo
895 754 1048 803 futuri,
1075 762 1167 796 tam
1188 754 1394 810 praeclara
1415 754 1661 809 efficacique
1697 754 1806 794 Seri-

349 827 485 882 pandi
502 828 694 868 oratione
709 828 876 875 moniti,
894 835 1038 869 tamen
1054 827 1205 868 eodem
1224 827 1306 874 die,
1325 828 1403 882 qui
1418 827 1594 882 loquuti
1611 827 1804 874 fuerunt,

350 900 456 941 adeo
489 900 599 948 fuse,
638 907 682 942 et
703 907 867 956 praeter
887 915 979 941 rem
1001 900 1190 956 digressi
1210 907 1326 948 sunt,
1348 906 1400 940 ut
1422 915 1569 941 omnes
1597 901 1690 955 jam
1711 914 1808 940 con-

349 980 514 1014 stanter
535 974 812 1015 affirmarent.
837 974 949 1014 inter
984 974 1129 1014 multa
1164 973 1298 1028 hujus
1333 973 1497 1029 Synodi
1523 973 1807 1022 incommoda,

348 1045 523 1086 nullum
559 1046 648 1086 fere
686 1046 869 1102 gravius
907 1061 997 1087 esse
1044 1046 1124 1087 hac
1161 1045 1452 1095 verbositate3
1499 1046 1673 1101 quando
1714 1047 1810 1088 aliis

348 1119 482 1159 rebus
516 1119 639 1159 varia
675 1118 841 1174 possint
878 1118 1077 1159 adhiberi
1110 1117 1315 1165 remedia,
1347 1118 1392 1158 in
1429 1117 1706 1159 concionibus
1735 1134 1807 1159 au-

352 1198 454 1240 tem,
472 1207 568 1233 cum
593 1193 809 1248 Spiritum
833 1193 1040 1233 Sanctum
1061 1193 1106 1233 in
1129 1193 1189 1233 eis
1211 1192 1461 1247 loquentem
1479 1207 1564 1232 non
1587 1207 1678 1234 esse
1700 1192 1809 1233 ulla-

349 1272 480 1306 tenus
512 1265 717 1321 impediri
750 1266 907 1314 dicant,
943 1281 1089 1307 omnes
1125 1267 1217 1322 jam
1254 1281 1379 1322 paene
1414 1266 1646 1322 desperare
1679 1267 1810 1309 incoe-

353 1339 481 1394 pisse.

412 1413 627 1462 Quoniam
652 1427 755 1453 vero
777 1411 856 1453 hoc
879 1418 1075 1467 tempore
1112 1426 1229 1453 acres
1264 1413 1377 1454 inter
1410 1413 1564 1454 Patres
1599 1413 1812 1468 disceptav

350 1485 489 1525 tiones
511 1484 564 1525 (le
581 1484 838 1526 Residentia
859 1484 935 1525 diu
957 1492 1143 1525 versatae
1167 1486 1361 1534 fuerunt,
1382 1493 1678 1542 opportunum
1699 1501 1812 1526 nunc

352 1558 436 1598 erit
455 1572 546 1598 rem
564 1564 701 1598 totam
716 1559 771 1598 ab
785 1557 919 1614 liujus
935 1558 1142 1598 Sessionis
1160 1558 1407 1613 primordiis
1429 1566 1644 1615 repetere.
1692 1560 1811 1600 Nam

352 1644 449 1670 911111
471 1637 570 1684 post
592 1630 774 1685 antiqua
795 1631 981 1671 Patrum
1005 1630 1058 1670 de
1092 1645 1144 1671 ea
1181 1630 1374 1679 dissidia,
1402 1630 1652 1671 Cardinalis
1683 1631 1810 1672 Man-

351 1711 513 1745 tuanus
534 1704 619 1744 illis
641 1705 800 1760 saepius
827 1703 1052 1759 pollicitus
1081 1704 1248 1754 fuisset,
1273 1705 1555 1760 quaestionem
1577 1704 1699 1753 hanc,
1725 1720 1812 1761 quo

352 1782 549 1831 tempore
589 1776 642 1818 de
685 1784 954 1818 sacramento
993 1777 1171 1818 Ordinis
1215 1777 1436 1834 agendum
1474 1784 1596 1826 esset,
1639 1778 1812 1819 omnino

351 1848 653 1895 definiendam,
678 1857 993 1905 verereturque
1027 1851 1062 1891 is
1095 1857 1195 1891 ante
1220 1851 1452 1891 Gallorum
1474 1850 1557 1891 huc
1581 1865 1810 1900 accessum,

351 1936 405 1962 ne
428 1922 514 1963 illis
538 1922 877 1964 advenientibus
901 1923 957 1964 ad
978 1923 1328 1979 disquisitionem
1350 1924 1380 1964 J
1384 1924 1475 1964 uris
1496 1923 1647 1973 divini,
1662 1939 1813 1965 rursus

354 1996 508 2036 Patres
529 2003 814 2047 vocarentur3
847 2004 1021 2038 mature
1044 1997 1142 2038 ideo
1179 2012 1252 2038 eos
1286 1997 1617 2053 praeveniendos
1644 1997 1813 2055 judica-

350 2069 428 2116 vit,
452 2084 499 2110 ac
521 2069 748 2111 decretum
771 2070 825 2111 de
847 2070 1105 2111 Residentia
1126 2074 1238 2111 certa
1260 2070 1449 2111 formula
1470 2072 1681 2112 Patribus
1715 2087 1812 2128 pro-

350 2143 618 2198 ponendum,
642 2150 692 2184 ut
713 2159 812 2184 cum
842 2143 954 2184 illud
976 2159 1026 2184 90
1048 2143 1175 2184 modo
1210 2144 1255 2184 in
1282 2159 1484 2185 concessu
1507 2145 1671 2186 editum
1691 2146 1814 2187 Galli

352 2216 650 2266 offendissent,
673 2232 758 2258 non
779 2218 901 2259 facile
923 2225 1036 2259 esset
1069 2218 1143 2267 eis,
1180 2219 1255 2259 illo
1278 2218 1443 2268 relicto,
1466 2220 1511 2260 in
1533 2219 1563 2260 J
1568 2220 1656 2261 uris
1677 2220 1814 2262 divini

352 2305 558 2347 campum
591 2306 835 2332 excurrere.
899 2291 1060 2347 Itaque
1101 2307 1201 2332 cum
1242 2291 1295 2332 de
1329 2299 1595 2334 sacramento
1634 2293 1813 2336 Ordinis

350 2364 493 2405 adhuc
515 2364 730 2421 suffragia
750 2365 980 2414 inirentur,
1000 2364 1115 2406 idem
1131 2365 1403 2407 Mantuanus
1425 2367 1469 2407 in
1492 2374 1612 2409 coetu
1629 2368 1811 2409 Patrum

349 2444 523 2493 tempus
543 2438 770 2480 advenisse
793 2439 918 2487 dixit,
942 2454 1030 2495 quo
1059 2439 1189 2480 fidem
1211 2454 1335 2480 suam
1357 2439 1411 2480 de
1446 2456 1577 2482 causa
1598 2440 1809 2483 Residen-

351 2511 425 2552 tiae
448 2512 672 2554 liberaret.
735 2512 974 2554 Decretum
1005 2528 1031 2553 a
1051 2511 1236 2569 Legatis
1268 2528 1485 2568 perquam
1507 2522 1810 2570 opportunum

349 2585 590 2626 confectum
624 2586 772 2634 fuisse,
811 2586 992 2642 adjectis
1022 2586 1153 2627 variis
1176 2587 1319 2641 poenis
1343 2601 1390 2627 ac
1412 2588 1620 2642 praemiis,
1646 2589 1810 2643 quibus

351 2655 553 2698 Pastores
591 2659 634 2698 in
671 2659 876 2701 Ecclesiis
918 2660 1008 2700 suis
1047 2659 1365 2700 contineantur.
1429 2659 1560 2701 Hanc
1593 2662 1808 2703 rationem

348 2727 480 2784 hujus
517 2730 714 2771 materiae
749 2732 1005 2780 tractandae,
1041 2738 1085 2772 et
1121 2732 1331 2772 Caesareae
1365 2732 1592 2788 Majestati
1625 2740 1670 2775 et
1696 2733 1811 2789 Regi

351 2799 576 2843 Catholico
598 2809 642 2845 et
665 2804 810 2846 Gallis
833 2805 1048 2853 omnibus,
1075 2805 1153 2860 qui
1176 2805 1303 2846 brevi
1320 2804 1404 2846 huc
1435 2805 1671 2847 adventuri
1694 2813 1809 2854 sunt,
