1905 3254
359 265 442 304 208
992 280 1101 311 snss.
1128 281 1188 311 w.

359 385 548 425 visibilia
570 385 793 441 religionis
823 400 870 426 ac
894 385 1073 440 pietatis
1093 386 1220 442 signa
1241 385 1298 426 ad
1320 401 1462 427 rerum
1490 386 1812 435 altissimarum,

359 473 460 513 quae
484 457 527 497 in
548 457 626 499 hoc
657 458 874 499 Sacrificio
897 458 1049 506 latent,
1074 459 1484 514 contemplationem
1507 459 1813 500 excitarentur.

418 530 608 585 Optaret
639 530 814 586 quidem
851 538 999 572 sancta
1035 531 1251 586 Synodus,
1289 537 1338 572 ut
1370 530 1413 570 in
1450 530 1634 586 singulis
1668 529 1815 571 Missis

363 603 418 657 [e]
445 603 648 644 fidelibus
672 604 809 659 aliqui
830 604 1211 652 communicarent,
1231 618 1317 659 quo
1340 603 1394 643 ad
1416 603 1564 657 plures
1586 604 1678 658 ejus
1699 616 1814 642 sanc-

358 676 513 716 tissimi
529 676 734 717 Sacrificii
753 677 919 718 fructus
941 678 1118 718 uberior
1139 677 1391 732 perveniret
1406 693 1416 725 3
1449 691 1525 717 nec
1544 682 1700 725 tamen,
1719 675 1753 716 si
1771 674 1816 716 id

358 763 441 788 non
475 764 644 804 semper
679 749 766 797 fiat,
800 756 1036 804 propterea
1069 749 1226 790 Missas
1263 749 1374 797 illas,
1418 750 1462 789 in
1496 749 1661 804 quibus
1697 749 1815 789 solus

359 821 566 862 Sacerdos
587 822 958 863 sacramentaliter
979 823 1278 870 communicat,
1298 830 1347 862 ut
1363 823 1560 877 privatas
1580 829 1624 863 et
1640 822 1815 863 illicitas

357 893 548 943 damnat,
581 894 657 935 sed
692 895 850 949 probat
890 895 1052 949 potius,
1098 902 1231 950 atque
1270 894 1542 936 commendat
1556 912 1567 944 3
1599 895 1815 950 siquidem

356 968 445 1008 illae
488 983 664 1023 quoque
705 968 854 1008 Missae
900 982 997 1008 vere
1049 968 1371 1008 communiones
1423 968 1588 1008 censeri
1637 968 1814 1017 debent,

358 1041 519 1096 partim
571 1040 689 1096 quod
737 1041 780 1080 in
825 1041 885 1081 eis
931 1040 1131 1096 Populus
1183 1041 1473 1096 spiritualiter
1513 1042 1815 1089 communicat,

356 1113 515 1168 partim
539 1128 642 1153 vero
675 1113 793 1168 quod
827 1128 851 1153 a
885 1112 1064 1168 publico
1086 1113 1296 1154 Ecclesiae
1319 1113 1525 1161 ministro,
1556 1129 1640 1154 non
1667 1129 1746 1169 pro
1769 1129 1813 1155 se

357 1190 543 1233 tantum,
573 1184 649 1225 sed
680 1199 761 1240 pro
795 1185 996 1225 omnibus
1028 1184 1232 1225 fidelibus
1266 1184 1341 1240 qui
1376 1184 1430 1225 ad
1463 1200 1627 1241 corpus
1651 1184 1813 1227 Christi

357 1257 592 1311 pertinent,
616 1257 902 1297 celebrentur.

415 1330 569 1370 Monet
586 1328 741 1370 deinde
760 1335 906 1368 sancta
927 1328 1128 1384 Synodus
1145 1336 1416 1383 praeceptum
1436 1344 1526 1370 esse
1545 1330 1600 1370 ab
1616 1329 1815 1370 Ecclesia

359 1401 678 1448 Sacerdotibus,
718 1408 766 1441 ut
789 1416 946 1456 aquam
971 1402 1073 1442 vino
1095 1402 1137 1441 in
1163 1402 1197 1441 C
1204 1402 1308 1442 alice
1331 1402 1550 1443 offerendo
1572 1403 1811 1449 miscerent,

358 1480 451 1514 tum
500 1473 618 1529 quod
652 1473 875 1514 Christum
910 1474 1150 1514 Dominum
1188 1474 1249 1515 ita
1280 1474 1430 1514 fecisse
1467 1474 1683 1522 credatur,
1719 1481 1811 1516 tum

356 1547 485 1587 etiam
508 1546 611 1601 quia
633 1561 657 1586 a
678 1546 815 1587 latere
847 1551 943 1602 ejus
966 1562 1081 1602 aqua
1103 1547 1231 1587 simul
1254 1562 1348 1587 cum
1383 1547 1596 1603 sanguine
1633 1548 1810 1597 exierit3

356 1618 473 1674 quod
503 1619 829 1658 Sacramentum
853 1618 933 1659 hac
956 1619 1174 1659 mentione
1194 1619 1410 1667 recolitur,
1434 1626 1477 1659 et
1499 1635 1593 1660 cum
1620 1635 1747 1675 aquae
1769 1620 1812 1659 in

356 1689 573 1745 Apocaluv]
592 1691 624 1729 si
642 1690 693 1730 B.
714 1690 897 1730 Joannis
914 1690 1073 1746 Populi
1095 1690 1305 1738 dicantur,
1330 1692 1468 1747 ipsius
1491 1693 1653 1747 Populi
1674 1692 1812 1733 fidelis

354 1777 449 1803 cum
475 1762 617 1817 capite
643 1761 817 1802 Christo
840 1763 957 1803 unio¹
983 1771 1337 1818 repraesentatur.

412 1836 513 1876 Etsi
535 1835 673 1875 Missa
694 1851 897 1891 magnam
921 1837 1138 1877 contineat
1160 1837 1321 1892 Populi
1349 1836 1490 1878 fidelis
1511 1837 1810 1886 eruditionem,

354 1924 436 1949 non
461 1917 606 1950 tamen
637 1910 845 1965 expedire
869 1911 1012 1950 visum
1036 1917 1099 1951 est
1123 1911 1345 1957 Patribus,
1368 1917 1418 1950 ut
1442 1911 1617 1967 vulgari
1647 1911 1809 1966 passim

352 1983 505 2038 lingua
528 1982 849 2023 celebraretur:
883 1983 1167 2037 quamobrem
1190 1989 1356 2023 retento
1388 1983 1555 2037 ubique
1592 1988 1809 2038 cujusque

354 2055 544 2095 ecclesia]
568 2056 764 2111 antiquo,
798 2063 841 2096 et
862 2071 886 2096 a
908 2062 1058 2096 sancta
1080 2055 1277 2096 Romana
1306 2055 1482 2096 ecclesia
1503 2056 1687 2110 probato
1709 2057 1810 2103 ritu,

353 2143 405 2168 ite
427 2143 529 2168 oves
545 2128 709 2169 Christi
732 2129 940 2177 esuriant,
965 2144 1041 2169 nec
1065 2129 1243 2183 parvuli
1266 2144 1423 2184 panem
1438 2135 1606 2184 petant,
1631 2136 1674 2170 et
1697 2129 1810 2170 adsit

354 2203 431 2256 qui
453 2202 652 2258 f1·angat;
685 2204 746 2243 eis
768 2202 946 2243 mandat
968 2210 1117 2243 sancta
1140 2202 1343 2258 Sui-nodus
1365 2203 1636 2251 Pastoribus,
1660 2211 1703 2244 et
1725 2204 1808 2243 sin-

355 2275 470 2329 gulis
486 2290 632 2316 curam
656 2276 897 2315 animarum
923 2275 1191 2330 gerentibus,
1216 2283 1265 2315 ut
1288 2275 1540 2329 frequenter
1570 2275 1684 2316 inter
1706 2275 1810 2316 Mis-

353 2362 497 2388 sarum
521 2349 872 2396 celebrationem,
898 2348 968 2388 vel
991 2363 1070 2403 per
1103 2364 1159 2397 se,
1195 2349 1265 2388 vel
1287 2363 1366 2403 per
1391 2348 1510 2395 alios,
1535 2364 1587 2389 ex
1609 2348 1686 2397 his,
1709 2364 1809 2404 quae

351 2421 394 2460 in
432 2421 569 2461 Missa
608 2421 832 2476 leguntur,
867 2420 1034 2475 aliquid
1070 2428 1305 2476 exponant,
1340 2427 1474 2475 atque
1507 2421 1618 2461 inter
1653 2428 1811 2460 caetera

352 2494 669 2534 sanctissimum
694 2494 887 2534 sacrificii
909 2494 1164 2548 mysterium
1190 2493 1357 2548 aliquot
1387 2493 1607 2535 declarent
1640 2493 1809 2540 diebus,

352 2565 591 2620 praesertim
614 2565 853 2605 Domi11i03s
875 2572 917 2605 et
939 2566 1074 2606 festis.

412 2639 628 2688 Quoniam
674 2653 774 2678 vero
816 2638 1025 2678 adversus
1069 2645 1259 2679 veterem
1293 2638 1401 2679 hanc
1435 2639 1479 2679 in
1530 2640 1808 2680 Sacrosancto

355 2710 615 2765 Evangelio,
641 2711 1105 2766 Sanctissimorumque
1124 2711 1306 2751 Patrum
1330 2711 1641 2753 traditionibus
1657 2711 1810 2752 funda-

964 2799 969 2815 ¹
1001 2799 1114 2836 suino,
1130 2800 1201 2829 MS.

1864 3017 1874 3254 mua-“n-
1869 2983 1873 3006 ,-
1868 2889 1875 2970 -=.-—..
1871 2826 1875 2872 r--.
