1905 3254
359 292 444 332 488
1001 306 1110 336 SEss.
1137 305 1215 334 vur

424 415 707 470 Quapropter
739 428 780 454 x.
817 412 984 468 Aprilis
1023 411 1164 467 pridie
1199 418 1299 452 ante
1332 412 1666 453 sacratissimum
1700 411 1814 452 diem

365 485 558 535 Paschae,
580 486 687 526 hora
707 485 789 534 523)
816 485 1062 525 Cardinalis
1082 484 1305 532 Moronus,
1328 486 1495 524 summ-21
1522 484 1714 524 omnium
1743 497 1814 523 ex-

364 559 621 614 pectatione,
650 558 916 611 solemnique
950 572 1124 612 pompa,
1157 571 1275 596 more
1298 556 1649 611 Apostolicorum
1673 556 1816 610 Lega-

366 638 521 679 torum,
539 630 859 671 deducentibus
881 645 981 670 eum
1002 629 1258 678 Varmiensi,
1277 629 1531 677 Simonetta,
1549 628 1815 675 Madruccio,

365 702 618 758 Principum
653 702 927 749 Oratoribus,
951 701 1242 756 Praelatisque
1272 701 1382 747 aliis,
1407 699 1609 741 Tridenti
1637 699 1723 739 fuit
1745 713 1816 738 ex-

366 781 532 830 ceptus.
596 774 740 815 Biduo
761 781 859 829 post
889 774 1048 815 Comes
1069 789 1093 814 a
1114 774 1256 821 Luna,
1280 773 1440 814 Orator
1462 772 1660 829 Philippi
1682 770 1819 825 Regis

366 847 700 903 Hispaniarum,
724 862 748 888 a
775 847 946 887 Caesare
979 861 1032 887 ex
1064 846 1319 902 OEnoponte
1348 846 1583 900 profectus,
1615 844 1698 884 huc
1721 858 1817 884 con-

366 920 506 968 cessit,
540 919 732 961 nondum
772 918 950 974 quidem
993 919 1233 974 quaestione
1274 918 1328 958 de
1359 918 1441 958 loci
1472 917 1685 972 dignitate
1717 931 1815 957 cum

368 993 626 1033 Oratoribus
656 991 798 1032 Gallis
819 990 1019 1040 definita3
1053 990 1129 1030 sed
1149 997 1295 1031 tamen
1325 990 1386 1030 ita
1411 989 1592 1030 officiose
1612 989 1725 1029 inter
1747 1003 1818 1029 eos

366 1071 568 1112 tractata,
604 1070 653 1104 ut
688 1078 788 1118 spes
826 1062 967 1103 multa
1000 1063 1120 1102 illius
1159 1061 1464 1117 componendae
1504 1066 1616 1102 esset
1650 1061 1816 1102 relicta.

367 1139 600 1194 Ingressus
632 1138 726 1193 ejus
747 1136 832 1176 fuit
867 1135 1148 1184 honorificus3
1193 1135 1402 1176 Patribus
1438 1134 1738 1189 compluribus
1779 1135 1818 1175 ei

367 1212 543 1251 obviam
571 1209 909 1265 prodeuntibus.
971 1208 1253 1264 Navagerius
1274 1223 1378 1249 vero
1407 1223 1504 1249 cum
1526 1207 1667 1248 Roma
1686 1208 1817 1248 disce-

366 1284 688 1325 densVenetias
697 1284 713 1338 j
723 1298 822 1322 ussu
839 1282 1005 1322 Summi
1019 1282 1239 1322 Pontificis
1251 1281 1507 1329 divertisset,
1520 1281 1817 1336 nonnullaque

366 1360 463 1411 ejus
483 1356 656 1396 nomine
678 1370 774 1395 eum
800 1356 962 1395 Senatu
978 1354 1145 1395 Veneto
1167 1354 1339 1409 egisset,
1363 1353 1530 1408 aliquot
1545 1360 1642 1408 post
1663 1353 1820 1394 diebus

366 1427 629 1469 Tridentum
663 1433 707 1467 et
740 1427 846 1481 ipse,
882 1432 1080 1466 recusato
1115 1426 1293 1480 publico
1327 1425 1527 1474 decurSU,
1563 1426 1647 1466 sub
1678 1426 1817 1481 ipsam

364 1507 543 1541 noctem.
608 1500 709 1555 Ipse
731 1498 941 1539 Moronus
961 1498 1031 1539 die
1058 1499 1108 1538 13
1130 1499 1297 1553 Aprilis
1324 1499 1367 1538 in
1396 1498 1620 1553 Synodum
1642 1499 1819 1554 publice

365 1573 451 1613 fuit
473 1571 700 1619 admissus,
723 1571 923 1626 lectoque
948 1585 972 1610 a
996 1570 1233 1611 Secretario
1255 1571 1385 1611 Brevi
1411 1570 1481 1610 Snni
1504 1569 1579 1610 Dni
1600 1570 1729 1611 ΝΗ-

660 1700 947 1746 Mandatum
975 1699 1247 1746 Cardinalis
1272 1700 1533 1747 Moroni—

362 1807 428 1848 his
449 1807 555 1862 ipsis
578 1806 723 1847 verbis
744 1805 798 1845 ad
819 1805 972 1845 Patres
993 1819 1161 1845 summa
1181 1804 1398 1860 gravitate
1420 1812 1485 1846 est
1503 1805 1690 1847 locutus.

421 1880 519 1930 Quo
546 1879 590 1919 in
616 1885 735 1919 statu
768 1878 823 1918 sit
856 1877 1127 1932 Respublica
1150 1876 1415 1925 Christiana,
1437 1878 1591 1919 Patres
1612 1879 1707 1927 Bm,
1729 1895 1817 1921 om-

361 1953 492 1993 nibus
531 1952 813 2007 perspicuum
850 1957 928 1991 est.
990 1950 1157 1990 Nullus
1191 1950 1305 1990 enim
1347 1950 1523 2006 ignorat
1563 1959 1727 2007 quanta
1763 1954 1819 1994 sit

362 2020 607 2076 Religionis
642 2019 934 2075 perturbatio,
974 2033 1106 2073 quam
1137 2018 1352 2074 neglecta,
1384 2019 1469 2059 imo
1504 2035 1683 2075 prorsus
1722 2036 1818 2062 con-

363 2099 532 2148 tempta
565 2093 620 2133 sit
652 2092 791 2133 omnis
824 2091 1131 2132 Ecclesiastica
1162 2090 1413 2146 disciplina3
1447 2106 1545 2147 quae
1568 2093 1696 2142 bella,
1720 2109 1818 2149 quae

362 2166 596 2207 seditiones
617 2165 883 2221 populorum
906 2163 1081 2209 fuerint,
1106 2170 1238 2219 atque
1260 2164 1391 2205 ctiam
1418 2179 1531 2206 nunc
1558 2166 1644 2207 sint
1659 2183 1669 2216 ;
1707 2182 1816 2222 quas

360 2238 504 2278 clades
536 2252 561 2278 a
591 2236 891 2291 potentissimo
913 2250 960 2276 ac
981 2241 1197 2291 perpetuo
1222 2235 1461 2277 Christiani
1490 2238 1671 2279 nominis
1692 2238 1816 2280 hoste

361 2311 524 2359 Turca,
567 2309 869 2365 superioribus
903 2308 1034 2355 annis,
1077 2314 1193 2349 terra
1234 2309 1449 2364 marique,
1499 2312 1814 2367 acceperimus3

361 2400 498 2440 quam
534 2384 688 2440 ingens
720 2382 911 2438 denique
946 2381 1193 2456 perigulum
1226 2382 1351 2422 nobis
1387 2383 1442 2423 ab
1475 2385 1571 2439 ejus
1603 2386 1816 2440 potentia,

404 2504 413 2521 ¹
440 2501 507 2531 The
524 2499 654 2530 Italians
667 2498 781 2529 reckon
805 2498 856 2528 the
880 2498 972 2528 hours
994 2499 1029 2527 of
1047 2498 1097 2528 the
1113 2498 1177 2537 day
1193 2499 1272 2528 from
1288 2504 1393 2529 sunset
1409 2499 1439 2529 iu
1455 2511 1473 2530 a
1490 2501 1658 2531 continued
1675 2502 1764 2532 series
1787 2506 1817 2533 to

357 2553 407 2583 the
422 2553 508 2582 24th.
556 2553 592 2581 111
617 2551 779 2582 Gavanti's
805 2551 982 2581 Thesaurus
1005 2551 1075 2581 Sao.
1094 2551 1240 2588 Rituum,
1260 2552 1388 2589 Venice,
1410 2553 1500 2591 1713,
1523 2564 1574 2594 pp.
1590 2555 1663 2592 207,
1676 2559 1706 2585 et
1720 2566 1816 2596 seqq„

357 2610 440 2636 there
457 2616 507 2635 are
522 2604 620 2634 tables
639 2604 684 2634 for
706 2604 758 2634 the
784 2603 880 2633 whole
906 2614 978 2642 year
1001 2604 1047 2633 for
1070 2603 1151 2633 three
1173 2604 1314 2634 different
1337 2605 1479 2635 northern
1503 2605 1662 2645 latitudes,
1678 2607 1757 2637 from
1777 2609 1817 2638 39

357 2663 388 2687 to
405 2659 455 2687 45.
501 2659 595 2687 Trent
610 2657 635 2687 is
651 2657 701 2686 the
717 2657 792 2694 last3
816 2656 878 2686 and
893 2656 942 2686 the
958 2656 1037 2686 hour
1059 2656 1142 2694 then,
1159 2657 1330 2696 according
1347 2662 1378 2688 to
1394 2658 1444 2688 the
1460 2659 1536 2689 time
1560 2660 1595 2689 of
1615 2671 1687 2699 year
1708 2661 1740 2690 in
1763 2661 1814 2691 the

357 2711 451 2747 table,
469 2711 574 2741 would
591 2710 681 2740 make
697 2710 764 2740 that
779 2710 811 2739 in
827 2709 877 2739 the
891 2714 957 2739 text
971 2710 1069 2739 about
1085 2711 1103 2738 6
1122 2719 1147 2740 Ρ.
1161 2719 1198 2740 Μ.
1245 2710 1310 2740 The
1327 2722 1410 2741 same
1427 2712 1519 2742 mode
1541 2714 1577 2742 of
1598 2712 1769 2752 reckoning
1791 2713 1818 2743 is

355 2763 421 2793 still
445 2764 590 2794 observed
616 2764 647 2793 in
672 2763 768 2802 Italy,
792 2774 824 2792 as
850 2774 923 2801 may
939 2763 977 2792 be
991 2773 1059 2792 seen
1084 2763 1116 2792 in
1140 2773 1202 2802 any
1219 2764 1348 2793 modern
1374 2765 1602 2805 publicati0ns3
1625 2765 1677 2796 the
1705 2765 1816 2797 Diario

358 2815 389 2845 (li
408 2817 518 2854 Roma⁷
535 2819 592 2847 See.
639 2817 716 2847 This
731 2816 833 2848 notice
849 2815 950 2855 might
966 2815 1043 2846 have
1060 2816 1136 2846 been
1153 2816 1245 2856 given
1264 2817 1373 2847 before.

1898 1248 1905 2222 i-mi—m-mfi--.-m.---..—>‚--—-————-——.*——-
1903 1097 1905 1235 ᾼᾼμᾼᾼμ
1904 1054 1905 1082 ᾼᾼ

1895 2952 1898 2957 .
1893 2902 1898 2945 -..
1894 2770 1901 2891 -<-—-,
1894 2619 1902 2766 mm«,—
1897 2583 1903 2611 ψ..
1895 2252 1905 2577 &jau—an-‹a-oew-x-u-e-
1899 2231 1904 2245 -.
