1905 3254
708 278 818 310 sEss.
844 277 919 308 νυ.
1462 267 1538 307 441

86 393 188 428 tum.
249 385 351 442 Ego
386 392 489 427 tunc
529 388 816 429 necessarium
856 388 1046 429 residere
1092 389 1399 437 existimarem,
1443 405 1540 430 cum

85 459 280 515 indigent
315 474 485 515 greges,
521 467 564 501 et
597 475 694 501 cum
728 476 781 502 ex
815 462 1015 502 absentia
1050 462 1241 503 Pastoris
1267 469 1413 518 posset
1435 478 1542 519 grex

85 531 325 588 periculum
360 532 468 586 pati.
533 532 647 573 Cum
683 548 786 574 vero
811 534 1004 575 medium
1038 541 1103 575 est
1134 541 1312 591 tempus
1354 551 1540 576 vacuum

83 603 281 660 negotiis,
314 619 393 645 nec
416 605 542 661 gregi
565 606 867 655 necessarium,
905 612 950 646 et
983 613 1083 647 tunc
1121 622 1204 647 non
1234 608 1407 649 videtur
1429 609 1540 649 Jure

84 677 227 718 divino
248 677 543 719 residendum.
606 678 864 733 Aliquando
896 680 1024 720 etiam
1056 680 1214 720 melius
1236 687 1301 721 est
1324 681 1430 721 alibi
1451 697 1539 722 mo-

82 750 166 792 rari
187 764 239 791 ex
260 765 391 791 causa
411 751 554 802 Eccae3
587 757 631 793 et
652 758 754 792 tunc
777 751 830 793 de
852 751 965 793 Jure
988 751 1134 793 divino
1156 759 1220 794 est
1244 768 1327 794 non
1349 754 1540 796 residere

82 823 124 864 in
146 823 343 864 Ecclesia
418 823 564 880 Igitur
585 824 829 873 dicendum,
853 832 955 866 tune
990 841 1082 866 esse
1115 825 1390 867 residentiam
1415 827 1540 868 Juris

80 897 229 945 divini,
249 913 344 939 cum
363 899 519 940 Pastor
540 906 604 940 est
619 900 886 940 necessarius
904 900 1043 955 gregi.
1084 899 1251 940 Verum
1270 900 1435 941 nullam
1457 916 1538 957 ego

81 971 317 1012 utilitatem
350 973 522 1013 invenio
554 972 803 1013 decidendae
839 972 973 1028 hujus
1001 973 1279 1028 quaestionis,
1313 989 1413 1015 nam
1436 974 1537 1015 duae

81 1044 263 1085 rationes
295 1051 441 1086 contra
467 1045 625 1086 adduci
657 1046 822 1086 solent:
856 1046 921 1086 Po.
947 1048 1053 1101 quia
1074 1047 1215 1102 magis
1236 1047 1538 1088 incitabuntur

78 1117 269 1160 homines
310 1118 363 1159 ad
403 1118 698 1168 residendum,
736 1119 854 1174 quod
884 1126 1028 1160 tamen
1073 1120 1258 1175 [aliter¹]
1305 1136 1348 1161 se
1388 1120 1536 1168 habet,

78 1198 207 1247 prout
226 1206 303 1232 nec
324 1191 543 1233 abstinent
566 1207 609 1233 se
633 1193 689 1233 ab
710 1207 859 1240 usura,
883 1193 984 1234 licet
1009 1194 1071 1234 ita
1092 1193 1311 1234 declarata
1334 1195 1375 1235 in
1394 1194 1535 1235 Clem.

80 1264 114 1305 1.
139 1264 192 1305 de
224 1280 350 1305 usur:
396 1266 440 1305 2²¹
462 1266 574 1306 ratio
601 1272 679 1314 est,
705 1266 808 1321 quia
839 1273 1090 1307 occurretur
1121 1266 1536 1322 dispensationibus,

77 1352 128 1379 ne
150 1338 448 1379 concedantur.
511 1339 782 1395 Respondeo,
816 1355 898 1380 non
922 1339 1133 1381 tollentur
1156 1347 1300 1380 tamen
1323 1341 1536 1395 interpre-

77 1412 263 1453 tationes
293 1427 372 1468 pro
395 1419 591 1468 tempore
625 1420 669 1454 et
700 1413 804 1461 loco,
829 1428 930 1469 quac
953 1412 1067 1454 idem
1090 1413 1296 1454 efficient:
1331 1414 1417 1454 imo
1437 1414 1536 1470 plus

76 1486 240 1536 multo;
277 1487 382 1542 quia
430 1486 786 1542 dispensationes,
830 1502 926 1528 cum
967 1488 1053 1528 sint
1095 1486 1256 1528 contra²
1289 1488 1363 1543 jus
1405 1487 1535 1528 multi

75 1561 237 1602 timidae
258 1561 523 1602 conscientiae
558 1576 643 1601 non
680 1560 808 1601 valde
843 1559 1140 1605 reformidant,
1175 1567 1219 1601 et
1255 1561 1535 1616 acquiescunt

75 1642 218 1677 tamen
239 1634 533 1681 declarationi,
563 1635 666 1689 quia
689 1640 753 1675 est
774 1635 1002 1689 proprium
1030 1638 1116 1689 juS,
1140 1640 1184 1674 et
1214 1633 1322 1673 nihil
1344 1635 1535 1675 continet

74 1709 308 1765 privilegii.
372 1708 537 1750 Dicunt
584 1708 671 1755 alii,
725 1708 884 1748 veritas
925 1713 990 1748 est
1037 1707 1209 1748 omnino
1261 1707 1530 1750 declaranda.

75 1781 345 1839 Respondeo,
382 1796 468 1822 non
502 1780 646 1827 debet,
682 1779 855 1836 quando
877 1779 1143 1828 scandalum,
1167 1787 1246 1821 aut
1276 1784 1416 1836 major
1436 1796 1532 1836 per-

76 1855 272 1896 turbatio
315 1855 500 1895 aliarum
538 1869 684 1894 rerum
727 1860 1009 1908 sequeretur;
1043 1859 1176 1907 prout
1207 1852 1305 1892 hine
1344 1853 1532 1894 maxime

78 1929 276 1978 oriretur,
313 1943 411 1969 cum
443 1928 590 1968 omnia
622 1941 721 1982 quae
752 1925 879 1966 hodie
916 1924 1131 1966 Haeretici
1162 1931 1310 1966 contra
1345 1925 1530 1982 Papam,

76 2001 327 2058 Episcopos,
357 2000 627 2049 Sacerdotes,
662 2007 704 2041 et
737 1999 978 2040 Ecclesiam
1012 1997 1335 2054 blasphemant,
1359 2007 1533 2041 sumant

77 2090 129 2116 ex
156 2079 255 2131 jure
286 2075 445 2116 divino.
510 2075 808 2129 Sequerentur
850 2072 906 2113 ad
936 2071 1027 2112 haee
1067 2070 1294 2113 scandala:
1337 2071 1402 2113 Po.
1426 2074 1532 2128 quia

76 2145 276 2195 dicerent,
289 2153 512 2203 praecepta
523 2146 832 2187 Ecclesiastica
848 2160 931 2185 non
950 2144 1142 2185 sufficere
1159 2143 1214 2184 ad
1236 2143 1530 2187 inducendum

76 2228 298 2276 peccatum
326 2221 536 2271 mortale3
570 2221 625 2261 2⁰.
651 2219 768 2275 quod
791 2220 915 2275 Papa
942 2218 1075 2259 fuerit
1106 2218 1149 2257 in
1181 2232 1324 2258 errore
1358 2217 1531 2274 dispen-

77 2294 206 2336 sando
221 2302 347 2336 antea
364 2294 418 2335 ad
432 2295 564 2351 plura
580 2293 929 2350 incompatibilia
948 2310 956 2342 3
976 2292 1031 2332 30.
1049 2292 1156 2347 quia
1171 2290 1352 2331 dabitur
1367 2292 1530 2333 occasio

77 2367 270 2423 praelatis
289 2367 517 2409 recedendi
539 2367 595 2407 ab
617 2366 867 2408 obedientia
899 2371 942 2406 et
974 2363 1206 2420 praeceptis
1238 2363 1399 2418 Papae3
1431 2379 1529 2406 nam

77 2438 229 2490 dicent,
243 2441 384 2497 magis
399 2447 464 2481 est
480 2439 776 2481 obediendum
791 2438 888 2479 Deo
906 2452 1038 2493 quam
1052 2436 1301 2477 hominibus
1315 2453 1325 2486 3
1343 2437 1398 2476 4⁰.
1412 2437 1530 2492 quod

77 2511 249 2570 Populi,
273 2514 517 2555 discedente
539 2514 760 2570 Episcopo
791 2527 845 2553 ex
873 2511 1061 2557 dioecesi,
1085 2509 1385 2566 segregabunt
1406 2525 1450 2551 se
1475 2511 1530 2552 ab

78 2589 173 2642 ejus
193 2586 454 2629 obedientia.

134 2656 693 2702 Commend⁵³—decretum
735 2657 989 2700 emendetur
1030 2671 1083 2697 ex
1120 2657 1250 2697 Prum
1288 2658 1528 2699 annotatio-

78 2732 219 2783 nibus,
241 2741 285 2776 et
306 2735 568 2790 quaestiones
588 2734 858 2774 omittantur.

165 2841 172 2858 ¹
191 2841 267 2872 This
281 2852 406 2882 appears
420 2851 438 2872 a
453 2851 610 2879 necessary
625 2840 778 2870 addition.
910 2837 922 2855 ²
941 2837 1022 2874 Con,
1041 2836 1111 2866 MS.
1242 2836 1255 2853 ³
1272 2835 1443 2867 Comensis.
