1905 3254
704 347 812 377 SEss.
837 347 912 376 vn.
1453 332 1538 373 473

75 450 167 490 dari
189 448 340 496 solent,
363 449 492 488 immo
514 463 586 489 eos
608 450 650 489 in
674 450 716 489 2⁰
741 449 851 505 Cap.
875 450 928 491 de
951 450 1163 491 abusibus
1183 449 1383 490 ordinum
1407 450 1537 491 tacite

75 521 262 570 excludi,
286 536 384 562 cum
408 529 452 562 et
473 522 557 577 ipsi
579 523 693 563 intra
715 524 1000 564 constitutum
1023 530 1200 579 tempus
1220 523 1411 564 debeant
1440 537 1536 564 con-

75 595 239 636 secrari.
301 594 372 635 De
412 594 508 634 aliis
550 600 697 635 autem
747 595 966 643 Ecclesiis,
1002 610 1101 650 quae
1142 595 1418 650 Presbyteris
1452 595 1536 636 rite

75 666 368 714 conferuntur,
390 666 500 707 nihil
523 681 789 722 repugnare,
815 667 923 721 quin
945 666 1000 707 ad
1022 682 1094 707 eas
1117 667 1249 707 etiam
1279 666 1537 707 Cardinales

75 753 197 795 aequc
219 754 266 780 ac
288 739 362 780 alii
384 738 690 787 adsciscantur,
714 754 809 779 cum
832 746 876 780 et
895 739 940 779 in
962 739 1014 779 iis
1034 739 1117 794 ipsi
1139 738 1343 787 residere,
1362 754 1409 779 ac
1431 739 1533 779 Pas-

73 819 216 854 torum
250 819 413 868 partcs,
441 811 621 868 perinde
658 827 705 853 ac
742 813 916 868 reliqui,
945 812 1068 852 obire
1102 819 1348 853 teneantur.
1411 812 1538 854 Licet

73 886 187 927 enim
206 900 358 926 eorum
380 901 540 926 munus
563 885 783 933 videatur,
807 892 857 926 ut
879 900 904 925 a
926 886 1114 926 consiliis
1135 886 1221 927 sint
1241 887 1400 927 summi
1422 887 1535 927 Pon-

73 958 212 1006 tificis,
247 972 333 999 non
380 965 527 999 tamen
571 972 744 1013 semper
779 972 878 998 eum
914 957 1092 999 illorum
1128 973 1264 1013 opera
1308 957 1533 1014 indigere3

71 1030 288 1071 interdum
310 1031 442 1072 etiam
463 1045 539 1071 nec
562 1045 713 1071 eorum
736 1030 914 1071 consilio
935 1031 1002 1070 uti
1025 1030 1139 1071 velle
1157 1047 1168 1080 3
1202 1045 1535 1086 congruumque

71 1118 162 1144 esse
196 1110 247 1144 ut
280 1104 418 1159 possit
450 1103 683 1159 aliquando
715 1118 786 1144 eos
819 1103 874 1143 ab
907 1102 1117 1144 Ecclesiis
1149 1104 1239 1144 suis
1272 1104 1328 1144 ad
1361 1111 1536 1158 tempus

70 1191 263 1219 evocare.
311 1177 483 1228 Quibus
505 1193 603 1218 cum
626 1177 818 1234 Hispani
838 1177 971 1217 etiam
1001 1175 1298 1224 adhaesissent,
1321 1177 1534 1232 reliquam

71 1248 251 1290 Decreti
288 1257 458 1305 partem
497 1265 644 1290 omnes
685 1250 774 1290 fere
808 1249 1045 1296 unanimes,
1078 1248 1296 1288 nonnullis
1328 1249 1533 1304 exceptis,

72 1322 147 1378 qui
180 1322 310 1362 etiam
343 1322 387 1362 in
421 1322 620 1362 Sessione
656 1336 681 1362 a
714 1336 792 1362 suo
828 1335 957 1361 sensu
994 1320 1123 1361 avelli
1155 1335 1240 1360 non
1281 1327 1534 1375 potuerunt,

73 1395 271 1435 alacriter
300 1394 491 1450 amplexi
524 1400 651 1443 sunt3
682 1393 948 1448 tandemque
972 1392 1068 1432 Deo
1091 1393 1210 1448 pacis
1231 1399 1275 1433 et
1296 1393 1534 1434 concordiae

72 1467 255 1508 authore
290 1467 500 1508 Patribus
530 1467 762 1522 aspirante,
786 1465 886 1508 huic
915 1466 1236 1514 controversiae,
1261 1481 1361 1521 quae
1398 1482 1534 1522 prope

72 1540 327 1581 immortalis
369 1540 523 1580 futura
565 1538 804 1595 aliquando
847 1539 940 1579 visa
981 1538 1080 1586 fuit,
1124 1539 1226 1580 felix
1267 1546 1534 1595 optatusque

71 1613 180 1662 finis,
203 1628 376 1654 summa
395 1614 586 1654 omnium
610 1627 707 1654 cum
731 1612 898 1659 laetitia,
923 1612 1156 1667 impositus
1178 1612 1276 1653 fuit.

128 1686 231 1727 Jam
265 1691 315 1726 ut
344 1685 398 1726 ad
429 1700 493 1733 ea,
535 1685 646 1726 unde
677 1685 968 1730 discessimus,
994 1684 1240 1725 redeamus.
1305 1685 1403 1734 Quo
1426 1692 1532 1726 tem-

72 1774 174 1814 pore
209 1774 370 1815 graves
403 1758 543 1799 adhuc
579 1758 633 1799 de
670 1764 939 1799 sacramento
975 1757 1164 1805 Ordinis,
1195 1764 1239 1798 ct
1271 1757 1324 1798 de
1347 1757 1535 1798 Decreto

73 1831 338 1873 Residentiae
360 1832 475 1872 inter
497 1832 651 1872 Patres
674 1830 979 1871 controversiae
1007 1830 1232 1885 vigebant,
1268 1831 1456 1884 parabat
1489 1846 1533 1871 se

75 1904 547 1959 Quinqueecclcsiensis
571 1904 730 1945 Orator
753 1910 943 1944 excunte
975 1903 1199 1951 Januario,
1233 1909 1282 1943 ut
1305 1903 1471 1944 Caesari
1491 1904 1534 1944 in

75 1976 365 2031 OEnipontem
399 1976 686 2031 proficiscenti
707 1982 976 2021 occurreret3
1011 1989 1258 2030 magnaque
1281 1983 1373 2016 crat
1395 1976 1533 2030 suspi-

73 2048 148 2095 cio,
171 2063 224 2089 ne
247 2063 404 2103 parum
429 2055 576 2103 gratos
597 2048 650 2088 de
673 2048 806 2088 rebus
825 2047 1008 2087 Concilii
1030 2047 1222 2087 Nuntios
1240 2047 1294 2087 ad
1313 2046 1531 2088 Caesarem

74 2119 301 2174 perferret,
340 2120 582 2174 praescrtim
620 2118 740 2174 quod
770 2119 808 2159 ei
842 2134 867 2159 a
900 2118 1125 2158 malevolis
1147 2117 1413 2172 quibusdam
1437 2132 1533 2172 per-

74 2206 249 2232 suasum
272 2192 430 2240 fuerat,
453 2193 649 2247 privatos
670 2191 879 2247 quosdam
913 2198 1151 2231 conventus
1170 2205 1194 2230 a
1220 2190 1437 2230 nonnullis
1470 2204 1533 2230 se-

74 2263 241 2304 ditiosis
265 2263 517 2319 frequenter
537 2264 652 2311 iniri,
686 2265 762 2319 qui
783 2270 911 2304 noctu
935 2263 1084 2303 domos
1102 2263 1361 2317 complicum
1383 2262 1532 2302 circui-

78 2341 187 2382 rent,
231 2349 278 2376 ac
321 2334 525 2375 schedula
560 2335 750 2390 quadam
786 2350 832 2375 ac
874 2334 1020 2390 sigillo
1055 2334 1329 2389 singulorum
1363 2334 1538 2374 nomina

74 2406 212 2448 literis
233 2407 470 2463 obsignata
485 2408 748 2463 exciperent,
772 2407 936 2461 quibus
951 2406 1058 2446 nihil
1081 2404 1430 2460 approbandum,
1453 2406 1533 2445 nisi

75 2479 194 2534 quod
214 2495 267 2521 ex
288 2495 437 2521 eorum
460 2488 573 2521 esset
602 2481 830 2527 sententia,
864 2479 1183 2534 conspirabant.
1248 2480 1358 2527 Quae
1389 2484 1534 2519 tamen

76 2567 171 2593 cum
213 2559 291 2594 aut
330 2553 502 2593 omnino
544 2552 651 2593 falsa
691 2559 768 2592 aut
820 2551 1179 2606 paucissimorum
1221 2556 1391 2590 tantum
1434 2557 1532 2591 astu

75 2623 243 2665 dudum
277 2625 471 2680 quidem,
506 2624 582 2665 sed
618 2625 787 2664 frustra
818 2630 990 2664 tentata
1024 2621 1439 2676 deprehenderetur,
1471 2621 1534 2662 id-

76 2697 185 2737 circo
220 2697 383 2752 Legati
419 2696 526 2737 nihil
564 2696 788 2736 industriae
825 2694 1181 2750 praetermittunt,
1221 2699 1272 2733 ut
1307 2693 1534 2749 Quinque·-

76 2768 372 2810 ecclesicnsern
396 2770 451 2809 ab
474 2768 589 2809 hisce
613 2769 774 2823 iniquis
809 2767 1060 2808 rumoribus
1096 2772 1309 2813 avertant,
1344 2781 1535 2821 eumque

78 2838 187 2880 bene
223 2840 277 2880 de
312 2840 582 2895 Legatorum
614 2839 845 2893 vigilantia
867 2853 913 2878 ae
948 2836 1170 2891 probitate
1193 2837 1450 2877 sentientem
1472 2836 1535 2876 di-

78 2910 264 2959 mittant,
296 2926 403 2952 nevc
438 2911 473 2951 is
506 2912 739 2964 quicquam
768 2909 847 2949 hoc
870 2923 1041 2963 genere,
1067 2907 1182 2962 quod
1206 2905 1261 2947 ab
1283 2907 1362 2948 hac
1386 2908 1532 2948 Sacro-
