1905 3254
370 239 456 279 430
996 260 1106 291 snss.
1133 261 1207 291 vu.

376 360 509 402 affero
524 363 646 403 vobis
662 362 880 406 doctorem
904 367 1134 422 antiquum
1156 384 1181 410 a
1202 370 1285 410 ‘200
1304 371 1438 420 annis,
1462 372 1719 428 Aymonem,
1734 390 1830 417 cum

375 435 588 477 Rabanus
607 439 751 480 omnia
772 439 930 491 differt,
953 448 997 482 et
1018 458 1149 498 quem
1173 444 1328 486 Thom.
1363 447 1406 486 in
1430 446 1660 490 Catholica
1681 450 1832 493 Aurea

375 509 561 551 maxime
581 513 868 556 commendat.
932 515 976 556 Is
997 516 1150 572 itaque
1170 517 1214 558 in
1235 518 1378 573 prima
1398 520 1541 576 Epist.
1556 521 1612 562 ad
1635 522 1829 566 Corinth.

376 597 469 638 cap.
491 585 553 626 12.
569 586 642 634 ait,
659 587 872 644 Episcopi
882 589 927 630 in
943 590 983 630 Ε
990 590 1153 631 eclesiis
1165 592 1254 632 suis
1269 593 1535 635 authoritate
1552 597 1756 637 canonica
1768 612 1831 639 re·
1867 614 1905 630 ·‹·

376 655 517 698 sidere
537 664 742 701 tenentur
754 675 765 709 3
803 663 1011 718 Apostoli
1032 671 1182 705 autem
1212 674 1436 722 praecepto
1453 667 1634 709 Domini
1652 670 1830 712 transire

376 729 430 771 de
452 745 587 787 regno
608 732 664 773 ad
684 748 869 791 regnum
878 736 1107 791 jubentur.
1171 739 1272 779 Non
1291 745 1435 780 tamen
1456 740 1534 782 hoc
1556 741 1666 790 dico,
1690 750 1740 784 ut
1761 759 1831 785 ex·
1868 750 1905 787 ¹¹:ss

377 803 578 846 istimetis
599 821 667 847 me
689 809 861 849 omnino
874 809 937 850 ita
958 811 1117 851 sentire
1136 828 1144 860 ;
1168 827 1268 853 nam
1287 812 1426 854 dicam
1450 815 1576 855 modo
1603 816 1711 872 quid
1735 832 1831 858 sen-

376 875 481 916 tiam
501 893 510 917 :
543 878 647 919 viva
675 887 718 920 et
733 880 918 923 formata
938 882 1193 925 Residentia
1214 893 1416 928 versatur
1436 888 1480 927 in
1502 888 1830 945 dispensatione

376 948 601 990 fructuum
622 954 959 1009 temporalium3
994 971 1093 996 nam
1116 957 1150 997 si
1172 958 1422 1014 Episcopus
1443 960 1635 1002 residens
1667 969 1836 1005 exercet
1891 980 1903 990 ⁴*

375 1030 678 1073 mercaturam,
694 1031 798 1067 tune
819 1027 1056 1070 residentia
1070 1036 1136 1071 est
1157 1030 1211 1071 de
1229 1035 1328 1087 jure
1350 1035 1630 1085 mercatorio3
1653 1036 1689 1075 si
1707 1051 1833 1077 vena-

376 1093 554 1143 tionem,
578 1102 681 1138 tunc
702 1097 756 1139 de
783 1100 885 1154 jure
910 1103 1135 1143 venatorio
1157 1120 1168 1153 3
1202 1110 1245 1144 et
1264 1104 1327 1145 ita
1349 1120 1520 1161 semper
1541 1107 1673 1148 sumit
1694 1108 1832 1163 quali-

377 1173 512 1208 tatem
535 1169 590 1209 ab
623 1184 674 1211 eo
708 1172 826 1226 quod
847 1182 1085 1216 exercetur.
1150 1177 1267 1218 Nam
1295 1178 1331 1218 si
1362 1179 1475 1220 bona
1504 1187 1621 1221 recte
1659 1180 1830 1237 dispen-

375 1247 538 1290 sentur,
573 1250 678 1285 tune
709 1245 803 1287 dico
826 1246 1123 1290 Residentiam
1146 1266 1236 1292 csse
1260 1251 1314 1292 de
1335 1253 1436 1308 jure
1458 1253 1620 1303 divino,
1643 1262 1687 1296 et
1714 1271 1831 1297 max-

374 1314 473 1356 ime.
536 1315 630 1357 Cur
650 1332 769 1375 ergo,
792 1335 888 1361 cum
910 1321 973 1362 ita
994 1322 1257 1372 laboramus,
1291 1332 1341 1366 ut
1372 1326 1583 1383 Episcopi
1602 1328 1832 1377 resideant,

375 1401 459 1428 non
501 1389 633 1429 etiam
675 1391 889 1441 addimus,
925 1401 976 1435 ut
1012 1394 1257 1451 fungantur
1288 1413 1389 1438 vero
1425 1400 1562 1441 officio
1593 1401 1833 1458 Episcopi?

377 1461 485 1516 quid
505 1463 618 1503 enim
642 1465 788 1514 refert,
803 1467 1075 1523 Episcopum
1098 1470 1301 1518 residere,
1324 1478 1367 1512 et
1387 1472 1496 1513 nihil
1518 1489 1667 1516 eorum
1692 1491 1834 1532 agere,

375 1548 473 1587 quae
515 1550 614 1576 eum
655 1536 840 1579 decent?
903 1539 1172 1583 Commendo
1206 1543 1334 1584 valde
1366 1545 1484 1600 quod
1519 1546 1630 1587 dixit
1664 1548 1832 1604 Capru-

372 1607 512 1656 lanus,
535 1616 585 1650 ut
605 1609 860 1653 dividantur
879 1612 1106 1655 Dioeceses
1127 1616 1301 1671 amplae,
1327 1632 1413 1673 quo
1434 1620 1601 1674 possint
1633 1621 1834 1664 Pastores

374 1697 608 1737 agnoscere
646 1685 823 1726 vultum
856 1687 1022 1742 pecoris
1043 1689 1123 1728 sui.
1187 1689 1283 1731 Hoc
1315 1690 1480 1732 dictum
1511 1693 1596 1735 fuit
1627 1694 1832 1737 adversus
1869 1702 1873 1753 ξ

375 1755 703 1807 Bracarensem,
729 1760 808 1815 qui
846 1760 982 1802 habet
1014 1761 1251 1805 Dioecesim
1277 1765 1547 1814 latissimam,
1586 1775 1630 1810 et
1667 1769 1834 1812 dixerat
1869 1778 1872 1823 ξ

373 1843 465 1870 esse
487 1830 517 1871 J
522 1830 613 1871 uris
634 1830 783 1873 divini.

430 1903 1138 1959 Terrapetiensis1—Renoventu1·
1157 1909 1499 1954 Constitutiones
1521 1921 1670 1955 contra
1701 1915 1829 1956 viola·
1869 1914 1873 1938 ³

372 1983 485 2017 tores
506 1976 804 2020 Ecclesiarum
826 1980 1059 2023 libertatis.

431 2049 686 2092 Castrensis.

430 2122 823 2166 Oscensis—Cum
846 2127 964 2175 alias,
989 2134 1186 2184 tempore
1208 2130 1339 2171 Pauli
1359 2132 1512 2182 Tertii,
1537 2141 1747 2190 ageretur
1778 2134 1828 2176 de

371 2195 524 2236 cadem
548 2198 799 2252 quaestione,
823 2214 876 2239 an
907 2208 1019 2243 esset
1053 2201 1309 2245 Residentia
1334 2205 1365 2246 J
1370 2221 1446 2247 ure
1468 2205 1627 2256 divino,
1655 2208 1828 2250 memini

370 2274 465 2308 tum
497 2269 638 2310 multa
659 2270 775 2310 bona
795 2286 849 2312 ex
869 2272 920 2313 iis
956 2275 1228 2316 sermonibus
1250 2276 1383 2317 fuisse
1405 2287 1606 2333 sequuta.
1671 2282 1827 2332 Quam·

369 2339 520 2394 plures
540 2341 652 2381 enim
675 2343 823 2383 statim
854 2359 899 2386 se
936 2346 992 2386 ab
1025 2346 1237 2388 Ecclesiis
1269 2348 1555 2400 abdicarunt3
1588 2352 1700 2393 inter
1723 2367 1828 2408 quos

370 2428 484 2453 unus
519 2413 604 2454 fuit
639 2415 760 2456 IllmUS
786 2416 1031 2459 cardinalis
1067 2419 1350 2469 Mantuanus,
1389 2424 1465 2478 qui
1500 2438 1598 2465 cum
1647 2425 1826 2467 haberet

369 2485 609 2528 Ecclesiam
635 2488 965 2531 Tirasonensem
990 2491 1148 2532 valoris
1172 2493 1254 2533 12ηι
1276 2509 1521 2545 aureorum,
1545 2513 1639 2538 eam
1686 2506 1826 2540 tamen

371 2559 515 2600 statim
557 2561 808 2617 resignavit.
872 2563 997 2604 Idem
1018 2571 1063 2605 et
1094 2565 1164 2605 alii
1189 2572 1284 2607 tum
1322 2568 1529 2611 fecerunt.
1593 2571 1699 2612 Ideo
1738 2571 1826 2612 lau·
1868 2601 1872 2631 ἓ

369 2631 516 2672 darem
565 2634 752 2675 maxime
786 2635 961 2677 illorum
1007 2638 1245 2687 consilium,
1282 2641 1359 2695 qui
1403 2649 1562 2697 petunt
1606 2642 1825 2689 declarari,
1868 2646 1871 2694 ξ

369 2704 413 2744 id
454 2720 545 2746 esse
587 2706 713 2747 ‚Juris
752 2707 906 2757 divini,
938 2708 1243 2766 crederemque
1281 2714 1492 2756 maximos
1523 2715 1689 2757 fructus
1728 2716 1820 2757 hinc
1868 2730 1870 2737 ·

987 2798 994 2816 ¹
1021 2800 1196 2840 Tropiensis
1210 2801 1219 2830 ἰ
