1905 3254
323 292 405 332 360
947 307 1057 338 sEss.
1083 308 1160 338 v11.

332 413 555 468 prae-cipue
579 412 757 453 Canone
784 413 970 467 septimo
997 413 1175 453 fluxisse
1209 417 1499 468 cognosceret,
1533 411 1627 466 ipse
1656 424 1792 451 novos

334 483 444 524 duos
467 484 679 532 Canones,
704 499 813 540 quos
845 499 899 524 ex
932 484 1164 540 utriusque
1198 485 1336 539 partis
1369 484 1588 524 sententia
1614 483 1792 523 futuros

334 563 495 612 sperat,
518 558 562 598 in
583 558 699 598 hunc
721 557 899 598 modum
922 558 1179 612 composuit,
1204 572 1250 598 ac
1273 557 1459 612 Legatis
1480 556 1625 596 tradit.

393 628 501 670 Can.
526 629 563 672 7.
600 630 646 670 Si
673 631 772 685 quis
800 629 972 677 dixerit,
996 629 1241 684 Episcopos
1271 644 1356 669 non
1388 644 1479 670 esse
1501 644 1525 669 a
1549 628 1726 668 Christo
1746 627 1791 667 in

332 702 531 743 Ecclesia
557 702 794 750 institutos,
830 708 907 742 aut
941 708 1088 742 sancta
1119 701 1387 742 ordinatione
1419 717 1504 742 non
1532 716 1623 743 esse
1655 714 1791 741 sacer-

335 773 511 814 dotibus
543 778 739 829 majores,
763 774 835 814 vel
865 789 951 814 non
982 774 1146 814 habere
1167 781 1429 829 potestatem
1452 771 1692 819 ordinandi,
1716 777 1793 812 aut

335 848 371 887 si
409 847 589 894 habent,
626 846 672 886 id
713 862 804 887 esse
838 847 924 886 illis
956 862 1182 887 commune
1219 862 1316 887 cum
1353 846 1665 893 sacerdotibus,
1699 845 1791 885 sive

334 918 507 959 ordines
540 919 598 959 ab
620 919 707 958 illis
739 918 915 959 collatos
945 919 1035 958 sine
1066 918 1211 972 plebis
1242 926 1286 958 et
1316 918 1536 958 saecularis
1566 917 1796 972 potestatis

338 1004 563 1038 consensu,
589 990 855 1030 authoritate
877 990 1021 1029 irritos
1042 1004 1133 1029 esse
1152 1006 1162 1039 3
1196 989 1447 1030 Anathema
1466 990 1533 1030 sit.

393 1061 501 1102 Can.
526 1063 564 1102 8.
601 1063 647 1102 Si
668 1063 765 1117 quis
786 1061 948 1102 dixerit
969 1062 1159 1102 Beatum
1182 1061 1381 1111 Petrum,
1412 1068 1454 1101 et
1478 1060 1643 1101 Christi
1667 1060 1792 1100 insti-

335 1135 504 1175 tutione
537 1136 729 1191 primum
766 1136 880 1175 inter
910 1134 1161 1189 Apostolos,
1195 1148 1504 1189 summumque
1545 1134 1638 1188 ejus
1666 1132 1792 1173 Vica-

334 1206 447 1246 rium
471 1207 514 1246 in
537 1207 665 1247 terris
686 1221 769 1247 non
802 1206 948 1253 fuisse,
983 1213 1059 1246 aut
1080 1206 1124 1245 in
1153 1206 1352 1247 Ecclesia
1372 1220 1455 1245 non
1477 1212 1678 1260 oportere
1702 1219 1795 1245 esse

335 1293 554 1318 summum
576 1279 830 1319 Pontificem
853 1279 973 1318 Petri
995 1293 1298 1325 successorem,
1316 1284 1360 1318 et
1381 1291 1478 1317 cum
1501 1291 1551 1316 eo
1572 1276 1795 1332 regiminis

337 1350 606 1391 authoritate
629 1366 793 1405 parem,
822 1351 898 1405 [et]
926 1351 969 1389 in
991 1351 1191 1390 Romana
1214 1351 1313 1390 sede
1335 1350 1555 1405 legitimos
1584 1353 1680 1402 ejus
1701 1364 1796 1388 suc-

335 1438 522 1463 cessores
545 1423 601 1464 ad
616 1423 707 1464 haec
724 1437 863 1477 usque
886 1429 1084 1477 tempora
1101 1426 1175 1477 jus
1192 1422 1406 1477 primatus
1428 1422 1471 1461 in
1491 1420 1690 1461 Ecclesia
1710 1435 1794 1461 non

339 1495 547 1536 habuisse
565 1513 574 1544 3
611 1495 863 1536 Anathema
885 1496 952 1536 sit.

392 1567 567 1623 Legati,
596 1567 663 1608 his
704 1567 903 1622 acceptis,
944 1574 1214 1624 accesserunt
1250 1567 1397 1607 statim
1441 1566 1793 1622 Hydruntinum,

335 1640 643 1695 Reginensem,
676 1646 719 1680 et
746 1640 1101 1688 Lancianensem,
1135 1640 1390 1687 Vestanum,
1423 1640 1794 1687 Neocastrensem,

338 1712 513 1760 Lainez,
545 1711 824 1759 Auditorem,
859 1711 1152 1760 Advocatum,
1185 1712 1498 1760 Promotorem,
1524 1711 1796 1766 illorumque

336 1784 390 1825 de
412 1785 478 1825 his
495 1784 712 1840 judicium
735 1785 989 1839 exquirunt.
1052 1784 1140 1825 Res
1161 1785 1376 1825 communi
1398 1784 1571 1825 consilio
1594 1791 1795 1825 accurate

336 1859 391 1898 ab
427 1857 513 1897 illis
548 1857 796 1906 excutitur;
828 1856 1093 1913 tandemque
1129 1872 1289 1905 omnes,
1321 1857 1495 1898 duobus
1529 1864 1677 1899 tamen
1717 1863 1796 1898 aut

334 1929 478 1970 tribus
498 1928 706 1983 exceptis,
731 1927 929 1969 Canones
962 1944 1046 1969 non
1075 1928 1358 1984 recipiendos,
1392 1929 1524 1970 variis
1550 1929 1797 1969 rationibus

338 2000 750 2058 concludunt—FO.
793 2001 900 2056 quia
939 2001 1008 2042 hic
1044 2003 1121 2056 qui
1155 2003 1379 2057 Septimus
1419 2008 1485 2042 est
1523 2002 1675 2042 Canon
1711 2016 1796 2042 non

335 2074 528 2129 percutit
560 2072 818 2114 Haereticos.
893 2073 986 2128 Ipsi
1015 2075 1130 2114 enim
1161 2089 1248 2115 non
1282 2081 1447 2130 negant
1481 2075 1604 2130 Epos
1643 2088 1735 2115 esse
1770 2088 1796 2114 a

339 2145 514 2186 Christo
542 2145 778 2194 institutos,
811 2144 887 2185 sed
923 2145 1060 2194 aiunt,
1090 2161 1174 2192 eos,
1208 2147 1286 2201 qui
1317 2152 1598 2186 assumuntur
1628 2160 1654 2186 a
1683 2144 1794 2200 Pon-

335 2219 447 2259 tifice
483 2218 694 2268 Romano,
724 2232 811 2258 non
838 2232 929 2258 esse
963 2233 1089 2259 veros
1114 2225 1158 2259 et
1177 2219 1398 2274 legitimos
1430 2219 1687 2273 Episcopos,
1720 2217 1797 2259 sed

336 2290 566 2345 appellant
600 2290 764 2345 Capita
803 2303 914 2337 rasa,
952 2296 1097 2338 uncta,
1138 2290 1294 2338 oleata,
1331 2304 1380 2330 ac
1415 2290 1562 2330 larvas
1592 2290 1794 2345 Papales.

338 2361 462 2409 Inde,
496 2377 593 2403 cum
628 2361 697 2402 hic
729 2376 847 2402 error
879 2375 963 2401 non
991 2361 1253 2409 confutetur,
1289 2361 1442 2402 Canon
1473 2361 1670 2403 redditur
1701 2362 1795 2402 inu-

335 2433 436 2473 tilis.
499 2434 557 2474 20.
584 2433 688 2488 quia
719 2447 769 2473 eo
802 2432 981 2474 Canone
1016 2433 1361 2474 condemnantur
1393 2433 1551 2474 infiniti
1592 2432 1798 2473 authores

337 2505 555 2561 Theologi
595 2511 639 2545 et
681 2504 944 2552 Canonistae,
983 2505 1060 2560 qui
1099 2505 1249 2546 dicunt
1290 2505 1516 2546 Christum
1555 2505 1796 2546 instituisse

336 2592 474 2618 unum
508 2583 681 2618 tantum
722 2577 1006 2632 Episcopum,
1050 2577 1257 2627 Petrum,
1309 2585 1353 2618 et
1385 2577 1575 2632 reliquos
1612 2577 1736 2631 Epos
1771 2591 1799 2617 a

336 2650 467 2690 Petro
516 2650 651 2690 fuisse
692 2656 869 2690 creatos.
950 2648 1064 2689 Hicl
1105 2648 1246 2689 dicere
1288 2649 1474 2698 videtur,
1514 2656 1565 2690 ut
1605 2649 1797 2704 synodus

337 2721 613 2763 anathemate
636 2720 815 2762 damnet
834 2721 1085 2777 opinionem
1105 2727 1171 2762 tot
1193 2720 1522 2763 Catholicorum
1544 2721 1795 2763 authorum.

963 2807 971 2824 ¹
1001 2808 1084 2846 Haec,
1102 2807 1173 2838 MS.

1897 370 1903 431 κῆ
1896 350 1905 362 ιι.
1897 327 1905 342 .—„
1896 290 1902 317 ν·-
1895 196 1905 283 -κ-ιμ·
