1905 3254
353 317 435 357 606
968 330 1077 359 sess.
1108 330 1166 358 &511
1179 331 1198 358 i.

355 439 440 480 fuit
480 440 693 480 sententia
732 454 758 479 a
797 438 1021 493 deputatis
1057 451 1191 492 super
1229 437 1513 491 inquestione¹
1544 435 1809 476 Patriarchoe

359 513 560 553 Grimani
581 511 920 567 Aquilegiensis‚
944 511 989 551 in
1017 525 1102 565 qua
1125 509 1399 549 declarantur
1430 508 1567 549 literae
1591 512 1698 563 ejus,
1722 523 1810 548 una

360 600 458 625 cum
500 585 736 639 Apologia,
793 598 934 624 carere
989 583 1104 623 omni
1154 582 1326 628 haeresi,
1370 587 1414 622 et
1468 582 1708 636 suspicione
1763 597 1811 622 ac

357 655 580 696 scandalo:
613 670 695 695 non
717 669 807 696 esse
830 662 974 695 tamen
996 654 1289 709 divulgandas
1310 653 1365 694 ob
1385 652 1585 706 quaedam
1618 652 1811 694 difficilia

358 729 502 769 minus
523 736 672 769 exacte
694 729 738 768 in
759 728 826 768 his
848 734 1046 769 tractata.

416 803 503 842 Die
527 802 727 857 sequenti
748 802 824 856 qui
856 802 940 842 fuit
965 803 1016 842 18
1048 801 1319 856 Septembris
1340 802 1450 841 bene
1472 815 1596 840 mane
1618 799 1814 840 discessit

360 874 604 915 Cardinalis
640 875 972 930 Lotharingius,
1006 881 1185 914 vocatus
1225 889 1302 914 seu
1341 874 1554 913 invitatus
1594 873 1746 913 Romae
1787 887 1812 912 a

360 948 438 988 Sm⁰
470 948 560 994 N‘O,
579 948 722 988 animo
744 947 991 988 revertendi
1010 948 1124 987 intra
1145 961 1350 993 mensem,
1368 953 1418 987 ut
1434 946 1606 986 intersit
1620 946 1810 987 sessioni.

360 1019 476 1060 Cum
499 1034 549 1060 eo
572 1019 755 1074 profecti
777 1027 878 1060 sunt
898 1019 1036 1074 aliqui
1057 1019 1234 1059 Praelati
1259 1018 1434 1065 Gallici,
1458 1025 1502 1058 et
1524 1025 1610 1058 tres
1633 1018 1747 1066 Itali,
1770 1025 1813 1059 et

359 1091 726 1146 Archiepiscopus
758 1091 1048 1138 Bracarensis,
1073 1091 1139 1131 vir
1172 1105 1344 1146 magnae
1377 1089 1617 1131 sanctitatis
1641 1097 1684 1130 et
1712 1090 1812 1131 reli-

360 1164 525 1219 gionis:
558 1163 674 1204 unde
695 1170 920 1219 speratum
942 1169 1006 1204 est
1027 1178 1080 1203 ex
1101 1165 1194 1219 ejus
1215 1177 1447 1218 congressu
1468 1178 1566 1203 cum
1589 1162 1666 1203 Sm⁰
1690 1177 1811 1218 inag-

359 1252 462 1277 num
485 1237 676 1277 fructum
700 1237 889 1292 publicis
918 1237 1052 1277 rebus
1073 1236 1242 1276 illatum
1273 1236 1338 1276 iri.
1392 1235 1642 1292 Coeperunt
1662 1236 1812 1276 eodem

359 1315 555 1364 tempore
590 1309 688 1350 hinc
720 1310 911 1364 migrare
952 1309 1082 1349 multi
1114 1309 1300 1357 Praelati,
1339 1315 1383 1350 et
1416 1309 1660 1364 praesertim
1695 1308 1814 1349 Galli

360 1381 493 1421 taedio
534 1382 675 1422 affecti
727 1382 993 1437 prolixitatis
1044 1381 1178 1436 hujus
1219 1381 1415 1429 Concilii,
1456 1380 1814 1437 repugnantibus

361 1460 506 1495 tamen
527 1454 724 1509 Legatis,
749 1460 826 1495 aut
848 1454 1001 1495 saltem
1025 1453 1416 1495 dissimulantibus.

756 1577 847 1624 Die
871 1580 934 1623 20
961 1577 1256 1641 Septembris
1287 1581 1426 1625 1563.

420 1692 662 1747 Episcopus
683 1690 1031 1732 Vintimilliensis
1063 1706 1225 1747 magna
1256 1692 1478 1733 celeritate
1499 1691 1684 1733 Romam
1716 1707 1813 1747 pro-

359 1765 575 1815 ficiscitur,
597 1765 829 1805 accersitus
861 1779 885 1804 a
918 1764 995 1803 S¹¹¹⁰
1020 1764 1109 1812 Nm,
1132 1771 1182 1805 ut
1213 1765 1258 1805 in
1289 1764 1528 1821 Hispanias
1562 1765 1617 1807 ad
1647 1765 1816 1821 Regem

361 1839 618 1894 Philippum
640 1837 917 1878 contenderet
935 1854 946 1886 3
979 1852 1075 1877 cum
1100 1852 1150 1877 eo
1174 1844 1352 1878 acturus
1373 1842 1467 1878 tum
1489 1838 1543 1879 de
1565 1839 1699 1879 rebus
1721 1853 1815 1879 con-

361 1911 461 1958 cilii,
486 1917 581 1950 tum
611 1910 666 1950 de
698 1909 959 1965 quibusdam
998 1909 1093 1949 aliis
1125 1909 1310 1964 privatis
1341 1909 1531 1965 negotiis
1563 1909 1816 1951 Sanctitatis

361 1997 476 2023 suae:
508 1982 572 2022 illi
604 1981 767 2022 tradita
799 1996 823 2021 a
854 1996 923 2021 me
955 1980 1041 2021 fuit
1072 1980 1261 2036 diligens
1292 1981 1519 2021 instructio
1541 1980 1594 2021 de
1627 1981 1818 2021 articulis

360 2055 563 2095 omnibus
585 2054 640 2095 ad
660 2053 1029 2095 Reformationem
1062 2053 1399 2107 pertinentibus,
1425 2059 1467 2093 et
1498 2053 1743 2106 praesertim
1765 2053 1817 2093 de

360 2127 435 2167 illo
468 2127 622 2167 ultimo
655 2126 814 2182 Capite
849 2126 916 2166 35.
980 2124 1089 2165 Inde
1124 2124 1177 2165 de
1214 2125 1347 2166 rebus
1381 2125 1488 2172 aliis,
1530 2139 1631 2180 quae
1665 2130 1818 2180 postea

361 2199 589 2240 tractanda
611 2206 753 2247 erunt,
778 2214 825 2239 ac
849 2199 935 2239 alia
957 2196 1156 2253 quaedam
1179 2197 1232 2237 de
1255 2203 1374 2237 statu
1398 2196 1594 2244 Concilii,
1617 2196 1679 2237 ita
1700 2210 1816 2236 man-

361 2272 573 2313 dantibus
593 2272 792 2328 Legatis.

418 2345 505 2385 Die
558 2344 608 2384 ⁶21
666 2342 937 2399 Septembris
978 2341 1093 2383 Vota
1133 2341 1316 2382 Patrum
1358 2355 1489 2396 super
1529 2341 1578 2380 21
1624 2341 1816 2383 articulis

362 2415 714 2457 Reformationis.

419 2488 505 2529 Die
524 2489 590 2529 122.
616 2494 762 2528 coacta
785 2486 1138 2542 Congregatione
1160 2486 1342 2526 Patrum
1374 2485 1427 2527 de
1460 2500 1589 2533 more,
1613 2485 1820 2526 Oratores

364 2560 526 2600 Gallici
543 2559 600 2599 sic
616 2559 873 2613 inceperunt
886 2561 912 2598 :²
953 2558 1047 2598 Nos
1068 2557 1218 2597 iisdem
1236 2557 1381 2597 verbis
1394 2556 1617 2597 vobiscum
1639 2557 1821 2611 agimur—3,

363 2633 525 2689 quibus
545 2632 649 2672 olim
671 2646 768 2672 cum
786 2631 1019 2678 Malachia‚
1038 2636 1083 2671 et
1105 2629 1199 2670 aliis
1223 2628 1542 2676 Sacerdotibus,
1562 2630 1640 2683 qui
1663 2628 1819 2669 Hiero-

409 2742 417 2759 ¹
444 2745 511 2775 The
534 2755 618 2775 same
635 2755 668 2774 as
684 2744 899 2784 inquisitione.
945 2744 1001 2773 See
1019 2742 1178 2780 Adelung.

405 2798 417 2815 ²
440 2800 496 2829 See
520 2799 737 2835 Instructions,
753 2799 809 2827 8ιο.
827 2808 883 2838 par
910 2798 1042 2836 Dupuy,
1059 2796 1132 2832 490,
1157 2800 1184 2824 et
1213 2804 1319 2834 seqq.;
1344 2805 1376 2824 or
1401 2795 1445 2824 Le
1471 2793 1552 2824 Plat.
1599 2793 1741 2825 Paleotto
1767 2792 1820 2822 has

364 2851 587 2890 considerably
604 2850 757 2889 abridged
773 2850 836 2880 and
852 2849 967 2881 altered
983 2849 1016 2879 in
1031 2848 1091 2879 this
1105 2852 1183 2888 part.
1700 2847 1704 2850 ’
