1905 3254
682 248 793 278 sssss.
820 248 894 278 vn.
1438 232 1520 275 377

118 354 372 408 Significato
408 354 451 394 in
475 354 600 395 Urbe
634 355 759 396 obitu
793 355 1079 411 Legatorum,
1102 362 1146 396 et
1186 354 1520 396 difficultatibus

59 425 138 474 his,
171 441 269 482 quae
303 433 406 467 tunc
441 427 737 476 imminebant,
775 429 1030 484 perspectis,
1062 443 1159 469 cum
1196 428 1409 469 Sanctitas
1440 442 1522 468 sua

57 500 101 541 in
122 499 447 541 demortuorum
476 501 617 541 locum
641 501 747 542 alios
778 502 988 557 LegatOS,
1013 501 1247 542 Moronum
1271 508 1314 542 et
1333 502 1519 557 Nauge-

58 572 187 620 rium,
203 573 504 614 substituisset
521 588 531 621 3
563 573 698 629 hique
719 573 940 614 mandatis
963 573 1165 628 acceptis,
1187 573 1293 628 quid
1315 573 1368 614 de
1389 574 1521 614 rebus

61 645 247 686 Concilii
283 646 617 688 deliberandum
639 653 766 695 esset,
791 645 1052 686 Tridentum
1083 647 1173 702 jam
1212 646 1519 701 perrexissent,

59 719 178 776 quod
213 719 322 760 alias
363 720 677 768 enarrabimus,
723 735 771 760 ac
800 720 943 760 multa
975 723 1069 774 jam
1110 726 1296 760 tractare
1333 719 1521 760 secunda

57 792 241 833 Patrum
263 793 490 834 voluntate
525 793 773 848 coepissent,
814 791 928 833 unde
950 807 1111 848 magna
1130 806 1277 833 rerum
1300 793 1521 833 conversio

58 865 260 905 secutura
290 865 640 913 existimabatur,
666 864 822 905 accidit
844 871 1001 910 tamen,
1025 872 1076 905 ut
1108 864 1201 905 haec
1222 864 1275 905 de
1308 865 1338 906 J
1343 864 1520 905 urisdic-

56 937 173 978 tione
195 937 451 993 disputatio,
474 937 540 978 his
562 938 709 978 innixa
729 936 965 985 radicibus,
989 935 1098 977 nihil
1121 951 1311 992 unquam
1336 937 1519 984 remitti,

56 1009 132 1051 sed
171 1011 353 1066 privatis
394 1012 578 1052 Patrum
625 1010 928 1066 congressibus
969 1009 1164 1065 quotidie
1202 1008 1387 1064 provehi
1424 1023 1520 1064 per-

56 1084 308 1139 spiceretur.

114 1157 325 1207 Quocirca
356 1157 531 1213 Legati,
566 1158 760 1213 inspecta
788 1157 978 1198 formula
1009 1171 1150 1212 nuper
1183 1172 1207 1197 a
1228 1155 1522 1211 Lotharingio

57 1229 308 1284 composita,
338 1237 633 1285 opportunum
664 1237 853 1278 censent,
877 1230 1069 1285 aliquam
1098 1230 1137 1270 ei
1169 1244 1251 1270 non
1278 1229 1520 1270 absimilem

54 1302 265 1344 Patribus
292 1318 544 1358 proponere,
573 1302 691 1358 quod
713 1304 775 1343 ita
798 1303 969 1343 facilius
991 1302 1307 1358 Lotharingius
1343 1302 1387 1342 in
1424 1316 1519 1342 eam

54 1374 351 1417 discensurum
375 1383 565 1432 sperent,
587 1378 711 1431 cujus
732 1377 825 1432 ipse
849 1376 1006 1417 author
1027 1382 1174 1432 posset
1195 1375 1345 1417 videri.
1399 1375 1521 1416 Dant

55 1463 160 1505 ergo
192 1450 417 1506 negotium
444 1450 666 1505 Episcopo
701 1449 960 1493 Mutinensi,
998 1453 1124 1504 cujus
1157 1448 1276 1504 apud
1300 1448 1454 1489 Gallos
1477 1455 1520 1489 ct

58 1521 284 1579 Hispanos
306 1538 466 1579 magna
488 1530 582 1564 crat
606 1522 861 1569 authoritas,
885 1530 950 1571 ut,
968 1537 1012 1563 re
1033 1537 1131 1562 cum
1154 1522 1261 1578 ipsis
1283 1521 1518 1562 communi-

54 1602 163 1643 cata,
186 1595 305 1650 quod
326 1596 439 1636 facto
461 1610 573 1651 opus
595 1595 662 1643 sit,
684 1596 916 1635 renuntiet.
972 1595 1061 1643 Illi,
1085 1594 1306 1634 nonnullis
1324 1595 1519 1643 mutatis,

53 1676 214 1709 caetera
235 1669 437 1724 probant.
500 1668 616 1708 Tum
632 1668 794 1723 Legati
817 1668 1027 1708 adhibent
1049 1668 1093 1708 in
1115 1667 1344 1709 consilium
1366 1668 1519 1724 Capu-

23 1746 25 1748 ’
53 1749 328 1797 taquensem,
360 1741 689 1790 Rossanenscm,
722 1742 751 1782 J
758 1741 1165 1796 ustinopolitanum,
1201 1739 1516 1789 Mutinensem,

51 1814 308 1862 Vestanum,
331 1815 709 1861 Neocastrensem,
736 1814 1001 1855 Generalem
1033 1814 1212 1862 Lainez,
1234 1812 1516 1862 Auditorem,

55 1887 346 1936 Advocatum,
365 1888 676 1935 Promotorem,
693 1887 1016 1935 Salmeronum3
1040 1886 1401 1942 singulorumque
1423 1901 1518 1928 sen-

55 1960 212 2000 tentias
233 1959 287 2000 de
308 1960 470 2001 recenti
494 1959 702 2000 doctrinae
725 1959 926 2005 formula,
946 1973 971 1999 a
993 1958 1236 1999 Mutinensi
1257 1973 1357 2000 curn
1376 1958 1518 2000 Gallis

55 2039 98 2074 et
114 2032 328 2089 Hispanis
351 2033 556 2082 confecta,
580 2032 818 2087 exquirunt
838 2048 846 2072 :
880 2046 979 2086 quae
1002 2037 1094 2072 crat
1112 2031 1227 2071 talis.

57 2133 296 2188 Quintum
340 2132 503 2197 Caput
552 2133 798 2179 Doctrinae
846 2133 903 2178 de
947 2130 1259 2177 Sacramento
1301 2128 1515 2187 Ordinis,

123 2217 250 2280 quod
292 2215 428 2280 Efms
469 2215 762 2262 ll‘lutinensis
806 2214 1022 2261 exhibuit
1071 2211 1260 2275 Legatis
1296 2213 1342 2258 xi
1382 2212 1515 2259 Junii

127 2301 268 2345 1563.

111 2393 290 2439 Verum,
307 2401 468 2450 praeter
483 2394 574 2450 jam
598 2399 952 2434 commemoratos
969 2391 1168 2431 ordinum
1192 2389 1368 2446 gradus,
1391 2389 1517 2432 docet

57 2468 213 2509 Sancta
235 2467 448 2524 SynoduS,
463 2468 707 2522 Episcopos
731 2466 854 2507 Sedis
879 2464 1147 2520 Apostolicae
1165 2462 1447 2510 authoritate,
1471 2470 1515 2504 ct

56 2541 138 2581 sub
171 2539 359 2581 Romani
398 2540 619 2580 Pontificis
652 2539 915 2585 obedientia,
954 2538 1029 2593 qui
1052 2543 1115 2576 cst
1146 2535 1283 2576 totius
1303 2534 1514 2577 Ecclesiae

57 2612 218 2668 Caput,
237 2620 279 2653 et
299 2613 490 2653 omnium
515 2611 864 2652 Christianorum
884 2611 1036 2650 Pastor
1058 2615 1101 2649 et
1122 2608 1294 2654 Rector,
1317 2622 1514 2664 assump-

54 2689 132 2732 tos,
154 2699 179 2724 a
201 2683 375 2725 Christo
397 2684 619 2725 institutos
641 2700 746 2733 esse,
770 2690 814 2724 ct
834 2683 876 2722 in
898 2681 1095 2723 Ecclesia
1118 2678 1343 2720 catholica
1363 2681 1514 2735 praeci-

56 2771 190 2811 puum
212 2758 353 2799 locum
375 2757 586 2805 obtinere,
616 2772 777 2811 eosque
800 2770 1062 2797 successores
1079 2768 1170 2794 esse
1184 2753 1510 2808 Apostolorum,
