1905 3254
347 271 428 310 504
967 285 1078 315 sess,
1104 284 1179 313 vu.

403 394 661 434 Revertitur
683 393 834 434 eodem
857 393 924 433 die
951 393 1176 447 Hispanus
1197 390 1251 431 ad
1267 390 1483 445 Legatos;
1515 388 1796 444 conqueritur

346 468 513 523 Regem
537 483 667 508 suum
689 468 747 508 sic
768 467 939 508 traduci
952 483 963 516 3
995 466 1109 521 petit
1143 472 1191 505 ut
1223 464 1363 519 primo
1385 477 1560 519 quoque
1583 462 1653 502 die
1674 462 1794 506 festo,

347 556 439 581 cum
477 540 615 581 Missa
650 539 958 587 celebrabitur,
995 538 1079 578 sibi
1114 536 1419 577 Thuribulum
1456 550 1510 576 ex
1545 534 1799 589 praescripto

349 612 612 653 Sanctissimi
642 612 934 660 ministretur3
965 609 1073 650 nihil
1095 624 1137 650 se
1159 609 1328 649 furores
1352 607 1543 648 Gallicos
1565 612 1642 647 aut
1661 606 1799 645 minas

348 684 500 733 vereri,
534 685 684 739 potius
716 683 800 724 illis
833 699 857 724 a
883 683 1008 738 Rege
1044 697 1122 722 suo
1144 680 1431 722 metuendum
1453 694 1556 720 esse.
1620 677 1796 734 Legati,

347 756 548 796 omnibus
571 771 667 796 cum
689 770 740 796 eo
760 756 922 797 frustra
942 754 1135 801 tentatis,
1165 753 1243 794 ubi
1264 752 1437 793 nullum
1461 757 1536 791 aut
1558 749 1801 791 rationibus

347 836 425 870 aut
456 830 806 870 excusationibus
839 829 983 869 locum
1017 842 1108 868 esse
1144 825 1308 874 vident,
1342 831 1544 866 statuunt
1572 822 1799 878 negotium

346 902 652 957 quoquomodo
684 902 914 957 perficere:
954 900 1159 956 quoniam
1186 905 1334 939 tamen
1361 897 1590 938 manifeste
1618 895 1716 935 hinc
1738 894 1800 934 vi-

346 974 449 1015 dent
471 974 698 1015 dissidium
716 974 970 1030 p1·aeparari,
988 979 1032 1013 et
1049 972 1201 1013 Gallos
1221 971 1331 1011 nihil
1353 970 1473 1027 quod
1493 969 1799 1027 gravissimum

346 1049 400 1089 sit
421 1049 665 1097 omissuros,
700 1048 882 1088 advocat
906 1047 1149 1087 Simonetta
1174 1045 1438 1086 Auditorem
1461 1045 1598 1100 priuS,
1632 1049 1675 1084 et
1694 1042 1801 1083 Ves-

346 1127 512 1168 tanum,
546 1127 597 1161 ut
633 1121 954 1176 responsionem
988 1123 1262 1174 componant,
1291 1132 1380 1172 qua
1401 1131 1445 1157 se
1468 1116 1678 1158 adversus
1699 1129 1801 1170 pro-

346 1194 598 1235 testationes
622 1193 851 1234 Gallorum
873 1198 1096 1239 tueantur,
1120 1192 1154 1232 si
1177 1192 1287 1232 forte
1311 1191 1422 1231 Smum
1442 1190 1501 1230 D.
1525 1190 1582 1230 N.
1604 1188 1803 1230 indecoro

346 1267 494 1321 aliquo
527 1267 712 1314 nomine,
745 1274 878 1321 prout
905 1266 1143 1321 Jactabant,
1177 1265 1263 1305 sint
1296 1263 1580 1319 appellaturi,
1610 1269 1653 1304 et
1675 1262 1731 1302 ab
1753 1277 1803 1302 eo

345 1339 515 1380 omnino
554 1339 777 1379 defecturi.
841 1338 1047 1385 Auditor,
1081 1338 1145 1378 rei
1175 1336 1478 1392 magnitudine
1519 1351 1566 1376 ac
1606 1334 1802 1390 periculo

344 1414 538 1461 territus,
562 1413 688 1468 petit,
713 1412 820 1468 quid
840 1412 1036 1467 Legatos
1058 1410 1255 1465 impellit,
1289 1416 1338 1450 ut
1356 1411 1400 1450 in
1421 1409 1536 1450 hunc
1558 1408 1800 1449 conflictum

345 1486 615 1527 descendant.
649 1485 895 1541 Respondit
919 1485 1172 1531 Simonetta,
1194 1484 1256 1524 ita
1279 1483 1611 1524 Sanctissimum
1628 1482 1799 1537 jubere,

345 1564 388 1599 et
421 1557 674 1612 Hispanum
705 1557 876 1598 assiduo
909 1571 1081 1612 urgere.
1146 1555 1349 1603 Auditor,
1387 1556 1464 1611 qui
1488 1556 1581 1610 jam
1612 1568 1802 1609 praesens

344 1637 451 1678 erat,
477 1630 631 1670 Gallos
661 1629 1038 1670 vehementissime
1071 1629 1290 1684 conqueri,
1324 1628 1493 1684 Regem
1523 1628 1698 1668 illorum
1720 1642 1800 1682 pu-

345 1702 503 1758 pillum
534 1701 822 1748 indefensum,
857 1716 943 1741 non
977 1702 1172 1749 citatum,
1207 1703 1422 1756 causaque
1444 1715 1529 1741 non
1550 1700 1726 1756 cognita
1747 1714 1801 1740 ex

345 1774 648 1829 antiquissima
670 1778 767 1829 ejus
788 1773 1053 1828 possessione
1075 1773 1218 1829 dejici,
1239 1788 1316 1814 nec
1337 1774 1464 1814 licere
1487 1773 1623 1829 Papae
1644 1772 1738 1813 haec
1758 1772 1801 1812 in

345 1846 517 1903 Synodo
544 1853 776 1894 attentare,
810 1861 908 1887 cum
937 1846 1001 1887 ita
1033 1861 1077 1887 se
1108 1847 1377 1902 superiorem
1401 1846 1591 1887 Concilio
1613 1852 1801 1901 gereret,

345 1919 462 1975 quod
483 1919 568 1974 ipsi
589 1934 711 1960 secus
734 1934 825 1961 esse
857 1926 1105 1961 constanter
1135 1920 1219 1960 sibi
1248 1919 1602 1975 persuadebant3
1639 1925 1683 1959 et
1717 1918 1803 1959 alia

344 2007 415 2032 eos
446 1990 696 2047 indigniora
731 1992 900 2040 minari,
935 1998 1070 2047 atque
1106 1991 1217 2032 inter
1251 2006 1295 2032 se
1327 1991 1483 2032 moliri.
1546 1990 1715 2032 Idcirco
1736 1996 1802 2031 tot

341 2065 538 2120 pericula
572 2064 737 2105 veritus
772 2064 971 2120 replicat,
1006 2064 1099 2105 haec
1134 2065 1177 2104 in
1214 2064 1323 2105 urbe
1355 2064 1543 2120 prospici
1573 2064 1693 2111 haud
1722 2078 1799 2119 po-

344 2138 491 2183 tuisse,
535 2152 633 2192 quae
675 2144 914 2193 praesentes
955 2138 1041 2192 ipsi
1081 2137 1441 2193 deprehendunt:
1482 2138 1676 2193 Legatos
1714 2152 1801 2178 non

344 2211 503 2252 debere
524 2225 616 2250 rem
639 2210 746 2251 adeo
767 2211 1055 2266 perniciosam
1077 2211 1247 2266 exequi,
1273 2226 1372 2251 cum
1393 2211 1492 2251 hinc
1524 2210 1713 2251 schisma
1745 2210 1802 2251 sit

344 2284 604 2325 extiturum.
670 2283 913 2325 Simonetta
949 2284 1022 2331 ait,
1056 2298 1140 2324 non
1172 2284 1301 2324 licere
1328 2283 1389 2324 eis
1425 2283 1691 2324 Sanctissimi
1721 2284 1800 2323 im-

344 2356 516 2411 perium
543 2354 800 2402 detrectare,
834 2370 969 2411 seque
1004 2355 1217 2396 auxilium
1237 2371 1349 2396 nunc
1380 2362 1548 2411 petere,
1580 2370 1666 2396 non
1703 2369 1800 2396 con-

346 2429 504 2469 silium.
587 2428 782 2469 Auditor
825 2429 987 2476 subdit,
1032 2428 1256 2469 consilium
1300 2444 1325 2470 a
1365 2444 1408 2470 se
1448 2430 1495 2469 in
1535 2444 1587 2470 ea
1626 2443 1672 2470 re
1716 2443 1801 2469 non

346 2500 681 2556 expectandum,
724 2516 856 2556 quam
895 2502 1082 2543 maxime
1119 2501 1389 2551 detestatur;
1441 2502 1546 2542 scire
1586 2516 1646 2550 se,
1687 2501 1798 2550 Deo,

346 2589 550 2630 supremo
582 2575 775 2615 omnium
806 2575 1013 2630 Principi,
1035 2574 1264 2615 schismata
1284 2574 1328 2614 in
1349 2574 1550 2615 Ecclesia
1570 2589 1650 2616 sua
1680 2589 1799 2614 max-

345 2647 429 2686 ime
466 2646 707 2702 displicere,
739 2647 915 2701 illisque
955 2662 980 2687 a
1015 2646 1222 2687 fidelibus
1257 2647 1460 2687 omnibus
1490 2645 1799 2687 occurrendum

347 2732 452 2759 esse.
515 2718 686 2759 Aderat
724 2719 854 2759 etiam
887 2718 1119 2767 Vestanus,
1151 2718 1229 2773 qui
1260 2718 1478 2759 recusavit
1512 2732 1637 2772 aeque
1668 2718 1800 2758 consi-

347 2789 454 2829 lium
496 2791 740 2846 impertiri;
787 2792 917 2831 immo
959 2791 1109 2838 suasit,
1148 2798 1196 2831 ut
1229 2791 1401 2831 omnino
1443 2791 1499 2831 ab
1540 2790 1607 2831 his
1639 2790 1802 2845 Legati

346 2862 623 2910 abstinerent,
663 2877 763 2917 quae
795 2863 1007 2904 scandalis
1043 2870 1086 2904 et
1121 2863 1326 2917 periculis
1362 2863 1530 2904 aditum
1573 2863 1799 2918 aperirent.
