1905 3254
689 286 799 317 sas&
828 287 889 316 111.
1476 270 1528 311 79

73 390 166 432 dixi
207 393 407 448 exemplo
449 395 544 449 ejus
584 394 782 434 sessionis
831 408 956 450 posse
997 399 1162 433 eertum
1205 392 1291 433 huc
1332 392 1529 433 venturis

72 464 287 506 haercticis
307 481 536 507 numerum
566 467 786 522 praefiniri.
850 466 976 507 Tunc
1002 466 1139 521 legati
1171 467 1340 507 eaetcris
1367 465 1528 506 Praela-

71 539 125 579 tis
146 539 406 594 significant,
438 547 488 580 ut
520 539 670 581 ordine
707 555 786 580 suo
819 545 1032 595 pergant3
1077 554 1267 594 quorum
1301 539 1529 580 sententiis

71 613 296 660 absolutis,
320 628 417 653 cum
444 613 572 654 multi
596 628 648 653 ex
684 613 736 652 iis
760 628 983 653 assensum
1012 613 1336 659 sustinuissent,
1359 613 1528 668 quippe

71 684 148 740 qui
169 683 362 724 nondum
385 699 429 724 se
451 684 553 725 fidei
587 684 780 739 publicae
803 683 942 724 verba
967 683 1125 739 legisse
1158 682 1366 730 dicerent,
1401 683 1526 723 Man-

68 761 230 795 tuanus
251 754 441 803 mandat,
459 759 556 810 ejus
578 756 800 811 exemplar
821 756 1025 797 omnibus
1041 756 1250 811 petituris
1272 755 1356 803 edi,
1373 770 1526 811 peren-

68 825 227 882 dieque
248 827 475 882 negotium
499 828 738 868 terminari.

124 900 212 940 Die
233 900 373 956 igitur
395 907 557 956 quarta
590 901 758 949 Martii,
781 916 877 942 cum
904 902 1058 942 Patres
1092 916 1245 941 rursus
1270 901 1323 941 de
1346 916 1398 941 ea
1418 900 1524 942 deli-

68 974 265 1014 beraturi
279 975 593 1021 convenissent,
616 990 763 1015 omnes
781 975 870 1015 fere
894 976 933 1016 ei
958 975 1187 1016 unanimes
1205 975 1500 1031 subscripsere
1514 993 1524 1026 3

69 1046 184 1086 inter
220 1061 329 1101 quos
353 1061 451 1087 cum
482 1047 772 1088 Granatensis
804 1048 1029 1103 praecipue
1053 1063 1147 1088 eam
1172 1047 1388 1103 prolixius
1415 1063 1526 1089 com-

69 1119 312 1174 probasset,
334 1121 543 1175 permulti
566 1121 722 1162 deinde
745 1125 842 1176 ejus
864 1122 1124 1162 sententiam
1153 1121 1389 1169 subsecuti,
1412 1121 1527 1162 dixit

68 1192 127 1232 is:
163 1192 277 1233 Cum
301 1193 406 1234 alias
427 1193 574 1235 decem
592 1194 749 1235 abhinc
766 1195 886 1235 annis
904 1194 996 1235 haec
1012 1195 1119 1235 fides
1135 1195 1313 1250 publica
1326 1195 1528 1236 iisdemet

70 1266 302 1307 Germanis
322 1267 458 1308 fuerit
488 1267 603 1315 data,
624 1282 851 1323 nunquam
873 1267 1026 1309 eadem
1049 1268 1105 1308 ab
1129 1268 1394 1309 Oratoribus
1429 1268 1524 1309 Cae-

66 1339 174 1380 saris
195 1340 237 1380 in
260 1356 410 1381 eorum
431 1341 618 1397 gratiam
647 1341 889 1396 flagitetur.
952 1340 1078 1381 Nihil
1099 1355 1277 1395 prorsus
1299 1341 1353 1381 (10
1376 1356 1426 1382 ca
1447 1341 1526 1382 du-

67 1413 294 1455 bitandum
332 1413 484 1463 videri,
526 1430 624 1456 cum
667 1413 817 1455 eadem
861 1419 1020 1469 urgeat
1060 1428 1202 1462 causa,
1246 1414 1361 1455 idem
1394 1415 1523 1462 loeus,

65 1486 230 1528 eaedem
271 1501 500 1542 personae;
553 1493 746 1543 tuncque
789 1487 943 1528 Patres
986 1487 1063 1542 qui
1116 1487 1299 1529 aderant
1353 1495 1524 1529 mature

67 1560 212 1601 omnia
233 1560 626 1602 animadverterint
648 1576 746 1616 quae
769 1560 1016 1616 oportebat.
1064 1560 1266 1602 Eandem
1290 1577 1391 1603 vero
1412 1577 1525 1603 nunc

67 1634 163 1676 aliis
193 1649 371 1690 quoque
403 1633 816 1682 communicandam,
840 1634 916 1689 qui
949 1648 1033 1674 non
1066 1632 1266 1674 dissimili
1298 1636 1523 1677 nobiscum

66 1714 168 1749 sunt
188 1707 456 1749 conditione:
490 1722 534 1748 se
567 1708 757 1748 maxime
792 1706 1002 1754 laudare,1
1036 1722 1090 1747 ne
1124 1707 1286 1748 Sancta
1321 1709 1523 1764 Synodus

66 1781 233 1838 dispari
263 1782 373 1822 filios
404 1796 504 1821 suos
531 1780 761 1822 dilectione
793 1780 1001 1835 prosequi
1037 1779 1269 1829 videatur3
1302 1782 1523 1823 nonnullis

67 1854 206 1909 igitur
238 1854 453 1910 patribus,
489 1869 598 1910 quos
631 1860 761 1894 antea
791 1859 996 1908 optantes
1031 1852 1235 1895 audierat
1270 1862 1435 1896 certum
1472 1856 1524 1896 iis

65 1934 252 1982 tempus,
273 1942 518 1976 numerum,
542 1934 674 1982 atque
698 1926 803 1967 alias
824 1926 1091 1968 conditiones
1106 1929 1344 1983 praescribi,
1360 1930 1523 1985 quibus

64 1999 291 2040 nobiscum
320 1999 508 2041 debeant
542 1999 722 2047 versari,
756 1999 861 2039 satis
896 2000 1176 2055 repugnavit,
1215 2015 1311 2041 cum
1346 2001 1521 2050 diceret,

65 2072 339 2128 quibuslibet
360 2073 510 2114 verbis
529 2088 583 2114 ex
605 2071 819 2128 superiori
846 2071 1032 2113 formula
1061 2073 1238 2114 mutatis
1260 2075 1406 2115 statim
1430 2090 1523 2116 sus-

64 2147 278 2202 picionem
300 2147 387 2188 illis
409 2147 578 2188 illatum
596 2146 661 2191 iri,
684 2145 873 2186 voluisse
888 2160 964 2185 nos
981 2144 1034 2186 (10
1051 2146 1236 2201 pristina
1258 2147 1340 2188 fide
1355 2148 1523 2204 aliquid

63 2218 317 2271 detrahere3
349 2227 392 2261 et
423 2220 629 2275 quoniam
667 2220 800 2261 etiam
836 2234 931 2260 cum
962 2218 1029 2259 his
1067 2226 1220 2274 aperte
1260 2222 1434 2262 omnino
1478 2229 1522 2263 et

64 2291 307 2334 liberaliter
341 2292 561 2351 agendum
603 2299 760 2339 censet,
799 2297 849 2332 ut
879 2292 1128 2347 promptius
1162 2307 1313 2334 eorum
1353 2294 1409 2335 ad
1444 2310 1521 2336 nos

65 2378 258 2406 accessus
278 2365 512 2406 alliciatur.

120 2438 269 2487 Porro,
322 2438 497 2480 illorum
550 2438 797 2493 opinionem
853 2436 992 2493 (quod
1051 2437 1105 2478 dc
1147 2436 1177 2477 J
1183 2437 1523 2493 ustinopolitano

64 2509 227 2552 dictum
251 2526 398 2552 omncs
419 2498 648 2567 putarunt,
672 2509 773 2551 licet
809 2524 907 2550 cum
937 2525 1021 2551 non
1053 2510 1360 2563 nominaverit)
1387 2511 1522 2566 pluri-

64 2582 146 2624 bus
185 2584 450 2640 redarguere
488 2584 608 2624 visus
636 2590 714 2631 est,
752 2583 827 2637 qui
863 2583 919 2623 ab
953 2598 1101 2624 corum
1131 2598 1365 2640 congressu
1399 2585 1522 2625 nobis

64 2656 305 2698 cavendum
329 2658 467 2704 aiunt,
496 2655 618 2712 quod
639 2655 797 2710 vulpes
828 2655 928 2704 sint,
963 2662 1006 2697 et
1037 2656 1153 2697 omni
1175 2655 1444 2698 fallaciarum
1474 2673 1522 2699 ac

66 2729 357 2785 turpitudinis
399 2745 557 2786 genere
593 2729 801 2784 cooperti.
866 2728 954 2769 His
995 2729 1106 2769 enim
1149 2733 1313 2784 majore
1350 2730 1523 2772 omnino

692 2833 699 2850 ¹
729 2832 880 2863 Laborare
890 2832 904 2861 ἰ)
