1905 3254
374 305 456 346 586
991 318 1102 347 sess,
1128 317 1203 348 vn.

375 425 560 481 placent,
588 431 631 465 et
663 439 715 464 ea
746 424 956 479 approbo,
995 430 1290 479 praeterquam
1323 422 1469 478 quoad
1502 423 1739 463 Decretum
1773 422 1824 464 de

374 497 628 538 Residcntia
649 496 753 538 DD.
778 497 978 552 Eporum
1002 503 1045 537 et
1066 497 1249 537 aliorum
1272 496 1348 537 &c.
1372 511 1506 551 super
1528 510 1628 551 quo,
1647 503 1690 536 et
1711 496 1825 536 illius

373 571 592 611 occasione
610 570 703 610 dico
720 577 763 611 et
782 569 1032 626 respondeo,
1051 576 1185 625 prout
1207 570 1313 609 alias
1329 569 1372 609 in
1388 569 1635 610 eademmet
1649 570 1827 610 materia

372 643 577 699 respondi
612 650 651 684 et
695 643 784 684 dixi
819 644 862 683 in
903 643 1102 699 Congrne,
1135 650 1179 684 et
1215 644 1274 683 sic
1309 658 1402 683 sum
1433 650 1477 683 et
1509 649 1574 683 sto
1604 643 1646 682 in
1679 642 1826 683 eodem

374 723 476 757 voto
497 724 541 757 et
563 716 714 757 eadem
738 717 974 763 voluntate,
996 716 1220 757 remittens
1240 731 1308 756 me
1333 723 1480 756 'tamen
1509 716 1585 757 &e
1647 716 1827 770 Episco-

374 805 459 845 pus
481 790 733 831 Lucerinus.

431 864 483 904 R.
497 863 553 902 D.
566 864 602 903 F
606 864 804 904 eltrensis
819 863 938 904 dedit
955 863 1205 903 schedulam
1225 864 1383 903 tenoris
1397 863 1714 918 subsequentis,
1731 864 1826 912 viz„

374 937 503 987 Quod
526 937 678 977 attinet
693 938 748 978 ad
770 938 1006 977 Decretum
1029 937 1081 977 de
1104 937 1368 984 Residentia,
1392 938 1593 992 quoniam
1616 953 1716 993 quae
1733 953 1828 993 per-

373 1009 589 1050 sonaliter
616 1009 912 1057 definiuntur?
935 1017 985 1050 ut
1006 1010 1111 1050 mihi
1134 1010 1311 1064 quidem
1329 1010 1515 1058 videtur,
1535 1020 1578 1052 et
1592 1011 1827 1052 falsitatum

373 1083 501 1137 plena
523 1090 638 1131 sunt,
661 1091 704 1124 et
727 1084 1094 1130 contrarietatum,
1118 1083 1274 1123 idcirco
1306 1099 1387 1124 non
1412 1092 1556 1139 potest
1578 1085 1761 1140 placere,
1786 1092 1830 1125 et

375 1172 424 1197 eo
454 1156 629 1212 quidem
653 1157 797 1197 minus
824 1156 943 1211 quod
964 1157 1008 1196 in
1031 1163 1154 1196 tanta
1174 1171 1220 1196 re
1242 1156 1513 1198 decernenda
1535 1164 1579 1198 et
1599 1157 1831 1199 statuenda
1890 1155 1896 1168 '

374 1246 459 1271 non
487 1231 587 1279 fuit,
611 1246 706 1271 meo
730 1230 905 1286 quidem
929 1229 1109 1284 judicio.
1134 1230 1418 1271 conciliariter
1439 1246 1702 1286 processum,
1724 1232 1828 1279 scil.,

375 1304 617 1343 minoribus
639 1303 865 1357 theologis,
903 1309 1001 1342 ante
1027 1318 1195 1343 omnem
1231 1303 1525 1344 definitionem
1554 1304 1598 1343 in
1634 1303 1829 1359 disputa-

376 1377 506 1424 tione,
529 1376 764 1431 diligenter
786 1383 830 1416 et
853 1382 1019 1416 attente
1044 1376 1216 1417 auditis.
1282 1377 1440 1426 Quare,
1470 1385 1563 1418 tum
1600 1393 1653 1418 ex
1691 1379 1831 1432 primo

377 1448 554 1504 Capite.
575 1455 668 1489 tum
698 1464 752 1488 ex
775 1449 831 1494 120,
856 1449 983 1495 omni,
1007 1464 1092 1504 quo
1118 1464 1308 1504 possum,
1331 1450 1496 1490 meliori
1518 1450 1657 1497 modo,
1681 1451 1765 1498 via,
1788 1458 1831 1492 et

374 1521 524 1568 forma,
548 1520 765 1576 profiteor,
790 1534 835 1559 ac
862 1527 1093 1575 protestor,
1113 1536 1180 1561 mc
1202 1521 1453 1561 nullatenus
1474 1523 1666 1576 recipere
1687 1522 1830 1562 decre-

374 1601 467 1634 tum
486 1610 495 1642 3
529 1600 573 1634 et
596 1600 696 1633 ante
719 1593 876 1636 omnia,
898 1599 947 1632 ut
977 1593 1102 1633 valeo
1134 1593 1360 1641 efficacius,
1385 1601 1488 1650 peto
1511 1602 1554 1635 et
1575 1594 1699 1642 insto,
1721 1595 1830 1636 hanc

374 1682 514 1708 meam
537 1667 892 1722 protestationem
916 1667 957 1707 in
982 1673 1079 1707 acta
1110 1666 1243 1723 hujus
1271 1668 1539 1708 Sacrosancti
1573 1659 1758 1709 Concilii
1787 1676 1831 1710 et

374 1738 593 1779 hodiernae
629 1738 838 1778 Sessionis
873 1738 1046 1788 referri;
1093 1754 1116 1779 a
1159 1754 1247 1795 qua
1288 1739 1465 1796 quidem
1506 1742 1828 1795 protestatione,

373 1819 468 1853 tum
492 1812 669 1852 demum
691 1812 977 1853 libentissime
991 1828 1088 1853 sum
1111 1828 1369 1861 recessurus,
1385 1829 1481 1854 cum
1500 1813 1677 1854 edoctus
1694 1814 1828 1863 fuero,

376 1885 523 1925 velex
555 1885 723 1925 Summi
753 1885 974 1925 Pontificis
1007 1884 1310 1934 declaratione,
1347 1886 1738 1935 confirmationeve,
1761 1887 1830 1928 vel

375 1959 525 2013 aliqua
557 1959 643 1998 alia
675 1958 855 2005 ratione,
888 1966 974 1999 tam
1006 1973 1031 1998 a
1062 1974 1130 1999 me
1165 1959 1328 2014 saepius
1349 1960 1517 2015 objecta
1544 1967 1694 2001 contra
1716 1959 1828 2001 idem

374 2032 610 2079 decretum,
640 2047 772 2087 quam
812 2040 1067 2087 praesentem
1103 2032 1211 2072 hanc
1238 2048 1378 2073 meam
1416 2034 1770 2088 protestationem
1805 2049 1830 2074 a

375 2104 559 2145 veritate
580 2104 690 2159 ipsa,
714 2105 784 2144 cui
806 2111 990 2159 paratus
1013 2120 1106 2144 sum
1145 2120 1315 2160 semper
1346 2121 1414 2145 me
1444 2106 1716 2155 submittere,
1740 2120 1828 2147 esse

374 2178 527 2219 aliena.

432 2251 505 2292 Ita
525 2252 663 2292 sentio
684 2253 785 2308 Ego
808 2253 1045 2308 Philippus
1068 2253 1213 2293 Maria
1230 2253 1357 2308 Epus
1378 2253 1630 2293 FeltrensiS.

432 2322 624 2378 Reliqua
645 2324 832 2378 placent.

432 2395 485 2437 R.
521 2396 578 2436 D.
617 2397 905 2438 Guadicensis
940 2397 1062 2446 dixit,
1100 2398 1142 2437 in
1175 2398 1235 2438 xii
1271 2397 1444 2439 Canone
1480 2414 1562 2438 non
1597 2399 1742 2455 placet
1777 2398 1829 2439 de

374 2468 698 2517 Cardinalibus,
722 2469 841 2525 quod
855 2470 897 2509 in
921 2484 972 2510 ea
994 2476 1140 2517 aetate,
1162 2484 1261 2524 quae
1283 2472 1524 2526 requiritur
1547 2472 1828 2513 Subdiaeonis

374 2543 459 2597 ipsi
481 2549 680 2583 creentur
703 2542 972 2591 cardinales,
996 2543 1072 2583 sed
1093 2543 1136 2583 in
1159 2543 1494 2600 quadragesimo
1516 2560 1664 2586 eorum
1689 2545 1828 2586 aetatis

374 2629 497 2655 anno.
550 2616 603 2656 In
623 2615 794 2656 decreto
816 2630 919 2656 vero
936 2616 989 2658 de
1004 2615 1269 2664 Residentia,
1284 2616 1409 2666 dixit,
1426 2617 1543 2672 quod
1563 2633 1647 2658 non
1671 2618 1826 2673 placet,

374 2687 494 2742 quod
514 2687 674 2729 dentur
695 2695 782 2729 tres
802 2703 969 2729 menses
991 2689 1119 2745 Epis.

433 2760 485 2801 R.
510 2760 567 2800 D.
592 2759 859 2816 Oppidensis
880 2760 1006 2810 dixit,
1029 2762 1146 2817 quod
1169 2762 1378 2804 Canonici
1399 2763 1627 2812 resideant,
1651 2771 1695 2805 et
1710 2761 1827 2820 quod

419 2845 427 2862 ¹
456 2851 500 2878 Or
514 2849 741 2890 principaliter.
786 2850 850 2880 The
865 2850 1057 2883 coutraction
1074 2851 1098 2881 is
1115 2850 1354 2891 thus—psnliter.
1488 2854 1500 2872 ²
1525 2853 1692 2890 Definitur,
1710 2853 1780 2884 MS.

1889 2433 1905 3254 ffl.w.2W-‘—-*„W—q—u
