1905 3254
1503 284 1519 293 >-

727 295 836 326 51155.
865 297 908 326 11.
1498 285 1544 324 ol

144 403 251 445 Haee
281 419 378 445 cum
410 404 596 460 Legatis
619 404 897 460 placuissent,
928 419 979 444 ea
1012 403 1463 459 Quinqueecclesiensi
1501 412 1544 447 et

85 478 300 518 Lusitano
332 478 584 534 significant.
648 477 734 518 Die
772 478 910 534 igitur
943 485 1068 519 sexta
1098 477 1328 519 Februarii
1353 485 1541 535 uterque

84 558 230 591 orator
243 551 478 607 Pragensis
496 558 540 591 et
563 551 1042 606 Quinqueecclesiensis
1060 552 1103 591 in
1119 551 1288 591 aedibus
1304 551 1540 592 Mantuani

84 624 375 673 conveniunt;
408 638 594 679 eumque
618 624 779 679 Legati
814 638 963 664 omnes
996 624 1297 664 existimarent
1320 624 1427 664 nihil
1451 641 1532 665 am⁴

84 696 198 751 plius
235 696 289 736 de
326 696 566 751 praeeundo
604 703 681 737 aut
719 696 897 737 sedendi
932 697 1145 752 gradibus
1180 697 1400 752 agendum
1433 713 1538 746 esse,

83 768 199 823 quod
222 769 451 823 praeterstis
474 769 865 810 consultationibus
889 769 1064 809 abunde
1087 769 1289 809 omnibus
1313 769 1539 811 videretur

81 841 345 882 satisfactum
362 858 372 891 3
405 841 449 882 hi
467 849 611 882 tamen
626 842 836 883 Oratores
850 849 1089 897 antequam
1105 842 1147 881 in
1171 857 1413 882 consessum
1440 858 1536 898 pro-

81 914 224 962 deant,
243 921 399 970 petunt
412 916 625 971 imprimis
646 916 788 956 locum
807 915 889 955 sibi
903 916 946 955 in
963 914 1135 970 Synodo
1149 914 1332 963 decerni,
1351 916 1537 972 Legatis

80 987 184 1042 ipsis
201 988 463 1043 proximum.
523 989 659 1029 Aiunt
677 989 731 1029 ad
745 989 889 1044 ipsum
904 989 964 1029 ita
978 989 1039 1029 eis
1055 988 1273 1029 Caesarem
1298 989 1534 1037 mandasse,

81 1067 131 1100 ut
146 1061 276 1116 juxta
299 1061 491 1116 Legatos
514 1060 792 1110 consideant;
824 1061 1010 1116 hincque
1034 1061 1308 1110 contendunt,
1332 1077 1409 1103 1100
1433 1062 1537 1103 Car-

79 1131 267 1173 dinalem
294 1133 595 1174 Madruecium
614 1134 700 1174 illis
715 1148 807 1175 esse
822 1133 1162 1174 anteferendum.
1227 1134 1352 1175 Tune
1377 1135 1536 1191 Legati

78 1220 156 1260 per
187 1205 485 1247 Varmiensem
522 1214 565 1247 et
603 1207 867 1247 Simonetam
904 1206 1003 1247 illos
1045 1214 1223 1248 monent
1259 1208 1338 1249 hoc
1382 1217 1536 1263 praeter

77 1292 240 1318 morem
265 1278 449 1319 aliorum
475 1279 751 1320 conciliorum
776 1294 878 1325 esse,
901 1294 998 1319 nam
1025 1286 1067 1320 et
1090 1279 1199 1320 alias
1215 1280 1479 1322 Oratoribus
1512 1297 1536 1323 a

80 1350 239 1392 Carolo
261 1351 302 1392 V
333 1351 417 1393 huc
449 1353 587 1393 missis
620 1359 718 1408 post
748 1352 1004 1394 Cardinales
1039 1368 1186 1394 omnes
1214 1354 1352 1394 locum
1387 1354 1536 1396 datum

77 1423 223 1473 fuisse,
245 1439 359 1465 nune
378 1424 599 1466 Caesarem
623 1425 911 1473 existimasse,
928 1441 1024 1466 cum
1049 1426 1112 1466 ita
1133 1426 1369 1474 mandavit,
1394 1428 1539 1468 nullos

76 1495 144 1536 hic
165 1497 273 1537 alios
298 1496 554 1538 Cardinales
587 1497 829 1539 adfuturos.
893 1497 991 1539 Hac
1014 1498 1067 1539 de
1089 1514 1133 1539 re
1155 1498 1263 1539 nihil
1287 1499 1386 1540 illos
1408 1499 1535 1541 dubi-

77 1574 169 1610 tare
191 1569 365 1618 debere,
389 1586 521 1626 seque
544 1570 741 1626 periculo
775 1586 853 1611 suo
876 1586 1045 1612 omnem
1072 1571 1273 1617 Caesaris5
1305 1571 1438 1629 hujus
1472 1573 1534 1614 rei

76 1646 217 1693 caus-21,
238 1643 578 1700 indignationem
603 1644 805 1699 recipere.
856 1645 1149 1700 Quapropter,
1178 1660 1231 1685 ne
1250 1647 1534 1701 imposterum

77 1716 169 1756 ulla
191 1716 244 1757 de
268 1716 334 1757 his
364 1717 554 1772 amplius
590 1717 886 1757 controversia
922 1717 1098 1764 oriatur,
1137 1717 1344 1759 mandant
1373 1720 1535 1775 Legati

76 1788 304 1829 formulam
330 1789 547 1844 quandam
573 1790 783 1843 componi,
809 1804 993 1844 eamque
1027 1790 1258 1845 publicari,
1289 1792 1403 1832 unde
1425 1793 1534 1834 Ora-

76 1866 190 1901 tores
208 1876 355 1901 omnes
378 1861 520 1902 locum
544 1861 624 1901 sibi
649 1861 841 1908 sedendi,
866 1862 1092 1903 incedendi
1116 1878 1163 1903 ac
1186 1863 1408 1919 loquendi,
1437 1881 1533 1907 con-

76 1934 275 1975 stitutum
300 1941 550 1990 agnoscant.

210 2054 344 2102 Ordo
365 2057 625 2102 servandus
651 2058 698 2101 in
727 2057 927 2103 Actibus
953 2057 1177 2119 publicis:
1217 2058 1295 2105 fol.
1330 2059 1399 2105 ll.

133 2148 218 2190 His
253 2149 459 2191 Oratores
500 2166 594 2191 cum
636 2153 963 2208 acquievissent,
999 2154 1144 2193 statim
1189 2154 1232 2194 in
1275 2156 1532 2205 concionem,

76 2220 313 2262 deducente
342 2222 439 2263 illos
473 2223 733 2265 Granatensi
767 2231 810 2265 et
832 2224 1107 2272 Rossanensi,
1145 2232 1247 2266 sunt
1280 2227 1530 2276 introducti,

76 2300 206 2349 atque
229 2310 254 2336 a
276 2296 484 2337 Patribus
506 2297 688 2352 probati.

133 2366 230 2407 Mos
253 2367 459 2409 Oratores
491 2370 533 2409 in
570 2369 791 2425 Synodum
826 2369 1070 2424 excipiendi
1095 2369 1162 2410 hic
1185 2377 1304 2410 erat:
1339 2373 1528 2426 primum

75 2439 182 2478 enim
207 2439 539 2481 advenientibus
562 2442 649 2482 illis
682 2442 724 2481 in
751 2441 986 2482 Civitatem
1013 2443 1216 2497 frequens
1238 2426 1527 2486 Praelatorum

74 2524 278 2552 numerus
300 2527 347 2553 ac
370 2513 650 2554 familiarium
677 2513 995 2561 Cardinalium‚
1032 2515 1224 2569 itemque
1249 2515 1433 2555 aliorum
1458 2531 1529 2556 no-

75 2582 227 2623 bilium
252 2599 304 2625 ex
328 2600 474 2626 eorum
510 2601 535 2626 a
569 2587 734 2641 quibus
757 2587 1046 2628 mittebantur
1073 2587 1302 2642 dignitate,
1338 2603 1530 2630 accurre-

75 2655 192 2699 bant.
254 2657 327 2698 Illi
348 2660 555 2714 privatim
579 2674 623 2700 se
645 2661 863 2701 nonnullis
896 2661 1054 2702 diebus
1087 2660 1203 2700 domi
1240 2662 1528 2710 continebant,

75 2728 330 2786 interimque
367 2747 724 2787 unumquemque
764 2734 1007 2790 legatorum
1042 2748 1234 2773 seorsum
1270 2734 1528 2778 invisebant.

77 2799 208 2843 Certa
229 2811 327 2859 post
348 2805 439 2846 dies
462 2806 634 2861 publice
658 2806 948 2854 statuebatur,
969 2806 1189 2860 simulque
1204 2806 1378 2848 Praelati
1395 2807 1481 2849 duo
1505 2825 1530 2852 a

1218 2892 1241 2919 E
1276 2880 1301 2919 2
