1905 3254
340 295 423 335 21⁶2
970 313 1082 342 sess.
1107 312 1164 342 vi.

348 415 398 456 16
422 416 707 471 Septembris,
738 432 833 457 cum
863 417 1038 472 reliqua
1073 418 1116 458 in
1141 417 1337 458 Sessione
1360 415 1679 473 promulganda
1704 417 1795 471 jam

343 489 468 545 plene
502 505 681 531 excussa
715 491 1008 546 absolutaque
1045 490 1240 535 fuissent.
1276 505 1328 531 ex
1369 489 1796 546 congregationeque

332 564 426 619 jam
468 578 613 604 omnes
654 563 884 604 discessuri
927 563 1194 611 viderentur,
1240 563 1523 603 Granatensis
1564 562 1640 617 qui
1672 577 1797 602 mane

341 637 483 676 locum
507 636 588 676 sibi
611 643 734 677 extra
756 636 947 677 ordinem
973 637 1026 677 ad
1049 636 1279 677 dicendum
1303 635 1513 676 nonnulla
1531 635 1623 675 dari
1647 642 1795 690 postu-

341 709 520 757 laverat,
560 710 695 765 cocpit
716 709 822 750 hora
850 710 938 750 fere
961 711 1016 750 ⁶23
1046 710 1187 750 multa
1220 709 1427 750 adversus
1461 709 1680 750 Canonem
1714 716 1797 749 ter-

342 783 453 824 tium
477 783 683 838 proferre,
721 783 942 838 variisque
973 783 1216 824 rationibus
1239 783 1514 831 contendere,
1540 790 1589 823 ut
1613 789 1686 824 aut
1708 797 1795 823 om-

341 856 443 896 nino
476 857 762 903 omitteretur,
788 871 884 896 cum
910 856 949 896 ei
963 855 1228 911 Dionysium
1252 855 1305 896 de
1330 855 1513 897 Coelesti
1536 854 1797 895 Hicrarchia

341 944 437 984 cap.
461 931 499 975 5,
537 936 578 970 et
605 935 800 969 sanctum
824 928 1086 970 Maximum.
1119 937 1162 970 et
1186 929 1227 970 S.
1253 929 1323 970 Jo.
1348 929 1688 985 Chrysotomum
1724 927 1796 969 ad-

342 1001 505 1041 versari
527 1001 703 1049 diceret,
727 1002 817 1057 qui,
836 1001 1093 1048 sacerdotes,
1110 1017 1193 1042 non
1208 1002 1251 1041 in
1268 1002 1420 1047 Coena,
1443 1001 1519 1041 sed
1538 1002 1583 1041 in
1599 1001 1669 1041 die
1683 1001 1795 1041 Pen-

340 1081 521 1115 tecostes
551 1075 774 1115 institutos
808 1075 940 1116 fuisse
973 1075 1277 1124 tradiderunt3
1311 1082 1388 1115 aut
1416 1075 1567 1115 saltem
1589 1074 1632 1113 in
1653 1074 1795 1129 proxi-

340 1163 453 1188 mam
471 1148 712 1189 Scssionem
730 1149 1087 1205 relinquendum,
1104 1149 1179 1189 ubi
1198 1164 1265 1189 res
1282 1148 1496 1188 maturius
1513 1147 1795 1188 consultetur.

343 1219 430 1260 His
447 1236 542 1260 cum
569 1221 644 1261 alii
662 1221 813 1262 Patres
834 1222 1033 1262 commoti
1055 1222 1355 1269 surrexissent,
1379 1220 1692 1276 Canonemque
1704 1225 1794 1276 Jam

340 1293 574 1336 firmatum.
599 1300 731 1348 atque
753 1301 978 1349 receptum
1010 1294 1119 1334 nihil
1155 1294 1450 1334 innovandum
1484 1283 1805 1341 asseverarent,

339 1365 491 1420 ingens
512 1367 634 1421 sequi
658 1367 851 1407 confusio
888 1373 1035 1422 coepta
1063 1374 1140 1412 est,
1179 1382 1274 1407 eum
1309 1367 1499 1421 quisque
1535 1367 1795 1422 perturbato

340 1436 488 1477 ordine
510 1438 774 1493 loqueretur.

399 1509 524 1550 Tune
546 1511 811 1551 Varmiensis
831 1512 1038 1552 nonnulla
1074 1527 1153 1567 pro
1188 1513 1387 1553 concione
1415 1512 1626 1553 disserens
1651 1512 1796 1568 dupli-

339 1596 427 1621 cem
453 1582 676 1637 Apostolis
707 1591 966 1638 potestatem
1003 1600 1025 1625 a
1058 1585 1248 1625 Domino
1270 1600 1510 1625 concessam
1539 1585 1793 1640 explicavit,

339 1654 520 1695 alteram
545 1656 587 1695 in
619 1671 777 1712 corpus
801 1672 953 1698 verum
979 1657 1157 1705 Christi,
1182 1658 1360 1698 alteram
1383 1658 1425 1697 in
1448 1673 1604 1713 corpus
1632 1657 1796 1699 Christi

336 1726 579 1781 mysticum.
603 1743 649 1768 ac
672 1729 859 1782 priorem
884 1729 1061 1785 quidem
1085 1730 1127 1770 in
1145 1730 1283 1771 Coena
1306 1730 1392 1770 illis
1413 1730 1625 1770 tributam
1648 1729 1794 1778 fuisse,

337 1799 453 1854 quod
476 1799 670 1841 doctores
703 1816 861 1849 omnes,
896 1803 1066 1844 nemine
1088 1810 1378 1859 repugnante,
1412 1810 1615 1850 asserant,
1652 1811 1793 1859 poste-

337 1874 491 1914 riorem
512 1889 615 1914 vero
637 1876 678 1914 in
701 1875 957 1916 Pentecoste
979 1876 1034 1916 ad
1056 1876 1150 1916 illos
1168 1891 1458 1931 permanasse.

394 1947 690 1995 Dertusensis,
729 1950 806 2004 qui
839 1950 951 1990 forte
987 1949 1340 2005 disceptationem
1375 1950 1484 1992 hane
1518 1951 1790 1993 excitandam

338 2029 640 2075 praesenserat.
661 2022 893 2062 nonnullas
911 2022 1200 2063 authoritates
1214 2023 1384 2078 scriptis
1400 2024 1627 2066 mandatas
1644 2026 1791 2082 palam

336 2096 551 2139 recitavit.
576 2104 618 2137 et
642 2096 726 2136 alia
749 2095 966 2151 quaedam,
991 2096 1155 2151 quibus
1177 2112 1382 2138 canonem
1417 2100 1655 2140 rectissime
1677 2115 1791 2141 eom-

337 2169 525 2224 positum
549 2185 665 2210 esse:
699 2170 814 2210 idem
838 2169 1163 2224 Hydruntinus.
1188 2170 1427 2211 Literensis
1449 2179 1492 2212 et
1515 2172 1603 2213 alii.

393 2243 505 2284 Cum
530 2259 632 2284 vero
653 2244 871 2284 tumultus
891 2246 1043 2298 major,
1065 2250 1107 2283 et
1131 2243 1405 2299 loquentium
1429 2245 1618 2287 confusio
1640 2261 1791 2302 seque-

335 2321 466 2362 retur,
477 2315 651 2356 tandem
664 2315 937 2356 Mantuanus
952 2315 1298 2372 uniuscujusque
1311 2318 1547 2359 sententias
1563 2318 1790 2374 sigillatim

334 2389 505 2443 exquiri
523 2389 713 2429 mandat.
767 2389 932 2431 Patres,
953 2389 1029 2443 qui
1048 2389 1269 2430 Canoneni
1297 2391 1615 2446 approbarunt,
1638 2391 1789 2448 depre-

332 2462 454 2503 hensi
469 2470 573 2503 sunt
586 2463 674 2503 fere
689 2477 850 2509 omnes,
861 2463 1055 2517 exeeptis
1068 2464 1180 2503 inter
1194 2464 1390 2519 triginta,
1403 2471 1445 2504 et
1457 2463 1501 2503 hi
1515 2463 1690 2520 quidem
1706 2480 1790 2505 non

333 2535 504 2575 omnino
520 2534 741 2575 Canoneni
758 2550 782 2575 a
800 2535 987 2575 veritate
1011 2534 1247 2575 abhorrere
1267 2536 1456 2583 aiebant,
1480 2536 1555 2576 sed
1576 2536 1620 2576 id
1642 2552 1790 2578 causa-

332 2608 507 2657 bantur,
531 2624 616 2648 non
640 2608 773 2649 fuisse
807 2624 906 2650 eum
944 2609 997 2649 (lc
1031 2624 1148 2649 more
1186 2610 1228 2649 in
1266 2610 1561 2665 disputatione
1583 2611 1788 2667 positum,

333 2682 577 2737 maj0rique
609 2681 910 2737 disquisitione
944 2683 1165 2738 indigere:
1209 2683 1254 2723 hi
1288 2685 1467 2725 fuerunt
1500 2684 1788 2733 Bracarensis,

334 2755 621 2809 Segobiensis‚
658 2757 954 2804 Ahneriensis,
990 2758 1231 2805 Auriensis,
1265 2757 1618 2813 Senogalliensis,
1654 2758 1786 2799 Ostu-
