1905 3254
358 283 436 323 132
973 296 1082 325 sass.
1109 295 1167 324 1v.

353 401 519 441 nificari
560 400 722 447 vident,
764 398 931 453 hocque
972 398 1165 437 omnium
1208 397 1362 436 animis
1403 396 1465 436 ibi
1505 410 1681 451 prorsus
1717 409 1807 434 esse

355 473 562 521 defixum,
605 472 892 528 perniciosam
926 486 1016 511 esse
1052 470 1118 512 his
1160 470 1433 525 temporibus
1466 469 1577 509 hanc
1615 468 1668 508 de
1706 467 1808 508 resi-

355 547 507 586 dentia
539 546 912 601 disceptationem,
947 544 1149 600 idemque
1175 559 1199 584 a
1219 544 1369 584 multis
1388 543 1456 583 hic
1477 543 1677 584 Praelatis
1699 557 1808 582 eom-

355 619 544 674 probari,
569 618 776 674 cogitant,
794 633 925 673 quam
947 617 1162 658 levissime
1186 623 1381 673 possunt,
1404 616 1522 663 eniti,
1546 622 1595 655 ut
1611 615 1811 671 proxima

356 693 487 732 sessio
511 692 676 747 absque
701 691 793 731 ulla
813 692 1030 731 mentione
1052 691 1182 745 primi
1214 694 1310 745 ejus
1342 690 1496 745 capitis
1524 689 1809 744 transigatur.

358 764 529 805 Curant
560 766 701 821 igitur
722 779 801 819 per
823 765 990 820 aliquot
1011 764 1177 812 Patres,
1210 764 1286 819 qui
1310 763 1454 819 gratia
1476 770 1519 803 et
1542 761 1810 803 authoritate

358 838 479 893 apud
502 839 606 878 alios
628 838 847 886 valebant,
871 838 1038 878 caeteris
1060 838 1137 892 qui
1163 837 1275 892 juris
1297 836 1437 877 divini
1473 836 1809 876 declarationem

356 912 652 967 postulabant,
689 910 960 967 persuaderi,
995 916 1042 950 ut
1073 911 1263 966 benigne
1296 910 1458 950 ferrent
1494 910 1569 951 hoc
1602 916 1738 965 caput
1768 909 1811 949 in

357 984 476 1024 aliud
509 991 683 1039 tempus
715 983 941 1031 reservari,
975 999 1073 1023 cum
1105 984 1148 1023 in
1170 999 1215 1024 re
1239 984 1497 1039 gravissima
1518 982 1736 1023 maturius
1757 982 1813 1023 sit

357 1056 703 1098 deliberandum.
768 1057 846 1103 Hi,
871 1063 1072 1112 suscepto
1092 1058 1283 1112 negotio,
1313 1058 1587 1112 comperiunt
1617 1071 1660 1097 se
1695 1056 1814 1096 nullo

357 1138 483 1186 pacto
518 1130 597 1172 hoc
636 1131 692 1171 ab
728 1131 793 1178 iis,
837 1138 880 1171 et
913 1131 1156 1186 praesertim
1194 1130 1408 1187 Hispanis
1443 1146 1567 1186 posse
1602 1130 1812 1177 obtinere,

357 1205 440 1245 nisi
468 1205 659 1245 infamiae
695 1204 877 1245 aliorum
911 1204 1212 1253 Decretorum,
1246 1219 1347 1260 queo
1379 1205 1422 1245 in
1453 1205 1650 1245 Scssione
1685 1211 1814 1245 erunt

359 1277 603 1326 sancienda,
656 1285 807 1333 aperte
848 1280 1137 1334 exprimatur,
1190 1278 1421 1319 articulum
1473 1277 1719 1319 residentiae
1769 1278 1813 1317 111

357 1351 557 1407 proxima
578 1353 780 1407 sequenti
805 1352 1003 1392 Sessione
1026 1351 1255 1392 definitum
1279 1352 1346 1399 iri,
1378 1358 1455 1392 aut
1477 1351 1629 1392 saltem
1651 1350 1814 1406 Legati

356 1426 442 1481 ipsi
476 1441 554 1466 suo
587 1425 896 1481 Chirographo
927 1424 973 1465 id
1006 1425 1067 1465 eis
1101 1431 1265 1465 secreto
1289 1424 1588 1479 polliceantur.
1651 1425 1813 1482 Legati

356 1504 561 1538 neutrum
596 1499 801 1554 probant,
839 1497 954 1554 quod
990 1513 1131 1553 neque
1163 1512 1216 1538 cx
1248 1512 1378 1546 more,
1411 1512 1553 1553 neque
1575 1513 1629 1539 ex
1662 1513 1812 1539 eorum

359 1571 574 1626 dignitate
596 1570 689 1611 haec
711 1570 946 1612 videantur
963 1577 984 1611 :ยน
1019 1571 1166 1611 verbis
1184 1577 1328 1611 tamen
1343 1586 1427 1611 non
1445 1571 1703 1619 diffitentur,
1730 1586 1814 1612 non

358 1650 633 1685 recusaturos
653 1659 710 1691 se,
733 1659 830 1684 cum
852 1643 906 1684 de
929 1650 1196 1685 sacramento
1213 1645 1374 1685 ordinis
1397 1646 1559 1701 agitur,
1582 1646 1815 1701 quominus

357 1725 461 1759 tunc
495 1719 626 1759 ctiam
660 1725 794 1774 caput
825 1717 916 1766 hoc,
956 1725 1167 1773 tanquam
1198 1719 1291 1759 loco
1315 1719 1377 1760 illi
1399 1720 1670 1767 conveniens,
1703 1727 1812 1761 trac-

357 1797 487 1831 tetur.
551 1789 581 1830 J
586 1790 724 1831 ubent
758 1789 898 1845 igitur
930 1797 1185 1831 eaeterorum
1219 1792 1414 1847 capitum
1441 1791 1632 1833 Decreta
1653 1793 1813 1833 exami-

356 1864 501 1904 nanda
530 1864 741 1905 Patribus
776 1863 857 1912 edi,
897 1864 1072 1919 quibus,
1107 1865 1308 1919 prooemii
1334 1865 1440 1913 loco,
1474 1866 1611 1906 verba
1647 1866 1816 1921 aliquot

356 1936 584 1978 manifeste
609 1936 792 1977 Coneilii
818 1936 1185 1978 continuationem
1218 1938 1481 1993 explicantia
1512 1939 1814 1995 proponaban-

358 2017 444 2056 tur,
468 2009 601 2065 idque
624 2024 708 2050 non
731 2016 901 2050 tantum
924 2008 1124 2065 Philippi
1158 2010 1295 2067 Regis
1317 2010 1504 2052 assiduis
1524 2012 1815 2068 petitionibus

359 2081 551 2130 adducti,
568 2081 643 2123 sed
660 2082 777 2138 quod
798 2081 915 2122 idem
934 2081 1063 2123 etiam
1088 2083 1252 2124 crebrae
1277 2084 1545 2125 Sanctissimi
1564 2085 1704 2126 literae
1726 2101 1813 2127 mo-

356 2154 533 2202 nebant,
569 2161 613 2195 et
644 2154 925 2196 mandabant.
990 2154 1112 2196 Inter
1147 2155 1242 2197 haec
1275 2156 1483 2198 Oratores
1521 2158 1681 2200 Gallici
1714 2159 1811 2200 Tri-

357 2228 537 2270 dentum
560 2237 870 2285 pervenerunt.
923 2227 988 2268 Hi
1010 2236 1134 2269 erant
1158 2229 1255 2270 Illmi
1275 2230 1331 2271 D.
1348 2231 1601 2273 Ludovicus
1623 2232 1676 2274 de
1699 2233 1814 2274 Lan-

358 2319 452 2353 sac3
486 2303 543 2344 D.
569 2303 795 2344 Arnaldus
817 2303 1056 2350 Fen-renus,
1082 2303 1327 2345 Praesidens
1355 2305 1399 2346 in
1423 2307 1701 2348 Parlamento
1732 2307 1812 2348 Pa-

357 2377 548 2426 risiensi3
581 2383 624 2418 et
648 2375 796 2417 Guido
818 2376 964 2417 Faber
986 2375 1017 2416 J
1020 2375 1136 2417 udex
1161 2375 1307 2433 Major
1330 2377 1514 2427 Tolosae,
1539 2380 1626 2435 qui,
1650 2395 1748 2421 cum
1770 2381 1814 2421 in

361 2450 583 2506 Synodum
618 2449 811 2491 accersiti
846 2449 1101 2490 Orationem
1136 2465 1277 2491 coram
1306 2452 1512 2493 Patribus
1544 2452 1811 2502 habuissent,

358 2525 581 2579 responsio
604 2529 749 2564 tamen
782 2522 837 2563 ad
869 2537 940 2563 eos
974 2528 1133 2577 praeter
1166 2539 1331 2566 morem
1364 2526 1408 2566 in
1442 2527 1570 2568 aliam
1594 2527 1677 2568 fuit
1698 2527 1811 2569 diem

358 2597 530 2647 delata3
560 2597 605 2637 in
629 2611 759 2637 causa
780 2595 825 2636 id
847 2595 942 2643 fuit,
963 2595 1078 2651 quod
1102 2612 1198 2638 cum
1221 2613 1312 2639 mos
1335 2606 1458 2647 esset,
1479 2606 1528 2641 ut
1550 2601 1812 2656 quicumque

359 2671 597 2711 orationem
621 2670 665 2710 in
690 2668 862 2725 Synodo
884 2675 995 2709 esset
1016 2668 1263 2719 habiturus,
1288 2676 1383 2727 ejus
1406 2679 1533 2714 antea
1560 2676 1811 2730 exemplum

361 2741 591 2783 Thelesino
608 2741 837 2784 secretario
855 2740 1090 2790 exhiberet,
1108 2742 1227 2784 Galli
1244 2744 1449 2787 Oratores
1466 2762 1510 2788 se
1527 2747 1569 2787 in
1589 2763 1637 2788 eo
1651 2755 1812 2804 praeter

931 2830 937 2847 ยน
968 2830 1153 2871 Redeamur,
1174 2834 1244 2864 MS.

1900 1859 1903 1868 ฮน

1899 1876 1903 1893 l

1900 1912 1902 1927 1
