1905 3254
716 291 828 322 sEss.
854 291 881 321 1.
1471 277 1525 318 27

69 395 218 452 lapide
239 397 474 453 diligenter
495 397 713 453 colligere,
732 404 864 453 atque
881 398 925 438 in
941 398 1342 439 commentariolum
1364 398 1525 440 referre

69 471 251 512 solebat.
315 471 419 511 Post
451 471 678 526 generales
712 472 875 512 nemini
907 471 1106 527 suffragii
1128 472 1295 513 ferendi
1322 476 1396 528 jus
1416 478 1524 513 erat.

21 543 27 548 ”
70 545 198 585 Solus
235 544 427 585 Auditor
449 545 590 593 Rotae,
620 545 654 584 si
692 545 865 600 quando
899 560 924 586 a
960 546 1122 601 legatis
1153 546 1369 587 sententia
1400 560 1524 602 roga-

66 618 211 664 batur,
235 617 539 665 consultivum,
563 624 614 659 ut
637 618 777 663 aiunt,
800 625 947 659 votum
972 618 1238 673 proferebat.

123 689 236 730 Haec
267 688 320 730 de
345 689 642 730 Generalibus
672 691 1102 746 congregationibus,
1128 706 1227 746 quae
1259 692 1525 747 urgentibus

63 764 250 819 negotiis
285 778 402 818 saepe
439 763 590 803 eodem
627 763 697 805 die
740 764 1102 819 geminabantur:
1146 764 1341 805 Publicae
1374 764 1525 805 eodem

65 835 213 876 ordine
234 835 529 884 habebantur,
545 835 621 876 scd
643 835 785 877 adeas
807 837 972 877 cunctis
994 837 1184 877 omnium
1203 836 1401 877 ordinum
1422 837 1525 877 viris

63 909 177 949 liber
197 909 381 963 patebat
404 924 612 954 accessus,
630 924 772 965 neque
794 909 838 950 in
859 909 946 950 illis
964 910 1117 951 Patres
1136 910 1375 951 sententias
1397 925 1522 966 roga-

64 982 235 1030 bantur,
259 997 411 1022 verum
434 982 663 1022 audiendis
685 982 925 1037 Theologis
946 983 1203 1028 minoribus
1228 983 1304 1037 qui
1337 998 1390 1025 cx
1422 998 1522 1038 sug-

64 1061 192 1111 gestu
232 1054 286 1095 de
328 1055 523 1095 articulis
566 1055 619 1095 ad
671 1055 880 1111 dogmata
928 1056 1244 1111 spectantibus,
1289 1062 1522 1111 antequam

64 1128 218 1169 Patres
251 1127 304 1169 de
336 1128 420 1168 illis
451 1130 687 1170 sententias
722 1129 929 1177 dicerent,
953 1128 1240 1177 disserebant,
1263 1136 1341 1170 aut
1363 1129 1522 1185 excipi·

64 1199 186 1240 endis
209 1200 472 1241 Oratoribus
492 1201 747 1255 Principum
770 1201 1111 1255 occupabantur.

121 1273 314 1314 Privatae
346 1273 388 1312 in
422 1272 592 1312 aedibus
613 1272 876 1328 legatorum,
900 1279 977 1313 aut
998 1272 1233 1313 eorundem
1254 1277 1381 1328 jussu
1405 1272 1525 1328 apud

63 1353 199 1388 certos
221 1346 376 1386 Patres
392 1361 471 1401 pro
488 1352 734 1401 temporum
750 1346 1114 1402 negotiorumque
1132 1345 1390 1395 conditione,
1407 1361 1523 1387 nunc

63 1420 229 1467 multis,
251 1435 364 1460 nunc
386 1419 537 1475 paucis
559 1419 776 1460 accersitis
799 1420 1084 1476 cogebantur.

120 1492 284 1534 Verum
316 1498 367 1533 ut
399 1492 557 1533 clarius
594 1492 734 1533 adhuc
775 1493 978 1533 omnibus
1000 1493 1169 1548 liqueat
1200 1493 1298 1548 quis
1339 1492 1444 1533 ordo
1480 1493 1523 1533 in

63 1564 357 1621 proponendis
369 1564 732 1620 nominandisque
748 1565 881 1606 rebus
898 1566 941 1605 in
958 1566 1143 1607 sessione
1158 1572 1311 1621 postea
1329 1566 1522 1606 sancien-

65 1638 131 1679 dis
154 1638 448 1687 adhiberetur,
467 1637 577 1678 illud
600 1637 893 1693 adjiciendum
916 1645 993 1687 cst,
1011 1639 1055 1679 in
1072 1639 1522 1695 CongregationibUS,

63 1727 162 1768 quae
186 1718 310 1753 erant
330 1711 467 1752 veluti
492 1712 741 1751 Sessionum
765 1712 993 1766 praeludia,
1016 1712 1104 1752 duo
1127 1713 1404 1767 potissimum
1426 1711 1524 1752 dili-

64 1791 219 1841 genter
240 1785 419 1825 tractari
450 1783 739 1832 consuevisse,
764 1799 949 1839 quorum
987 1785 1172 1825 alterum
1206 1783 1261 1825 ad
1283 1784 1523 1841 Dogmata,

64 1857 250 1898 alterum
285 1857 340 1897 ad
371 1857 743 1897 Rcformationem
779 1856 1047 1912 pertinebat,
1081 1857 1209 1897 sicuti
1245 1857 1289 1897 in
1321 1857 1525 1912 qualibet

66 1930 264 1971 Sessione
287 1929 463 1970 decreta
484 1928 646 1984 partim
669 1927 784 1976 fidei,
807 1929 970 1984 partim
993 1943 1162 1970 morum
1185 1929 1444 1970 edebantur.

122 2002 418 2044 Inchoabatur
451 2008 598 2042 autem
621 2008 670 2041 ut
692 2001 932 2057 plurimum
956 2016 981 2042 a
1002 2002 1134 2043 rebus
1154 2003 1272 2051 fidei,
1295 2004 1339 2043 in
1363 2004 1525 2060 quibus

63 2082 226 2117 certum
263 2083 359 2117 erat
390 2075 479 2116 fere
516 2081 829 2130 argumentum
865 2074 918 2115 dc
955 2089 1042 2130 quo
1078 2075 1379 2117 disserendum
1415 2084 1524 2126 erat,

65 2163 160 2189 cum
194 2149 250 2189 ab
283 2147 461 2189 exordio
499 2147 682 2188 Concilii
716 2146 771 2187 ad
798 2146 890 2187 haec
924 2162 1063 2203 usque
1095 2154 1295 2205 tempora
1325 2156 1524 2190 constans

65 2236 235 2277 semper
275 2227 453 2277 patrum
495 2236 587 2261 mos
628 2221 798 2269 fuisset,
835 2226 885 2260 ut
926 2227 1094 2276 septem
1135 2222 1342 2264 Ecclesiae
1383 2239 1524 2265 sacra-

65 2301 210 2336 menta
230 2294 451 2350 sigillatim
475 2300 863 2350 prosequerentur.
919 2293 1030 2343 Quae
1054 2293 1191 2349 igitur
1211 2297 1399 2337 materia
1419 2296 1523 2338 fidei

65 2372 167 2407 tunc
182 2367 450 2415 occurrebat,
465 2382 490 2407 a
501 2367 670 2423 legatis,
686 2366 884 2407 adhibito
898 2365 1137 2421 peritorum
1154 2366 1321 2422 aliquot
1333 2368 1522 2417 consilio,

64 2439 109 2481 in
142 2441 344 2481 articulos
376 2440 604 2495 quosdam,
638 2454 715 2480 scu
749 2439 1034 2494 problemata,
1057 2438 1358 2488 dividebatur,
1382 2455 1522 2496 caque

66 2513 255 2568 primum
306 2513 543 2569 Theologis
602 2512 846 2553 minoribus
907 2511 1170 2552 excutienda
1219 2512 1521 2555 tradebantur.

67 2583 193 2626 Missi
215 2586 327 2627 enim
352 2585 436 2626 huc
459 2601 484 2626 a
506 2586 684 2626 Summo
701 2585 926 2633 Pontifice,
946 2585 1001 2625 ab
1026 2585 1313 2640 Imperatore,
1330 2599 1355 2625 a
1375 2585 1522 2641 singu-

65 2657 204 2714 lisque
226 2659 426 2715 Regibus
448 2659 694 2714 complures
715 2657 947 2713 Thcologi,
971 2657 1213 2698 virtutibus
1245 2657 1410 2706 eximii,
1432 2658 1523 2700 fue-

65 2738 176 2780 rant,
199 2738 294 2772 tum
318 2732 393 2772 alii
417 2746 591 2787 quoque
613 2731 657 2771 in
682 2730 969 2771 l'raelatorum
1003 2729 1290 2770 contubernio
1312 2744 1366 2770 ex
1390 2731 1523 2772 variis

66 2804 328 2853 nationibus,
364 2819 534 2847 summa
569 2804 814 2846 eruditione
851 2803 1043 2860 praediti,
1080 2803 1165 2844 huc
1207 2803 1522 2851 confluxerant,
