1905 3254
341 285 425 325 454
965 298 1072 329 ssss.
1099 299 1175 328 vu.

345 408 491 465 plicet,
508 408 623 464 quod
638 423 723 448 non
742 408 819 448 fiat
839 407 1001 448 mentio
1023 406 1077 448 de
1095 406 1380 447 Cardinalitia
1397 407 1626 462 dignitate,
1645 421 1740 447 cum
1759 413 1802 447 et

344 480 430 534 ipsi
451 485 684 519 teneantur
704 478 905 519 residere.

407 550 935 606 Papiensis—Placuisset
955 550 1096 606 magis
1117 550 1326 591 declarari
1348 550 1401 590 de
1423 550 1453 591 J
1459 565 1535 590 ure
1549 549 1706 597 divino,
1729 549 1804 590 sed

349 632 452 665 tunc
474 631 704 680 postquam
735 623 854 664 videt
874 624 919 664 id
941 625 1035 665 fieri
1062 639 1147 664 non
1176 638 1301 679 posse
1335 623 1500 678 absque
1531 637 1692 678 magna
1720 622 1803 663 dis-

349 698 554 745 sensione,
577 697 675 738 ideo
697 705 740 738 et
760 698 851 752 ipse
875 697 1131 752 acquiescet.

410 770 938 811 Columbriensis—-Inter
971 770 1113 810 varias
1149 769 1374 825 opiniones
1408 767 1462 807 de
1504 767 1615 808 Jure
1655 766 1805 807 divino

352 843 489 884 fateor
522 858 603 891 me,
627 858 733 898 pace
766 841 1034 883 conscientiae
1069 858 1191 890 meae,
1214 856 1362 882 omnes
1395 841 1624 881 audivisse.
1686 840 1803 880 Nam

352 931 449 956 cum
486 915 553 955 hic
585 916 797 956 articulus
828 914 1018 971 pendeat
1049 915 1104 955 ab
1136 915 1225 963 illo,
1264 916 1337 956 An
1372 914 1597 955 Institutio
1624 913 1806 968 Episco-

350 1003 505 1044 porum
529 989 584 1029 sit
605 989 633 1029 J
639 1003 716 1029 ure
739 988 898 1035 divino,
917 996 960 1029 et
980 989 1054 1029 ille
1075 987 1267 1029 nondum
1290 988 1344 1027 sit
1365 987 1547 1033 decisus,
1570 986 1807 1041 multaeque

351 1069 455 1104 sunt
488 1062 775 1103 authoritates
803 1062 846 1102 in
882 1070 1070 1117 utraque
1106 1068 1244 1116 parte,
1281 1060 1406 1116 Orig.
1440 1059 1482 1099 in
1516 1059 1649 1099 Hom.
1673 1074 1809 1115 supra

352 1137 536 1177 Numer.
574 1151 666 1191 cap.
704 1136 810 1183 xvi„
848 1135 946 1176 ideo
981 1150 1065 1175 non
1103 1135 1237 1176 miror
1279 1135 1433 1175 Patres
1469 1134 1694 1182 fluctuare,
1730 1148 1808 1174 nec

352 1208 509 1249 dubito
548 1207 640 1249 haec
682 1209 821 1248 teneri
862 1208 1106 1263 Episcopos
1146 1208 1257 1248 Jure
1290 1207 1437 1248 divino
1473 1206 1673 1248 residere.
1734 1207 1807 1247 An

354 1296 457 1322 vero
478 1281 685 1337 expediat
706 1281 938 1327 declarare,
967 1280 1119 1321 audivi
1140 1281 1332 1336 Legatos
1354 1280 1546 1321 dicentes
1568 1294 1653 1320 non
1674 1279 1808 1320 fuisse

354 1369 503 1395 eorum
543 1355 782 1402 consilium,
815 1360 864 1394 ut
899 1360 1162 1394 tractaretur
1195 1353 1287 1393 haec
1323 1354 1524 1408 quaestio.
1604 1353 1710 1394 Ideo
1742 1352 1810 1394 his

355 1425 552 1473 concedo,
577 1433 620 1467 et
643 1426 785 1481 placet
807 1426 1046 1467 Decretum
1071 1441 1167 1466 cum
1191 1426 1558 1467 annotationibus.

413 1499 836 1540 Nucerinus-Haec
877 1500 1060 1554 quaestio
1099 1506 1165 1540 est
1197 1514 1315 1540 soror
1351 1515 1557 1555 germana
1596 1500 1714 1540 illius
1754 1499 1808 1540 de

356 1572 638 1614 Institutione
663 1572 992 1628 Episcoporum,
1017 1587 1118 1627 quae
1143 1572 1282 1613 adhuc
1305 1573 1445 1613 calens
1468 1579 1545 1621 est,
1569 1580 1612 1613 et
1634 1587 1808 1622 recens;

354 1645 552 1700 nihilque
573 1644 696 1684 aliud
721 1644 860 1699 quaeri
883 1643 1071 1691 videtur,
1096 1659 1227 1700 quam
1252 1651 1299 1684 ut
1320 1644 1566 1685 declaretur
1593 1645 1623 1686 J
1627 1660 1677 1685 us
1698 1644 1808 1685 divi-

354 1731 473 1764 num,
508 1715 624 1770 quod
659 1721 807 1771 posset
843 1714 1078 1756 dissolvere
1108 1717 1339 1757 veritatem
1375 1723 1533 1757 sanctae
1570 1716 1808 1764 Ecclesiae3

353 1796 625 1844 praestatque
655 1788 801 1844 reipsa
833 1803 991 1829 munus
1021 1796 1218 1829 nostrum
1252 1796 1473 1844 praestare,
1504 1804 1636 1844 quain
1659 1789 1809 1844 dispu-

353 1863 594 1903 tationibus
614 1877 703 1903 rem
727 1861 996 1918 protrahere.

413 1934 934 1990 Famagustanus-Fiat
966 1949 1049 1975 non
1080 1949 1243 1975 novum
1276 1934 1531 1981 Decretum,
1569 1933 1645 1974 sed
1674 1933 1811 1975 decla-

355 2006 466 2046 ratio
507 2006 624 2046 illius
657 2006 785 2046 Pauli
822 2006 897 2046 III
932 2023 939 2046 :
984 2007 1027 2046 in
1063 2005 1252 2046 Casibus
1287 2006 1557 2047 conscientias
1592 2006 1811 2047 habeatur

355 2079 465 2119 ratio
506 2079 841 2134 Episcoporum,
884 2079 961 2134 qui
997 2079 1128 2135 longe
1162 2079 1322 2120 absunt
1363 2094 1387 2119 a
1424 2079 1560 2119 Curia
1599 2078 1810 2127 Romana,

355 2158 487 2207 prout
520 2167 601 2207 ego
633 2167 740 2192 sum.
804 2151 910 2192 Ideo
940 2152 1097 2193 vellem
1138 2152 1234 2193 dari
1269 2152 1523 2193 facultatem
1562 2152 1811 2209 Archiepis-

357 2240 464 2280 copo
503 2225 682 2281 Cyprio,
720 2224 1063 2280 Metropolitano
1096 2240 1205 2273 meo,
1240 2240 1371 2280 quam
1414 2226 1725 2282 amplissimam
1767 2226 1812 2266 in

359 2301 546 2342 Casibus
569 2301 852 2341 conscientiae.

417 2374 880 2415 Conversanus-—cum
903 2374 1258 2414 annotationibus
1280 2374 1475 2414 Patrum.

416 2447 698 2488 sarzanensis
729 2446 814 2487 tria
849 2447 1105 2502 proposuit3
1149 2447 1310 2494 Primo,
1345 2462 1444 2502 quae
1484 2447 1724 2487 necessaria
1759 2445 1814 2487 ad

358 2521 653 2575 pascendum3
686 2522 742 2561 2⁰.
769 2536 822 2562 an
856 2521 1098 2562 remedium
1129 2536 1154 2562 a
1183 2521 1333 2562 multis
1364 2522 1639 2563 decantatum
1663 2537 1814 2563 verum

359 2594 427 2642 sit,
442 2601 486 2634 et
508 2594 684 2634 unicum
701 2611 712 2643 3
745 2593 800 2634 3⁰.
824 2593 877 2635 de
899 2593 1085 2635 decreto.
1135 2594 1290 2644 Quoad
1311 2595 1515 2650 primum,
1533 2595 1812 2651 praesentiam

360 2667 521 2707 domini
554 2667 660 2707 mire
692 2666 922 2722 prodesse3
966 2681 1066 2707 nam
1099 2674 1150 2707 ut
1175 2667 1309 2708 refert
1341 2668 1476 2709 Arist.
1511 2668 1555 2707 in
1585 2668 1810 2708 OEconom.

360 2741 512 2781 oculus
544 2741 707 2781 domini
738 2740 979 2796 impinguit
1011 2755 1184 2795 equam,
1216 2746 1258 2780 et
1290 2741 1464 2781 nullum
1497 2741 1812 2797 sterquilinium

361 2813 539 2854 uberius
560 2829 691 2869 quam
711 2814 900 2868 vestigia
913 2812 1086 2854 domini.
1127 2812 1199 2854 Ad
1214 2814 1281 2861 2¹¹¹,
1297 2813 1375 2868 qui
1393 2827 1477 2854 non
1492 2813 1641 2855 obedit
1662 2813 1810 2854 Eccle-
