1905 3254
718 263 826 295 suss,
854 264 927 293 vu.
1469 246 1544 286 531

85 374 244 410 uantur
266 375 392 409 certae
414 367 633 416 Ecclesiae,
666 383 766 424 quae
788 369 923 409 habet
944 383 1071 409 suum
1094 369 1393 423 Episcopum3
1428 367 1543 408 unde

83 441 222 482 oritur
242 447 496 487 monstrum,
521 447 572 481 ut
593 441 635 480 in
658 456 746 481 uno
768 456 944 496 corpore
967 447 1068 481 sunt
1089 440 1175 481 duo
1208 440 1368 496 capita,
1401 447 1451 481 ut
1481 440 1542 481 ait

83 529 118 554 e.
142 512 260 568 quod
281 513 336 553 de
358 513 463 554 offic.
489 513 642 554 Ordin.

142 586 533 627 Cavensis-Olim
571 586 683 627 bene
716 587 985 632 institutum,
1019 592 1068 626 ut
1094 586 1147 627 de
1169 585 1476 642 promovendis
1497 586 1539 626 iu

83 659 328 715 Episcopos
362 666 609 700 sumeretur
648 659 893 700 informatio
933 660 988 700 ab
1030 660 1178 715 aliquo
1216 659 1454 706 Cardinafi,
1498 666 1541 699 et

83 732 204 773 fieret
242 733 461 774 institutio
500 733 730 774 referenda
768 734 811 773 in
855 732 1133 773 Consistorio.
1201 731 1368 773 Verum
1411 731 1540 772 hodie

84 803 341 846 cardinales
361 821 446 846 non
476 806 716 862 dignantur
747 805 855 847 hanc
887 805 1236 846 informationem
1266 820 1346 860 per
1377 805 1541 860 seipsos

81 892 275 925 sumere:
300 880 426 934 quasi
445 895 529 920 non
548 884 647 935 jure
670 879 819 920 divino
840 879 1095 920 mandatum
1129 879 1185 920 sit
1217 880 1397 920 Summo
1429 879 1539 919 Pon-

83 951 202 999 tifici,
235 958 286 992 ut
319 960 467 1008 paseat
499 960 542 993 et
575 959 726 1009 regat,
763 960 807 993 et
840 952 991 993 eodem
1021 957 1121 1007 jure
1153 951 1406 993 mandatum
1430 952 1539 998 aliis,

82 1022 244 1078 quibus
265 1025 523 1065 commiserit
547 1025 764 1065 Sanctitas
787 1040 878 1065 sua.
942 1024 1108 1065 Verum
1141 1024 1222 1080 ipsi
1254 1023 1362 1064 hane
1390 1039 1539 1064 curam

82 1096 282 1151 praebent
304 1111 383 1136 suo
407 1096 614 1138 Auditori
646 1104 689 1137 et
724 1097 987 1146 Secretario3
1021 1096 1136 1137 unde
1170 1112 1236 1138 res
1270 1096 1313 1135 in
1351 1096 1539 1136 abusum

81 1170 245 1210 transit.
308 1170 477 1211 Vellem
500 1171 650 1226 igitur,
676 1178 723 1211 ut
744 1171 835 1211 haee
867 1172 1019 1211 fierent
1053 1170 1107 1210 ab
1144 1169 1353 1224 ipsismet,
1383 1176 1426 1209 et
1458 1168 1542 1223 ipsi

82 1242 380 1283 examinarent
400 1257 485 1291 θος,
509 1243 639 1283 etiam
663 1250 882 1298 praesente
911 1256 1081 1282 summo
1114 1240 1459 1287 poenitentiario,
1497 1247 1541 1280 et

81 1314 204 1354 fieret
238 1315 392 1355 relatio
424 1315 612 1356 fideliter
647 1330 695 1356 ac
735 1315 983 1371 diligenter,
1027 1321 1070 1355 et
1111 1312 1166 1354 ad
1206 1312 1316 1353 hanc
1357 1313 1538 1352 formam

81 1387 355 1444 redigeretur
375 1390 566 1444 primum
591 1397 737 1444 caput.
800 1389 870 1429 De
905 1387 1144 1429 Seminario
1180 1400 1311 1442 cogor
1342 1392 1540 1441 repetere

83 1475 134 1502 ea
156 1477 256 1518 quae
279 1462 388 1504 alias
412 1463 455 1503 in
475 1462 554 1503 hoe
579 1462 775 1503 Concilio
797 1462 880 1503 sub
914 1461 1051 1503 Paulo
1085 1460 1237 1500 Tertio
1269 1475 1294 1500 a
1325 1474 1393 1500 me
1426 1459 1542 1499 dicta

81 1543 182 1577 sunt
203 1535 257 1577 de
279 1536 525 1592 Religiosis,
557 1550 643 1591 quo
665 1542 861 1591 tempore
884 1549 1029 1575 omncs
1052 1534 1317 1574 transierunt
1338 1533 1379 1573 in
1401 1548 1540 1574 meam

80 1609 352 1659 sententiam,
387 1615 431 1649 et
453 1623 547 1648 eam
571 1607 626 1648 ad
646 1608 807 1648 coelum
830 1607 1107 1655 extulerunt,
1141 1610 1266 1660 cujus
1295 1605 1357 1645 rei
1388 1605 1539 1646 invoco

81 1688 225 1730 testes,
261 1689 304 1722 et
343 1681 620 1723 Cardinalem
660 1681 957 1725 Simonettam,
1000 1687 1043 1720 et
1085 1678 1454 1725 Commissarium,
1498 1685 1541 1719 et

82 1754 385 1803 secretarium,
407 1762 451 1796 et
483 1755 602 1803 alios,
626 1758 701 1794 ut¹
725 1769 751 1794 a
778 1769 844 1794 me
866 1753 958 1793 haec
982 1752 1193 1799 dicantur,
1227 1751 1359 1792 etiam
1393 1752 1537 1792 Gene-

81 1827 214 1868 ralem
249 1827 410 1868 ordinis
442 1829 541 1877 mei,
573 1835 616 1868 et
647 1842 794 1868 omnes
824 1826 941 1873 alios,
976 1831 1026 1865 ut
1059 1824 1124 1864 his
1156 1823 1462 1879 provideatur:
1496 1823 1540 1864 id

82 1907 160 1948 est,
183 1900 301 1956 quod
322 1901 366 1942 in
395 1901 668 1942 monasteriis
698 1900 803 1940 dant
836 1899 996 1954 primos
1028 1897 1191 1953 gradus
1223 1904 1268 1937 et
1303 1896 1440 1937 officia
1474 1895 1540 1937 his

81 1973 157 2028 qui
178 1973 334 2030 legunt
353 1974 549 2030 quotidie
581 1975 808 2021 Doctores,
843 1972 1138 2018 Scholasticos,
1177 1970 1406 2017 Thomam,
1441 1970 1539 2010 Sco-

81 2051 187 2095 tum,
212 2048 476 2104 Gregorium
508 2047 562 2088 de
596 2048 809 2095 Arimino,
843 2046 1102 2092 Durantem,
1135 2051 1178 2085 et
1209 2043 1382 2084 similes.
1447 2042 1540 2083 Alii

82 2131 183 2159 vero
201 2120 280 2174 qui
301 2120 457 2176 legunt
477 2120 736 2176 scripturam
755 2126 858 2160 sunt
879 2118 1104 2159 inferiores
1120 2123 1163 2158 et
1180 2116 1399 2172 juniores:
1423 2114 1537 2155 unde

81 2191 140 2232 nil
161 2192 318 2234 mirum
355 2194 390 2234 si
425 2208 606 2249 egemus
632 2193 711 2241 his,
736 2193 813 2248 qui
847 2193 992 2232 norint
1026 2191 1177 2231 sacras
1213 2190 1398 2238 Literas,
1431 2204 1537 2244 quo-

81 2262 198 2304 niam
218 2265 520 2322 negliguntur.
585 2266 732 2321 Igitur
754 2271 952 2305 mutetur
973 2263 1041 2304 hie
1062 2262 1179 2309 ordo,
1214 2268 1262 2302 ut
1294 2262 1335 2302 in
1373 2275 1538 2301 monas-

83 2336 204 2377 teriis
224 2339 453 2395 praecipua
483 2353 619 2394 opera
653 2339 707 2379 sit
737 2338 847 2378 circa
879 2337 1141 2391 scripturam
1175 2349 1352 2379 sacram,
1383 2332 1538 2374 deinde

83 2407 190 2448 circa
223 2408 510 2452 scholasticos
544 2410 767 2451 Doctores.
831 2409 1002 2450 Vellem
1037 2415 1094 2454 et,
1134 2414 1183 2447 ut
1223 2407 1349 2447 fieret
1389 2405 1538 2461 aliqua

85 2478 263 2522 Summa
296 2482 519 2524 Doctrinae
557 2483 834 2531 Christian-00,
869 2482 985 2522 unde
1017 2495 1164 2521 omnes
1204 2479 1330 2535 pueri
1362 2486 1537 2534 possent

83 2553 258 2596 erudiri.

141 2626 442 2671 Oscensis—in
466 2632 620 2687 primo,
644 2638 694 2672 ut
721 2645 839 2671 more
874 2629 1056 2684 antiquo
1078 2626 1261 2682 singulis
1283 2625 1537 2666 civitatibus

83 2701 242 2759 singuli
277 2705 488 2761 Episcopi
523 2706 861 2760 praeficerentur,
903 2709 947 2743 ct
982 2702 1068 2742 illis
1103 2707 1215 2741 esset
1251 2700 1390 2740 victus
1426 2714 1537 2739 com-

727 2792 732 2809 ¹
760 2793 810 2827 Et,
830 2792 900 2821 MS.

1177 2849 1200 2887 2
1227 2863 1255 2887 ,n
1281 2850 1306 2886 2
