1905 3254
709 323 819 353 sEss.
843 324 901 353 lv.
1444 308 1525 348 133

68 430 315 470 institutum
339 435 573 485 gesserant,
592 428 710 483 quod
728 428 854 469 aliam
873 429 912 469 ei
929 428 1216 476 ostenderant,
1233 429 1362 469 aliam
1380 443 1520 469 coram

69 503 277 544 Patribus
299 509 453 557 postea
475 502 719 551 recitarant,
744 517 930 557 eamque
964 502 1259 543 acerbioribus
1288 509 1423 556 atque
1447 516 1516 542 au-

68 577 310 617 dacioribus
353 576 496 617 verbis
537 575 831 631 compositam,
875 590 1007 630 quam
1051 590 1104 616 ex
1146 575 1258 616 tanti
1300 589 1523 616 consessus

66 658 295 710 majestate
338 653 584 703 videretur3
627 667 766 708 usque
809 652 916 694 adeo
961 659 1011 693 ut
1048 652 1304 693 Niochensis
1346 652 1520 700 dixerit,

68 726 275 767 Oratores
316 740 399 766 non
435 740 526 766 esse
562 725 605 766 in
633 725 819 766 sessione
853 724 1157 766 admittendos.
1233 725 1388 780 Aliqui
1425 740 1520 766 eam

64 798 177 838 inter
199 804 295 838 acta
318 796 502 837 Concilii
533 811 617 836 non
645 795 930 844 inserendam,
965 797 1061 845 nisi,
1086 796 1230 837 verbis
1253 796 1519 852 quibusdam

64 869 280 917 detractis,
324 876 667 925 temperaretur3
712 869 787 909 alii
829 876 977 910 autem
1020 868 1128 909 nihil
1169 869 1340 910 interim
1384 877 1519 911 statu-

65 941 239 987 endum,
264 940 340 982 sed
361 941 506 981 onmia
527 941 651 996 prius
675 948 875 982 accurate
896 949 1152 997 matureque
1176 942 1498 983 consideranda.

121 1014 261 1055 Paulo
283 1020 380 1070 post
404 1013 611 1055 Oratores
637 1014 837 1062 Caesaris,
862 1018 988 1070 cujus
1010 1014 1148 1055 literis
1172 1015 1373 1055 certiores
1397 1015 1519 1063 fiunt,

63 1103 162 1128 eum
197 1103 327 1143 quam
362 1088 549 1128 maxime
573 1087 758 1128 Concilii
791 1087 1155 1128 continuationem
1191 1087 1451 1143 improbare,
1487 1089 1521 1128 si

63 1162 126 1202 ita
147 1160 408 1209 declaretur,
433 1160 637 1201 mandare
660 1161 734 1208 eis,
755 1168 803 1201 ut
826 1161 967 1216 primo
991 1175 1167 1215 quoque
1190 1166 1387 1215 tempore
1409 1177 1520 1217 prai-

63 1235 303 1275 sentatione
326 1249 466 1275 coram
485 1234 657 1290 Synodo
680 1235 804 1282 facta,
828 1233 927 1274 hinc
959 1249 1003 1274 se
1027 1233 1258 1274 abducant.
1313 1234 1518 1276 Oratores

57 1309 180 1364 jussa
204 1307 392 1348 Caesaris
409 1308 593 1364 Legatis
615 1308 834 1348 confestim
858 1313 1096 1362 exponunt.
1161 1306 1248 1347 His
1272 1307 1521 1349 aecedentes

64 1382 226 1424 Gallici
249 1382 456 1423 Oratores
489 1381 679 1436 amplius
713 1382 921 1436 petebant
942 1395 1099 1420 novam
1136 1379 1317 1420 Concilii
1352 1381 1519 1422 indicti-

61 1471 185 1497 onem
209 1455 431 1511 explieari,
454 1455 774 1510 sessionemque
798 1462 842 1496 et
865 1469 1004 1510 usque
1027 1454 1267 1510 prorogari,
1292 1470 1379 1510 quo
1403 1455 1520 1495 Prac-

60 1529 139 1569 lati
171 1543 224 1569 ex
254 1527 416 1576 Gallia,
441 1528 612 1569 interim
644 1528 911 1569 tumultibus
934 1528 1283 1569 Provincialibus
1306 1528 1519 1585 impediti,

61 1601 129 1643 hic
150 1602 316 1657 possint
338 1601 556 1642 interesse.

118 1675 279 1731 Legati
296 1682 362 1716 tot
390 1674 722 1715 difficultatibus
756 1674 969 1729 impliciti,
1003 1689 1303 1728 memoresque
1336 1690 1380 1715 se
1414 1675 1520 1715 alias

62 1761 147 1787 non
169 1747 310 1787 levem
342 1746 482 1786 literis
518 1747 606 1786 suis
638 1745 846 1801 Philippo
870 1746 983 1801 Regi
1018 1746 1349 1802 promulgandae
1386 1747 1521 1804 hujus

62 1816 396 1857 continuationis
430 1831 552 1871 spem
589 1816 771 1864 dedisse,
810 1817 955 1857 statim
991 1818 1071 1857 Sm⁰
1100 1818 1173 1863 Ν.,
1209 1833 1298 1872 qua
1329 1820 1521 1860 maxima

63 1896 248 1945 possunt
278 1889 501 1930 celeritate
534 1890 677 1929 omnia
710 1890 944 1938 nunciant3
979 1890 1195 1945 simulque
1220 1890 1518 1932 Marehionem

62 1961 326 2010 Pesearium,
374 1960 567 2017 ejusdem
610 1961 807 2017 Philippi
853 1962 1096 2009 Oratorem,
1140 1968 1241 2003 tune
1283 1962 1519 2004 Mediolani

62 2034 331 2090 praefectum,
350 2034 488 2074 literis
509 2041 696 2081 monent,
715 2050 921 2090 magnam
946 2034 1040 2074 hinc
1058 2033 1342 2076 dissolvendae
1359 2036 1517 2092 Synodi

62 2108 321 2148 occasionem
359 2106 465 2154 dari,
500 2108 536 2148 si
571 2107 663 2148 haee
708 2107 892 2149 Concilii
934 2108 1202 2148 continuatio
1240 2109 1518 2164 publicetur:

62 2182 169 2222 tanti
192 2181 390 2237 Philippi
413 2181 549 2236 Regis
580 2196 664 2221 non
688 2196 779 2222 esse
802 2181 846 2221 id
867 2180 1090 2228 declarari,
1114 2183 1219 2236 quin
1252 2184 1434 2238 gravius
1465 2184 1520 2224 sit

64 2254 322 2310 periculum,
366 2253 485 2309 quod
527 2253 767 2309 dissipandi
811 2253 1054 2294 Concilium
1104 2255 1303 2296 subitur:
1348 2257 1519 2298 cautius

64 2342 168 2376 esse,
190 2327 268 2369 hoe
290 2328 433 2383 ipsum
457 2327 500 2367 in
522 2327 651 2368 aliam
677 2327 915 2369 Sessioncm
938 2342 1170 2369 reservare.
1225 2328 1518 2385 Quapropter,

64 2416 160 2443 cum
184 2408 361 2458 urgeret
384 2401 525 2442 adhuc
542 2408 584 2442 et
602 2401 686 2442 alia
708 2401 877 2457 legatos
899 2402 1186 2442 controversia
1203 2401 1255 2443 de
1271 2402 1518 2452 residentia,

65 2473 456 2516 animadvertentes
477 2473 534 2522 hi,
567 2489 652 2515 non
684 2489 810 2529 posse
834 2481 922 2515 tam
946 2475 1071 2515 brevi
1095 2475 1246 2530 spatio,
1270 2490 1367 2516 eum
1390 2476 1520 2517 sessio

66 2547 109 2588 in
130 2545 242 2587 diem
264 2548 291 2586 4
314 2547 439 2588 Junii
467 2548 558 2603 jam
595 2546 904 2588 adventantem
938 2547 1097 2588 indicta
1129 2554 1254 2595 esset,
1274 2554 1343 2589 tot
1367 2550 1521 2604 gravia

67 2625 346 2674 contortaque
382 2620 560 2675 negotia
595 2620 818 2675 explicari,
860 2620 1127 2661 commodius
1166 2635 1257 2661 esse
1300 2627 1518 2670 statuunt,

67 2690 236 2733 decreta
258 2692 310 2733 de
334 2692 652 2740 reformatione,
677 2709 776 2748 quae
800 2693 843 2733 in
866 2693 1072 2748 praesenti
1095 2693 1280 2733 sessione
1302 2693 1520 2734 sciscenda

69 2771 201 2812 erant,
235 2766 277 2805 in
311 2766 588 2820 posteriorem
623 2766 823 2806 diist-rre:
858 2766 937 2806 hoc
972 2766 1198 2806 intervallo
1232 2773 1377 2807 autem
1413 2767 1518 2823 dog-

69 2842 185 2877 mata
212 2845 311 2879 sunt
344 2838 652 2894 aggredienda,
679 2846 727 2879 ut
751 2839 895 2880 cadem
936 2845 1085 2893 postea
1119 2839 1304 2880 sessione
1336 2846 1423 2880 tam
1460 2855 1519 2881 rc-
