1905 3254
369 298 451 337 592
982 312 1093 342 sassa.
1122 313 1216 341 ΠΗ,

369 421 471 476 Ipse
494 421 637 461 noluit
661 420 715 461 ad
738 420 940 461 ultimum
963 427 1111 476 caput,
1135 420 1213 460 ubi
1236 420 1455 475 agebatur
1468 419 1521 460 de
1537 420 1818 476 impedimen-

367 495 423 535 tis
440 509 464 534 a
477 494 761 535 saecularibus
773 493 988 542 tollendis,
1003 494 1236 549 quicquam
1246 492 1521 548 respondere,
1532 508 1585 534 ne
1595 493 1821 535 videretur

366 567 587 622 reliquum
610 569 703 623 ejus
726 566 898 623 Capitis
919 567 1121 622 probare,
1145 581 1240 606 cum
1263 565 1372 606 nihil
1390 566 1552 606 diceret
1573 581 1617 606 se
1639 566 1682 606 in
1703 581 1820 606 man-

367 639 480 680 datis
503 655 527 680 a
549 640 674 696 Rege
696 655 774 681 suo
796 640 849 680 de
872 655 922 681 eo
942 639 1116 681 habere.
1182 639 1302 679 Galli
1323 638 1368 679 id
1404 654 1578 694 quoque
1614 646 1747 694 caput
1777 640 1821 680 in

366 712 497 753 aliam
541 712 782 754 Sessionem
825 713 984 753 deferri
1024 712 1319 767 postulabant,
1363 711 1481 766 quod
1520 711 1562 751 in
1597 726 1647 751 eo
1682 711 1823 752 multa

367 787 703 835 continerentur,
727 786 781 827 de
804 787 967 842 quibus
988 785 1097 825 nihil
1118 786 1373 826 nominatim
1396 786 1440 825 in
1462 785 1676 826 mandatis
1691 785 1821 826 habe-

367 859 488 907 bant,
512 866 555 900 et
576 860 796 915 praecipue
815 860 925 900 circa
939 860 1246 901 alienationem
1270 867 1311 900 ct
1333 861 1654 901 restitutionem
1677 875 1821 901 rerum

366 931 589 972 Ecclesiae.

425 1003 511 1044 Die
533 1005 577 1044 xi
602 1005 794 1060 Augusti
818 1005 927 1044 1563
947 1012 1189 1060 sequuntur
1218 1005 1593 1062 Congregationes
1628 1014 1672 1048 et
1708 1006 1822 1048 Vota

367 1076 552 1116 Patrum
590 1076 643 1116 de
680 1084 948 1118 sacramento
982 1077 1252 1118 Matrimonii
1288 1093 1365 1133 per
1401 1079 1562 1119 multos
1595 1086 1822 1134 sequentes

365 1148 471 1190 dies.

425 1223 511 1263 Die
526 1224 580 1264 28
594 1224 804 1279 Augusti.
862 1224 977 1264 Cum
1000 1224 1190 1265 Articuli
1209 1225 1563 1266 reformationum
1584 1225 1748 1266 redacti
1770 1225 1825 1266 ad

365 1311 598 1337 numerum
623 1296 676 1336 36
705 1301 797 1352 jam
822 1298 1032 1338 Patribus
1066 1297 1174 1338 editi
1206 1305 1360 1346 essent,
1384 1303 1565 1354 jamque
1603 1299 1822 1340 accederet

366 1368 458 1408 dies
479 1383 551 1409 eos
577 1369 622 1408 in
646 1368 817 1424 Synodo
841 1369 1129 1425 proponendi,
1153 1369 1293 1410 multa
1313 1370 1486 1410 interim
1507 1371 1550 1410 in
1570 1370 1621 1411 iis
1653 1378 1825 1412 mutata

368 1441 779 1498 accommodataque
801 1450 903 1483 sunt
926 1458 978 1483 ex
1001 1442 1185 1498 privatis
1201 1457 1286 1483 non
1309 1443 1450 1483 solum
1473 1443 1725 1492 Oratorum,
1749 1443 1824 1484 sed

367 1516 497 1556 etiam
520 1516 757 1556 multorum
783 1516 981 1563 Patrum,
1010 1516 1263 1564 sententiis,
1297 1516 1528 1571 siquidem,
1557 1524 1608 1558 ut
1642 1517 1822 1558 brevius

366 1587 523 1628 deinde
545 1588 589 1627 in
614 1587 1046 1643 Congregationibus
1067 1588 1351 1643 generalibus
1373 1589 1601 1629 sententiae
1625 1590 1822 1630 absolve-

365 1667 526 1708 rentur,
549 1654 807 1702 curaveraiit
835 1661 1019 1701 Praelati
1051 1661 1220 1716 aliquot
1251 1661 1445 1702 diversas
1482 1662 1656 1703 Classes
1694 1662 1823 1704 simul

365 1733 567 1789 colligere
585 1734 889 1782 Praelatorum,
905 1749 958 1774 ex
976 1735 1141 1790 quibus
1157 1734 1475 1775 sciscitarentur
1488 1749 1636 1775 eorum
1647 1734 1822 1790 judicia.

367 1807 568 1848 Alteram
591 1807 770 1848 classem
792 1807 950 1848 habuit
980 1807 1228 1848 Cardinalis
1261 1807 1574 1865 Lotharingius
1605 1823 1703 1849 cum
1735 1823 1822 1848 om-

364 1880 494 1920 nibus
517 1879 671 1927 Gallis,
694 1881 847 1921 multis
870 1880 1086 1936 Hispanis
1119 1886 1162 1921 et
1193 1880 1635 1936 Portugalliensibus.
1698 1879 1821 1920 Alte-

364 1969 457 1994 ram
487 1953 697 2009 ArchiepS
726 1952 1039 2009 Hydruntinus
1072 1968 1125 1994 ex
1149 1953 1298 1994 multis
1335 1953 1488 2003 Italis3
1522 1954 1702 1994 alteram
1736 1953 1820 1994 Ta-

365 2027 558 2067 rentinus
571 2043 582 2076 3
615 2032 658 2066 et
696 2026 876 2067 alteram
918 2026 1176 2067 Parmensis,
1241 2026 1438 2081 Quisque
1478 2026 1634 2068 deinde
1674 2041 1822 2067 eorum

367 2099 669 2140 annotationes
692 2098 854 2139 Classis
876 2113 965 2139 suae
1001 2098 1238 2154 descriptas
1261 2098 1316 2139 ad
1338 2099 1531 2155 Legatos
1565 2099 1741 2149 detulit,
1778 2107 1822 2141 et

365 2173 506 2220 exiis,
532 2172 650 2228 quod
670 2173 834 2213 bonum
872 2179 1005 2228 atque
1033 2171 1263 2212 honestum
1294 2172 1434 2213 visum
1468 2179 1545 2221 est,
1567 2180 1822 2229 excerptum

366 2246 466 2293 fuit,
491 2253 626 2300 atque
654 2245 697 2284 in
733 2244 919 2285 decretis
951 2244 1334 2285 accommodatum.
1397 2245 1563 2286 Verum
1594 2245 1699 2286 dum
1734 2246 1822 2287 haec

369 2325 585 2375 aguntur,
617 2325 667 2358 ut
689 2317 832 2358 omnia
862 2317 1041 2357 brevius
1063 2317 1363 2365 absolvantur,
1386 2332 1447 2365 ac,
1470 2317 1505 2357 si
1539 2317 1632 2358 fieri
1664 2323 1820 2373 potest,

369 2391 579 2431 Sessionis
598 2391 876 2446 praestitutus
892 2389 983 2430 dies
1005 2396 1321 2437 antevertatur,
1341 2404 1450 2436 ecce,
1473 2390 1690 2446 incipiunt
1713 2390 1821 2431 Ora-

370 2471 484 2505 tores
504 2463 593 2504 fere
616 2477 763 2503 omnes
786 2477 1048 2518 repugnare,
1070 2477 1123 2502 ne
1148 2461 1298 2516 Caput
1320 2462 1524 2503 ultimum
1555 2462 1608 2503 de
1639 2462 1819 2519 impedi-

366 2536 524 2576 mentis
564 2535 838 2575 saecularium
886 2541 1170 2590 proponatur.
1251 2534 1457 2590 Urgebat
1508 2533 1554 2574 id
1598 2535 1820 2589 praecipue

369 2609 529 2649 Orator
550 2608 753 2664 Philippi
774 2607 924 2664 Regis,
948 2608 1025 2663 qui
1045 2622 1123 2648 nec
1139 2622 1332 2662 unquam
1356 2622 1490 2662 super
1513 2622 1563 2648 eo
1586 2608 1820 2663 quiequam
1876 2662 1878 2666 y

369 2688 578 2722 annotare
616 2681 827 2728 voluerat,
871 2696 967 2722 cum
1015 2687 1161 2722 tamen
1202 2679 1255 2720 de
1297 2680 1392 2720 aliis
1424 2680 1646 2734 capitibus
1682 2679 1821 2720 multa

367 2754 536 2810 prolixe
572 2752 868 2803 exhibuisset,
903 2754 1050 2795 aiebat
1082 2754 1195 2794 enim
1218 2753 1331 2793 nolle
1353 2768 1396 2793 se
1420 2753 1658 2808 quicquam
1690 2765 1820 2808 super

369 2841 419 2867 eo
440 2826 716 2882 respondere,
738 2842 792 2868 ne
809 2828 1037 2867 materiam
1059 2826 1179 2867 illam
1194 2827 1382 2881 probare
1400 2826 1633 2867 videretur.
1696 2826 1816 2867 Idem
