<?xml version="1.0" encoding="UTF-8"?>
<!DOCTYPE html PUBLIC "-//W3C//DTD XHTML 1.0 Transitional//EN"
    "http://www.w3.org/TR/xhtml1/DTD/xhtml1-transitional.dtd">
<html xmlns="http://www.w3.org/1999/xhtml" xml:lang="en" lang="en">
 <head>
  <title>
</title>
<meta http-equiv="Content-Type" content="text/html;charset=utf-8" />
  <meta name='ocr-system' content='tesseract 3.04.00' />
  <meta name='ocr-capabilities' content='ocr_page ocr_carea ocr_par ocr_line ocrx_word'/>
</head>
<body>
  <div class='ocr_page' id='page_1' title='image "actaconciliitrid00paleuoft_0568.png"; bbox 0 0 1905 3254; ppageno 0'>
   <div class='ocr_carea' id='block_1_1' title="bbox 325 275 1166 325">
    <p class='ocr_par' dir='ltr' id='par_1_1' title="bbox 325 275 1166 325">
     <span class='ocr_line' id='line_1_1' title="bbox 325 275 1166 325; baseline 0.013 -12"><span class='ocrx_word' id='word_1_1' title='bbox 325 275 409 314; x_wconf 71' lang='lat'>408</span> <span class='ocrx_word' id='word_1_2' title='bbox 953 293 1062 322; x_wconf 75' lang='lat' dir='ltr'>sEss.</span> <span class='ocrx_word' id='word_1_3' title='bbox 1089 294 1166 325; x_wconf 73' lang='lat' dir='ltr'>vu.</span> 
     </span>
    </p>
   </div>
   <div class='ocr_carea' id='block_1_2' title="bbox 322 396 1780 1112">
    <p class='ocr_par' dir='ltr' id='par_1_2' title="bbox 322 396 1780 1112">
     <span class='ocr_line' id='line_1_2' title="bbox 330 396 1780 456; baseline 0.005 -19"><span class='ocrx_word' id='word_1_4' title='bbox 330 396 584 438; x_wconf 71' lang='lat' dir='ltr'>cardinales</span> <span class='ocrx_word' id='word_1_5' title='bbox 601 398 670 439; x_wconf 90' lang='lat' dir='ltr'>die</span> <span class='ocrx_word' id='word_1_6' title='bbox 691 400 801 439; x_wconf 89' lang='lat' dir='ltr'>festo</span> <span class='ocrx_word' id='word_1_7' title='bbox 818 398 1084 454; x_wconf 70' lang='lat' dir='ltr'>Epiphaniae</span> <span class='ocrx_word' id='word_1_8' title='bbox 1107 415 1132 440; x_wconf 90' lang='lat' dir='ltr'>a</span> <span class='ocrx_word' id='word_1_9' title='bbox 1153 399 1275 456; x_wconf 88' lang='lat' dir='ltr'>Papa</span> <span class='ocrx_word' id='word_1_10' title='bbox 1291 406 1454 442; x_wconf 83' lang='lat' dir='ltr'>creatos</span> <span class='ocrx_word' id='word_1_11' title='bbox 1475 402 1621 450; x_wconf 87' lang='lat' dir='ltr'>fuisse,</span> <span class='ocrx_word' id='word_1_12' title='bbox 1643 402 1680 443; x_wconf 88' lang='lat' dir='ltr'>F</span> <span class='ocrx_word' id='word_1_13' title='bbox 1684 402 1780 443; x_wconf 84' lang='lat' dir='ltr'>ode-</span> 
     </span>
     <span class='ocr_line' id='line_1_3' title="bbox 326 471 1778 528; baseline 0.003 -18"><span class='ocrx_word' id='word_1_14' title='bbox 326 471 459 511; x_wconf 88' lang='lat' dir='ltr'>ricum</span> <span class='ocrx_word' id='word_1_15' title='bbox 500 472 769 528; x_wconf 83' lang='lat' dir='ltr'>Gonzagam,</span> <span class='ocrx_word' id='word_1_16' title='bbox 800 479 1001 527; x_wconf 88' lang='lat' dir='ltr'>nepotem</span> <span class='ocrx_word' id='word_1_17' title='bbox 1031 473 1277 522; x_wconf 85' lang='lat' dir='ltr'>Mantuani,</span> <span class='ocrx_word' id='word_1_18' title='bbox 1313 481 1355 516; x_wconf 90' lang='lat' dir='ltr'>et</span> <span class='ocrx_word' id='word_1_19' title='bbox 1385 474 1442 516; x_wconf 90' lang='lat' dir='ltr'>D.</span> <span class='ocrx_word' id='word_1_20' title='bbox 1477 475 1778 524; x_wconf 87' lang='lat' dir='ltr'>Hernandum,</span> 
     </span>
     <span class='ocr_line' id='line_1_4' title="bbox 325 542 1777 588; baseline 0.004 -6"><span class='ocrx_word' id='word_1_21' title='bbox 325 542 464 582; x_wconf 86' lang='lat' dir='ltr'>filium</span> <span class='ocrx_word' id='word_1_22' title='bbox 501 542 641 584; x_wconf 90' lang='lat' dir='ltr'>Ducis</span> <span class='ocrx_word' id='word_1_23' title='bbox 676 544 922 585; x_wconf 73' lang='lat' dir='ltr'>Florentiae.</span> <span class='ocrx_word' id='word_1_24' title='bbox 986 545 1097 586; x_wconf 82' lang='lat' dir='ltr'>Haec</span> <span class='ocrx_word' id='word_1_25' title='bbox 1130 561 1197 586; x_wconf 86' lang='lat' dir='ltr'>res</span> <span class='ocrx_word' id='word_1_26' title='bbox 1226 546 1354 587; x_wconf 77' lang='lat' dir='ltr'>valde</span> <span class='ocrx_word' id='word_1_27' title='bbox 1388 547 1550 588; x_wconf 87' lang='lat' dir='ltr'>animos</span> <span class='ocrx_word' id='word_1_28' title='bbox 1585 547 1777 588; x_wconf 87' lang='lat' dir='ltr'>omnium</span> 
     </span>
     <span class='ocr_line' id='line_1_5' title="bbox 325 616 1780 675; baseline 0.003 -19"><span class='ocrx_word' id='word_1_29' title='bbox 325 616 615 672; x_wconf 76' lang='lat' dir='ltr'>perturbavit.</span> <span class='ocrx_word' id='word_1_30' title='bbox 666 617 796 663; x_wconf 84' lang='lat' dir='ltr'>Nam,</span> <span class='ocrx_word' id='word_1_31' title='bbox 821 617 1038 673; x_wconf 79' lang='lat' dir='ltr'>pendente</span> <span class='ocrx_word' id='word_1_32' title='bbox 1062 618 1269 667; x_wconf 89' lang='lat' dir='ltr'>Concilio,</span> <span class='ocrx_word' id='word_1_33' title='bbox 1292 620 1335 659; x_wconf 90' lang='lat' dir='ltr'>in</span> <span class='ocrx_word' id='word_1_34' title='bbox 1359 634 1444 675; x_wconf 91' lang='lat' dir='ltr'>quo</span> <span class='ocrx_word' id='word_1_35' title='bbox 1466 619 1519 660; x_wconf 88' lang='lat' dir='ltr'>de</span> <span class='ocrx_word' id='word_1_36' title='bbox 1541 619 1780 660; x_wconf 85' lang='lat' dir='ltr'>ordinanda</span> 
     </span>
     <span class='ocr_line' id='line_1_6' title="bbox 324 689 1777 746; baseline 0.003 -17"><span class='ocrx_word' id='word_1_37' title='bbox 324 689 523 730; x_wconf 74' lang='lat' dir='ltr'>Ecclesia</span> <span class='ocrx_word' id='word_1_38' title='bbox 545 690 739 745; x_wconf 80' lang='lat' dir='ltr'>quotidie</span> <span class='ocrx_word' id='word_1_39' title='bbox 757 691 879 731; x_wconf 62' lang='lat' dir='ltr'>tanta</span> <span class='ocrx_word' id='word_1_40' title='bbox 901 691 1136 731; x_wconf 77' lang='lat' dir='ltr'>severitate</span> <span class='ocrx_word' id='word_1_41' title='bbox 1154 691 1312 746; x_wconf 88' lang='lat' dir='ltr'>agitur,</span> <span class='ocrx_word' id='word_1_42' title='bbox 1336 707 1462 732; x_wconf 86' lang='lat' dir='ltr'>nemo</span> <span class='ocrx_word' id='word_1_43' title='bbox 1476 693 1777 740; x_wconf 77' lang='lat' dir='ltr'>existimasset,</span> 
     </span>
     <span class='ocr_line' id='line_1_7' title="bbox 323 762 1780 819; baseline 0.002 -18"><span class='ocrx_word' id='word_1_44' title='bbox 323 762 443 802; x_wconf 64' lang='lat' dir='ltr'>null-21</span> <span class='ocrx_word' id='word_1_45' title='bbox 474 763 729 804; x_wconf 76' lang='lat' dir='ltr'>necessitate</span> <span class='ocrx_word' id='word_1_46' title='bbox 765 771 961 819; x_wconf 86' lang='lat' dir='ltr'>urgente,</span> <span class='ocrx_word' id='word_1_47' title='bbox 1003 763 1113 803; x_wconf 88' lang='lat' dir='ltr'>duos</span> <span class='ocrx_word' id='word_1_48' title='bbox 1147 763 1399 804; x_wconf 84' lang='lat' dir='ltr'>Cardinales</span> <span class='ocrx_word' id='word_1_49' title='bbox 1448 779 1632 819; x_wconf 88' lang='lat' dir='ltr'>quorum</span> <span class='ocrx_word' id='word_1_50' title='bbox 1668 764 1780 804; x_wconf 84' lang='lat' dir='ltr'>alter</span> 
     </span>
     <span class='ocr_line' id='line_1_8' title="bbox 324 837 1777 893; baseline 0.002 -18"><span class='ocrx_word' id='word_1_51' title='bbox 324 842 454 876; x_wconf 48' lang='lat' dir='ltr'>aetate</span> <span class='ocrx_word' id='word_1_52' title='bbox 478 851 684 876; x_wconf 83' lang='lat' dir='ltr'>annorum</span> <span class='ocrx_word' id='word_1_53' title='bbox 710 837 774 884; x_wconf 81' lang='lat'>18,</span> <span class='ocrx_word' id='word_1_54' title='bbox 798 837 908 877; x_wconf 89' lang='lat' dir='ltr'>alter</span> <span class='ocrx_word' id='word_1_55' title='bbox 924 837 977 876; x_wconf 81' lang='lat' dir='ltr'>xi.</span> <span class='ocrx_word' id='word_1_56' title='bbox 1005 844 1131 885; x_wconf 88' lang='lat' dir='ltr'>esset,</span> <span class='ocrx_word' id='word_1_57' title='bbox 1151 837 1257 893; x_wconf 88' lang='lat' dir='ltr'>eligi</span> <span class='ocrx_word' id='word_1_58' title='bbox 1271 838 1443 878; x_wconf 86' lang='lat' dir='ltr'>debere.</span> <span class='ocrx_word' id='word_1_59' title='bbox 1499 838 1587 887; x_wconf 83' lang='lat' dir='ltr'>Qui</span> <span class='ocrx_word' id='word_1_60' title='bbox 1610 839 1777 893; x_wconf 81' lang='lat' dir='ltr'>Papam</span> 
     </span>
     <span class='ocr_line' id='line_1_9' title="bbox 323 910 1778 964; baseline 0.002 -15"><span class='ocrx_word' id='word_1_61' title='bbox 323 910 564 949; x_wconf 78' lang='lat' dir='ltr'>tuebantur</span> <span class='ocrx_word' id='word_1_62' title='bbox 592 910 779 956; x_wconf 77' lang='lat' dir='ltr'>aiebant,</span> <span class='ocrx_word' id='word_1_63' title='bbox 812 924 911 950; x_wconf 92' lang='lat' dir='ltr'>eum</span> <span class='ocrx_word' id='word_1_64' title='bbox 943 925 1027 949; x_wconf 92' lang='lat' dir='ltr'>non</span> <span class='ocrx_word' id='word_1_65' title='bbox 1064 910 1205 949; x_wconf 89' lang='lat' dir='ltr'>solum</span> <span class='ocrx_word' id='word_1_66' title='bbox 1238 910 1438 964; x_wconf 86' lang='lat' dir='ltr'>exemplo</span> <span class='ocrx_word' id='word_1_67' title='bbox 1471 911 1599 951; x_wconf 86' lang='lat' dir='ltr'>Pauli</span> <span class='ocrx_word' id='word_1_68' title='bbox 1621 912 1711 952; x_wconf 88' lang='lat' dir='ltr'><strong>III.</strong></span> <span class='ocrx_word' id='word_1_69' title='bbox 1735 918 1778 952; x_wconf 82' lang='lat' dir='ltr'>et</span> 
     </span>
     <span class='ocr_line' id='line_1_10' title="bbox 322 981 1777 1039; baseline 0.001 -16"><span class='ocrx_word' id='word_1_70' title='bbox 322 982 435 1023; x_wconf 83' lang='lat' dir='ltr'>Julii</span> <span class='ocrx_word' id='word_1_71' title='bbox 470 982 559 1023; x_wconf 87' lang='lat' dir='ltr'><strong>III.</strong></span> <span class='ocrx_word' id='word_1_72' title='bbox 594 982 799 1030; x_wconf 74' lang='lat' dir='ltr'>voluisse,</span> <span class='ocrx_word' id='word_1_73' title='bbox 833 981 1053 1037; x_wconf 81' lang='lat' dir='ltr'>pendente</span> <span class='ocrx_word' id='word_1_74' title='bbox 1081 982 1286 1029; x_wconf 77' lang='lat' dir='ltr'>Concilio,</span> <span class='ocrx_word' id='word_1_75' title='bbox 1321 982 1576 1023; x_wconf 85' lang='lat' dir='ltr'>Cardinales</span> <span class='ocrx_word' id='word_1_76' title='bbox 1608 999 1777 1039; x_wconf 89' lang='lat' dir='ltr'>promo-</span> 
     </span>
     <span class='ocr_line' id='line_1_11' title="bbox 323 1055 1775 1112; baseline 0.002 -16"><span class='ocrx_word' id='word_1_77' title='bbox 323 1071 440 1104; x_wconf 82' lang='lat' dir='ltr'>vere,</span> <span class='ocrx_word' id='word_1_78' title='bbox 473 1071 527 1096; x_wconf 88' lang='lat' dir='ltr'>ne</span> <span class='ocrx_word' id='word_1_79' title='bbox 564 1055 792 1096; x_wconf 82' lang='lat' dir='ltr'>Pontificia</span> <span class='ocrx_word' id='word_1_80' title='bbox 828 1062 1020 1110; x_wconf 79' lang='lat' dir='ltr'>potestas</span> <span class='ocrx_word' id='word_1_81' title='bbox 1057 1055 1250 1096; x_wconf 83' lang='lat' dir='ltr'>Concilio</span> <span class='ocrx_word' id='word_1_82' title='bbox 1291 1057 1489 1112; x_wconf 82' lang='lat' dir='ltr'>subjecta</span> <span class='ocrx_word' id='word_1_83' title='bbox 1524 1056 1775 1108; x_wconf 82' lang='lat' dir='ltr'>videretur3</span> 
     </span>
    </p>
   </div>
   <div class='ocr_carea' id='block_1_3' title="bbox 322 1128 1787 1180">
    <p class='ocr_par' dir='ltr' id='par_1_3' title="bbox 322 1128 1787 1180">
     <span class='ocr_line' id='line_1_12' title="bbox 322 1128 1787 1180; baseline 0.001 -10"><span class='ocrx_word' id='word_1_84' title='bbox 322 1144 474 1170; x_wconf 85' lang='lat' dir='ltr'>verum</span> <span class='ocrx_word' id='word_1_85' title='bbox 508 1129 639 1170; x_wconf 87' lang='lat' dir='ltr'>etiam</span> <span class='ocrx_word' id='word_1_86' title='bbox 668 1136 718 1169; x_wconf 89' lang='lat' dir='ltr'>ut</span> <span class='ocrx_word' id='word_1_87' title='bbox 749 1128 921 1169; x_wconf 83' lang='lat' dir='ltr'>Ducem</span> <span class='ocrx_word' id='word_1_88' title='bbox 954 1128 1259 1170; x_wconf 85' lang='lat' dir='ltr'>Florentinum</span> <span class='ocrx_word' id='word_1_89' title='bbox 1290 1144 1475 1171; x_wconf 80' lang='lat' dir='ltr'>moerore</span> <span class='ocrx_word' id='word_1_90' title='bbox 1508 1130 1787 1180; x_wconf 75' lang='lat' dir='ltr'>sublevaret,&#39;</span> 
     </span>
    </p>
   </div>
   <div class='ocr_carea' id='block_1_4' title="bbox 305 1202 1777 2874">
    <p class='ocr_par' dir='ltr' id='par_1_4' title="bbox 309 1202 1777 2354">
     <span class='ocr_line' id='line_1_13' title="bbox 321 1202 1777 1258; baseline 0.002 -16"><span class='ocrx_word' id='word_1_91' title='bbox 321 1203 391 1243; x_wconf 91' lang='lat' dir='ltr'>cui</span> <span class='ocrx_word' id='word_1_92' title='bbox 412 1217 554 1258; x_wconf 87' lang='lat' dir='ltr'>nuper</span> <span class='ocrx_word' id='word_1_93' title='bbox 576 1203 654 1243; x_wconf 89' lang='lat' dir='ltr'>filii</span> <span class='ocrx_word' id='word_1_94' title='bbox 677 1202 777 1250; x_wconf 86' lang='lat' dir='ltr'>duo,</span> <span class='ocrx_word' id='word_1_95' title='bbox 802 1202 997 1257; x_wconf 83' lang='lat' dir='ltr'>alterque</span> <span class='ocrx_word' id='word_1_96' title='bbox 1020 1217 1073 1242; x_wconf 89' lang='lat' dir='ltr'>ex</span> <span class='ocrx_word' id='word_1_97' title='bbox 1094 1202 1147 1242; x_wconf 89' lang='lat' dir='ltr'>iis</span> <span class='ocrx_word' id='word_1_98' title='bbox 1170 1202 1428 1249; x_wconf 84' lang='lat' dir='ltr'>Cardinalis,</span> <span class='ocrx_word' id='word_1_99' title='bbox 1452 1209 1496 1243; x_wconf 87' lang='lat' dir='ltr'>et</span> <span class='ocrx_word' id='word_1_100' title='bbox 1517 1203 1645 1243; x_wconf 82' lang='lat' dir='ltr'>simul</span> <span class='ocrx_word' id='word_1_101' title='bbox 1667 1219 1777 1245; x_wconf 84' lang='lat' dir='ltr'>uxor</span> 
     </span>
     <span class='ocr_line' id='line_1_14' title="bbox 321 1275 1776 1332; baseline 0.003 -17"><span class='ocrx_word' id='word_1_102' title='bbox 321 1280 418 1331; x_wconf 84' lang='lat' dir='ltr'>ejus</span> <span class='ocrx_word' id='word_1_103' title='bbox 449 1275 649 1324; x_wconf 87' lang='lat' dir='ltr'>Ducissa,</span> <span class='ocrx_word' id='word_1_104' title='bbox 683 1275 900 1316; x_wconf 82' lang='lat' dir='ltr'>obiissent.</span> <span class='ocrx_word' id='word_1_105' title='bbox 965 1275 1064 1316; x_wconf 86' lang='lat' dir='ltr'>Hac</span> <span class='ocrx_word' id='word_1_106' title='bbox 1085 1276 1304 1316; x_wconf 79' lang='lat' dir='ltr'>occasione</span> <span class='ocrx_word' id='word_1_107' title='bbox 1336 1282 1381 1316; x_wconf 91' lang='lat' dir='ltr'>et</span> <span class='ocrx_word' id='word_1_108' title='bbox 1409 1276 1663 1332; x_wconf 86' lang='lat' dir='ltr'>Gonzagam</span> <span class='ocrx_word' id='word_1_109' title='bbox 1687 1278 1776 1319; x_wconf 87' lang='lat' dir='ltr'>adi-</span> 
     </span>
     <span class='ocr_line' id='line_1_15' title="bbox 320 1348 1777 1405; baseline 0.002 -17"><span class='ocrx_word' id='word_1_110' title='bbox 320 1355 416 1389; x_wconf 86' lang='lat' dir='ltr'>tum</span> <span class='ocrx_word' id='word_1_111' title='bbox 445 1349 489 1389; x_wconf 92' lang='lat' dir='ltr'>in</span> <span class='ocrx_word' id='word_1_112' title='bbox 526 1349 714 1405; x_wconf 80' lang='lat' dir='ltr'>gratiam</span> <span class='ocrx_word' id='word_1_113' title='bbox 753 1348 999 1389; x_wconf 82' lang='lat' dir='ltr'>Cardinalis</span> <span class='ocrx_word' id='word_1_114' title='bbox 1033 1348 1285 1396; x_wconf 88' lang='lat' dir='ltr'>Mantuani,</span> <span class='ocrx_word' id='word_1_115' title='bbox 1319 1349 1395 1404; x_wconf 89' lang='lat' dir='ltr'>qui</span> <span class='ocrx_word' id='word_1_116' title='bbox 1428 1364 1523 1389; x_wconf 88' lang='lat' dir='ltr'>cum</span> <span class='ocrx_word' id='word_1_117' title='bbox 1553 1351 1777 1392; x_wconf 84' lang='lat' dir='ltr'>veteribus</span> 
     </span>
     <span class='ocr_line' id='line_1_16' title="bbox 319 1422 1776 1479; baseline 0.001 -15"><span class='ocrx_word' id='word_1_118' title='bbox 319 1422 546 1465; x_wconf 82' lang='lat' dir='ltr'>calumniis</span> <span class='ocrx_word' id='word_1_119' title='bbox 586 1423 922 1469; x_wconf 81' lang='lat' dir='ltr'>circumventus,</span> <span class='ocrx_word' id='word_1_120' title='bbox 971 1422 1200 1462; x_wconf 86' lang='lat' dir='ltr'>abdicandi</span> <span class='ocrx_word' id='word_1_121' title='bbox 1243 1438 1286 1463; x_wconf 88' lang='lat' dir='ltr'>se</span> <span class='ocrx_word' id='word_1_122' title='bbox 1328 1423 1384 1463; x_wconf 86' lang='lat' dir='ltr'>ab</span> <span class='ocrx_word' id='word_1_123' title='bbox 1424 1422 1504 1463; x_wconf 85' lang='lat' dir='ltr'>hoe</span> <span class='ocrx_word' id='word_1_124' title='bbox 1544 1423 1776 1479; x_wconf 83' lang='lat' dir='ltr'>legationis</span> 
     </span>
     <span class='ocr_line' id='line_1_17' title="bbox 318 1493 1773 1550; baseline 0.002 -15"><span class='ocrx_word' id='word_1_125' title='bbox 318 1510 496 1535; x_wconf 81' lang='lat' dir='ltr'>munere</span> <span class='ocrx_word' id='word_1_126' title='bbox 526 1494 747 1536; x_wconf 87' lang='lat' dir='ltr'>interdum</span> <span class='ocrx_word' id='word_1_127' title='bbox 783 1495 866 1535; x_wconf 87' lang='lat' dir='ltr'>sibi</span> <span class='ocrx_word' id='word_1_128' title='bbox 895 1494 1146 1535; x_wconf 82' lang='lat' dir='ltr'>facultatem</span> <span class='ocrx_word' id='word_1_129' title='bbox 1178 1493 1272 1534; x_wconf 87' lang='lat' dir='ltr'>dari</span> <span class='ocrx_word' id='word_1_130' title='bbox 1304 1494 1560 1550; x_wconf 82' lang='lat' dir='ltr'>postularet,</span> <span class='ocrx_word' id='word_1_131' title='bbox 1586 1497 1773 1538; x_wconf 82' lang='lat' dir='ltr'>voluisse</span> 
     </span>
     <span class='ocr_line' id='line_1_18' title="bbox 316 1567 1774 1625; baseline 0.002 -17"><span class='ocrx_word' id='word_1_132' title='bbox 316 1584 430 1609; x_wconf 85' lang='lat' dir='ltr'>nuuc</span> <span class='ocrx_word' id='word_1_133' title='bbox 471 1569 665 1624; x_wconf 75' lang='lat' dir='ltr'>Papam3</span> <span class='ocrx_word' id='word_1_134' title='bbox 717 1575 761 1609; x_wconf 89' lang='lat' dir='ltr'>et</span> <span class='ocrx_word' id='word_1_135' title='bbox 801 1568 836 1608; x_wconf 94' lang='lat' dir='ltr'>si</span> <span class='ocrx_word' id='word_1_136' title='bbox 871 1567 1065 1608; x_wconf 87' lang='lat' dir='ltr'>nonnihil</span> <span class='ocrx_word' id='word_1_137' title='bbox 1102 1568 1208 1608; x_wconf 87' lang='lat' dir='ltr'>alias</span> <span class='ocrx_word' id='word_1_138' title='bbox 1240 1567 1292 1608; x_wconf 89' lang='lat' dir='ltr'>de</span> <span class='ocrx_word' id='word_1_139' title='bbox 1329 1583 1378 1608; x_wconf 91' lang='lat' dir='ltr'>eo</span> <span class='ocrx_word' id='word_1_140' title='bbox 1410 1569 1621 1625; x_wconf 88' lang='lat' dir='ltr'>suspicari</span> <span class='ocrx_word' id='word_1_141' title='bbox 1657 1572 1774 1611; x_wconf 88' lang='lat' dir='ltr'>visus</span> 
     </span>
     <span class='ocr_line' id='line_1_19' title="bbox 317 1640 1772 1698; baseline 0.001 -16"><span class='ocrx_word' id='word_1_142' title='bbox 317 1642 474 1688; x_wconf 85' lang='lat' dir='ltr'>fuerat,</span> <span class='ocrx_word' id='word_1_143' title='bbox 515 1657 628 1681; x_wconf 88' lang='lat' dir='ltr'>nune</span> <span class='ocrx_word' id='word_1_144' title='bbox 669 1647 827 1685; x_wconf 83' lang='lat' dir='ltr'>tamen,</span> <span class='ocrx_word' id='word_1_145' title='bbox 866 1655 911 1680; x_wconf 88' lang='lat' dir='ltr'>re</span> <span class='ocrx_word' id='word_1_146' title='bbox 954 1640 1113 1681; x_wconf 86' lang='lat' dir='ltr'>certius</span> <span class='ocrx_word' id='word_1_147' title='bbox 1155 1648 1392 1696; x_wconf 84' lang='lat' dir='ltr'>comperta,</span> <span class='ocrx_word' id='word_1_148' title='bbox 1437 1641 1516 1682; x_wconf 89' lang='lat' dir='ltr'>hac</span> <span class='ocrx_word' id='word_1_149' title='bbox 1556 1642 1772 1698; x_wconf 84' lang='lat' dir='ltr'>dignitate</span> 
     </span>
     <span class='ocr_line' id='line_1_20' title="bbox 317 1712 1772 1768; baseline 0.001 -14"><span class='ocrx_word' id='word_1_150' title='bbox 317 1713 483 1754; x_wconf 85' lang='lat' dir='ltr'>dudum</span> <span class='ocrx_word' id='word_1_151' title='bbox 508 1714 562 1753; x_wconf 88' lang='lat' dir='ltr'>ab</span> <span class='ocrx_word' id='word_1_152' title='bbox 585 1729 634 1754; x_wconf 89' lang='lat' dir='ltr'>eo</span> <span class='ocrx_word' id='word_1_153' title='bbox 665 1713 813 1768; x_wconf 85' lang='lat' dir='ltr'>nepoti</span> <span class='ocrx_word' id='word_1_154' title='bbox 845 1727 922 1753; x_wconf 89' lang='lat' dir='ltr'>suo</span> <span class='ocrx_word' id='word_1_155' title='bbox 953 1712 1162 1768; x_wconf 82' lang='lat' dir='ltr'>expetita,</span> <span class='ocrx_word' id='word_1_156' title='bbox 1194 1712 1314 1753; x_wconf 89' lang='lat' dir='ltr'>illius</span> <span class='ocrx_word' id='word_1_157' title='bbox 1346 1714 1538 1754; x_wconf 90' lang='lat' dir='ltr'>animum</span> <span class='ocrx_word' id='word_1_158' title='bbox 1563 1714 1772 1756; x_wconf 86' lang='lat' dir='ltr'>adversus</span> 
     </span>
     <span class='ocr_line' id='line_1_21' title="bbox 314 1785 1770 1841; baseline 0.001 -15"><span class='ocrx_word' id='word_1_159' title='bbox 314 1787 462 1826; x_wconf 82' lang='lat' dir='ltr'>inanes</span> <span class='ocrx_word' id='word_1_160' title='bbox 484 1786 670 1834; x_wconf 79' lang='lat' dir='ltr'>voculas,</span> <span class='ocrx_word' id='word_1_161' title='bbox 689 1785 984 1841; x_wconf 81' lang='lat' dir='ltr'>vulgaresque</span> <span class='ocrx_word' id='word_1_162' title='bbox 1005 1800 1202 1826; x_wconf 87' lang='lat' dir='ltr'>rumores</span> <span class='ocrx_word' id='word_1_163' title='bbox 1223 1786 1403 1826; x_wconf 90' lang='lat' dir='ltr'>munire.</span> <span class='ocrx_word' id='word_1_164' title='bbox 1439 1785 1526 1827; x_wconf 87' lang='lat' dir='ltr'>Sed</span> <span class='ocrx_word' id='word_1_165' title='bbox 1546 1794 1589 1827; x_wconf 88' lang='lat' dir='ltr'>et</span> <span class='ocrx_word' id='word_1_166' title='bbox 1611 1787 1770 1829; x_wconf 88' lang='lat' dir='ltr'>eisdem</span> 
     </span>
     <span class='ocr_line' id='line_1_22' title="bbox 314 1859 1770 1915; baseline 0.001 -15"><span class='ocrx_word' id='word_1_167' title='bbox 314 1860 451 1900; x_wconf 88' lang='lat' dir='ltr'>literis</span> <span class='ocrx_word' id='word_1_168' title='bbox 492 1860 812 1915; x_wconf 87' lang='lat' dir='ltr'>proferebatur,</span> <span class='ocrx_word' id='word_1_169' title='bbox 854 1860 1081 1900; x_wconf 86' lang='lat' dir='ltr'>nonnullos</span> <span class='ocrx_word' id='word_1_170' title='bbox 1123 1860 1178 1900; x_wconf 88' lang='lat' dir='ltr'>ad</span> <span class='ocrx_word' id='word_1_171' title='bbox 1224 1859 1510 1901; x_wconf 87' lang='lat' dir='ltr'>Cathedrales</span> <span class='ocrx_word' id='word_1_172' title='bbox 1550 1861 1770 1902; x_wconf 86' lang='lat' dir='ltr'>Ecclesias</span> 
     </span>
     <span class='ocr_line' id='line_1_23' title="bbox 315 1932 1765 1988; baseline 0.002 -15"><span class='ocrx_word' id='word_1_173' title='bbox 315 1933 496 1973; x_wconf 89' lang='lat' dir='ltr'>adscitos</span> <span class='ocrx_word' id='word_1_174' title='bbox 515 1933 662 1980; x_wconf 86' lang='lat' dir='ltr'>fuisse,</span> <span class='ocrx_word' id='word_1_175' title='bbox 686 1933 764 1988; x_wconf 87' lang='lat' dir='ltr'>qui</span> <span class='ocrx_word' id='word_1_176' title='bbox 785 1947 871 1973; x_wconf 91' lang='lat' dir='ltr'>non</span> <span class='ocrx_word' id='word_1_177' title='bbox 903 1939 1028 1973; x_wconf 84' lang='lat' dir='ltr'>erant</span> <span class='ocrx_word' id='word_1_178' title='bbox 1058 1932 1101 1973; x_wconf 90' lang='lat' dir='ltr'>in</span> <span class='ocrx_word' id='word_1_179' title='bbox 1133 1934 1272 1981; x_wconf 91' lang='lat' dir='ltr'>sacris,</span> <span class='ocrx_word' id='word_1_180' title='bbox 1298 1934 1404 1974; x_wconf 87' lang='lat' dir='ltr'>alios</span> <span class='ocrx_word' id='word_1_181' title='bbox 1424 1949 1509 1975; x_wconf 89' lang='lat' dir='ltr'>non</span> <span class='ocrx_word' id='word_1_182' title='bbox 1531 1935 1765 1976; x_wconf 83' lang='lat' dir='ltr'>Doctores:</span> 
     </span>
     <span class='ocr_line' id='line_1_24' title="bbox 313 2006 1768 2065; baseline 0.003 -19"><span class='ocrx_word' id='word_1_183' title='bbox 313 2021 538 2062; x_wconf 81' lang='lat' dir='ltr'>regressus</span> <span class='ocrx_word' id='word_1_184' title='bbox 559 2006 689 2047; x_wconf 88' lang='lat' dir='ltr'>etiam</span> <span class='ocrx_word' id='word_1_185' title='bbox 711 2012 966 2055; x_wconf 77' lang='lat' dir='ltr'>reservatos,</span> <span class='ocrx_word' id='word_1_186' title='bbox 989 2013 1032 2047; x_wconf 88' lang='lat' dir='ltr'>et</span> <span class='ocrx_word' id='word_1_187' title='bbox 1052 2007 1320 2062; x_wconf 80' lang='lat' dir='ltr'>gravissimis</span> <span class='ocrx_word' id='word_1_188' title='bbox 1341 2008 1623 2063; x_wconf 85' lang='lat' dir='ltr'>pensionibus</span> <span class='ocrx_word' id='word_1_189' title='bbox 1640 2024 1768 2065; x_wconf 86' lang='lat' dir='ltr'>quas-</span> 
     </span>
     <span class='ocr_line' id='line_1_25' title="bbox 313 2080 1765 2139; baseline 0.003 -19"><span class='ocrx_word' id='word_1_190' title='bbox 313 2080 413 2121; x_wconf 85' lang='lat' dir='ltr'>dam</span> <span class='ocrx_word' id='word_1_191' title='bbox 453 2080 674 2121; x_wconf 86' lang='lat' dir='ltr'>Ecclesias</span> <span class='ocrx_word' id='word_1_192' title='bbox 711 2086 921 2128; x_wconf 80' lang='lat' dir='ltr'>oneratas,</span> <span class='ocrx_word' id='word_1_193' title='bbox 955 2095 1068 2135; x_wconf 74' lang='lat' dir='ltr'>quae,</span> <span class='ocrx_word' id='word_1_194' title='bbox 1101 2096 1197 2121; x_wconf 87' lang='lat' dir='ltr'>cum</span> <span class='ocrx_word' id='word_1_195' title='bbox 1235 2081 1442 2122; x_wconf 81' lang='lat' dir='ltr'>adversus</span> <span class='ocrx_word' id='word_1_196' title='bbox 1477 2081 1650 2124; x_wconf 86' lang='lat' dir='ltr'>decreta</span> <span class='ocrx_word' id='word_1_197' title='bbox 1674 2088 1765 2139; x_wconf 87' lang='lat' dir='ltr'>jam</span> 
     </span>
     <span class='ocr_line' id='line_1_26' title="bbox 313 2154 1767 2213; baseline 0.003 -18"><span class='ocrx_word' id='word_1_198' title='bbox 313 2155 477 2195; x_wconf 87' lang='lat' dir='ltr'>sancita</span> <span class='ocrx_word' id='word_1_199' title='bbox 498 2161 649 2201; x_wconf 87' lang='lat' dir='ltr'>essent,</span> <span class='ocrx_word' id='word_1_200' title='bbox 673 2160 749 2194; x_wconf 91' lang='lat' dir='ltr'>aut</span> <span class='ocrx_word' id='word_1_201' title='bbox 771 2168 870 2208; x_wconf 76' lang='lat' dir='ltr'>quae</span> <span class='ocrx_word' id='word_1_202' title='bbox 892 2168 1005 2193; x_wconf 89' lang='lat' dir='ltr'>nunc</span> <span class='ocrx_word' id='word_1_203' title='bbox 1027 2154 1181 2194; x_wconf 87' lang='lat' dir='ltr'>sanciri</span> <span class='ocrx_word' id='word_1_204' title='bbox 1203 2156 1397 2210; x_wconf 89' lang='lat' dir='ltr'>quotidie</span> <span class='ocrx_word' id='word_1_205' title='bbox 1420 2171 1445 2196; x_wconf 87' lang='lat' dir='ltr'>a</span> <span class='ocrx_word' id='word_1_206' title='bbox 1467 2157 1627 2198; x_wconf 89' lang='lat' dir='ltr'>Pribus</span> <span class='ocrx_word' id='word_1_207' title='bbox 1647 2164 1767 2213; x_wconf 88' lang='lat' dir='ltr'>pete-</span> 
     </span>
     <span class='ocr_line' id='line_1_27' title="bbox 311 2225 1765 2285; baseline 0.005 -19"><span class='ocrx_word' id='word_1_208' title='bbox 311 2226 486 2275; x_wconf 89' lang='lat' dir='ltr'>bantur,</span> <span class='ocrx_word' id='word_1_209' title='bbox 509 2226 766 2268; x_wconf 85' lang='lat' dir='ltr'>fremebant.</span> <span class='ocrx_word' id='word_1_210' title='bbox 802 2225 965 2266; x_wconf 88' lang='lat' dir='ltr'>Idcirco</span> <span class='ocrx_word' id='word_1_211' title='bbox 982 2226 1122 2274; x_wconf 86' lang='lat' dir='ltr'>multi,</span> <span class='ocrx_word' id='word_1_212' title='bbox 1143 2225 1329 2282; x_wconf 89' lang='lat' dir='ltr'>hincque</span> <span class='ocrx_word' id='word_1_213' title='bbox 1351 2243 1401 2269; x_wconf 87' lang='lat' dir='ltr'>eo</span> <span class='ocrx_word' id='word_1_214' title='bbox 1415 2229 1568 2285; x_wconf 88' lang='lat' dir='ltr'>magis,</span> <span class='ocrx_word' id='word_1_215' title='bbox 1585 2230 1765 2273; x_wconf 68' lang='lat' dir='ltr'>Pati-um</span> 
     </span>
     <span class='ocr_line' id='line_1_28' title="bbox 309 2299 1188 2354; baseline -0.001 -13"><span class='ocrx_word' id='word_1_216' title='bbox 309 2301 472 2341; x_wconf 84' lang='lat' dir='ltr'>animos</span> <span class='ocrx_word' id='word_1_217' title='bbox 491 2300 741 2341; x_wconf 83' lang='lat' dir='ltr'>exacerbari</span> <span class='ocrx_word' id='word_1_218' title='bbox 761 2314 886 2354; x_wconf 86' lang='lat' dir='ltr'>posse</span> <span class='ocrx_word' id='word_1_219' title='bbox 908 2299 1188 2340; x_wconf 85' lang='lat' dir='ltr'>verebantur.</span> 
     </span>
    </p>

    <p class='ocr_par' dir='ltr' id='par_1_5' title="bbox 305 2371 1764 2874">
     <span class='ocr_line' id='line_1_29' title="bbox 367 2371 1764 2432; baseline 0.002 -19"><span class='ocrx_word' id='word_1_220' title='bbox 367 2372 486 2413; x_wconf 94' lang='lat' dir='ltr'>Tum</span> <span class='ocrx_word' id='word_1_221' title='bbox 510 2372 719 2413; x_wconf 86' lang='lat' dir='ltr'>Oratores</span> <span class='ocrx_word' id='word_1_222' title='bbox 742 2371 935 2412; x_wconf 81' lang='lat' dir='ltr'>Caesarei</span> <span class='ocrx_word' id='word_1_223' title='bbox 956 2372 1216 2413; x_wconf 75' lang='lat' dir='ltr'>conveniunt</span> <span class='ocrx_word' id='word_1_224' title='bbox 1239 2372 1444 2429; x_wconf 84' lang='lat' dir='ltr'>Legatos,</span> <span class='ocrx_word' id='word_1_225' title='bbox 1469 2390 1515 2415; x_wconf 87' lang='lat' dir='ltr'>ac</span> <span class='ocrx_word' id='word_1_226' title='bbox 1536 2375 1579 2415; x_wconf 92' lang='lat' dir='ltr'>in</span> <span class='ocrx_word' id='word_1_227' title='bbox 1611 2376 1764 2432; x_wconf 88' lang='lat' dir='ltr'>primis</span> 
     </span>
     <span class='ocr_line' id='line_1_30' title="bbox 312 2445 1761 2506; baseline 0.004 -20"><span class='ocrx_word' id='word_1_228' title='bbox 312 2446 544 2486; x_wconf 88' lang='lat' dir='ltr'>Gallorum</span> <span class='ocrx_word' id='word_1_229' title='bbox 594 2445 821 2501; x_wconf 86' lang='lat' dir='ltr'>postulata</span> <span class='ocrx_word' id='word_1_230' title='bbox 862 2445 944 2485; x_wconf 88' lang='lat' dir='ltr'>sibi</span> <span class='ocrx_word' id='word_1_231' title='bbox 985 2445 1268 2486; x_wconf 87' lang='lat' dir='ltr'>vehementer</span> <span class='ocrx_word' id='word_1_232' title='bbox 1308 2448 1486 2501; x_wconf 88' lang='lat' dir='ltr'>probari</span> <span class='ocrx_word' id='word_1_233' title='bbox 1528 2449 1761 2506; x_wconf 90' lang='lat' dir='ltr'>inquiunt;</span> 
     </span>
     <span class='ocr_line' id='line_1_31' title="bbox 308 2518 1762 2578; baseline 0.005 -20"><span class='ocrx_word' id='word_1_234' title='bbox 308 2534 409 2573; x_wconf 78' lang='lat' dir='ltr'>quae</span> <span class='ocrx_word' id='word_1_235' title='bbox 445 2534 541 2559; x_wconf 91' lang='lat' dir='ltr'>cum</span> <span class='ocrx_word' id='word_1_236' title='bbox 579 2519 669 2559; x_wconf 89' lang='lat' dir='ltr'>suis</span> <span class='ocrx_word' id='word_1_237' title='bbox 706 2518 839 2559; x_wconf 88' lang='lat' dir='ltr'>etiam</span> <span class='ocrx_word' id='word_1_238' title='bbox 877 2518 1119 2574; x_wconf 89' lang='lat' dir='ltr'>plurimum</span> <span class='ocrx_word' id='word_1_239' title='bbox 1154 2520 1444 2561; x_wconf 85' lang='lat' dir='ltr'>conveniunt:</span> <span class='ocrx_word' id='word_1_240' title='bbox 1478 2529 1685 2578; x_wconf 87' lang='lat' dir='ltr'>expetere</span> <span class='ocrx_word' id='word_1_241' title='bbox 1717 2538 1762 2564; x_wconf 85' lang='lat' dir='ltr'>se</span> 
     </span>
     <span class='ocr_line' id='line_1_32' title="bbox 308 2591 1760 2653; baseline 0.006 -22"><span class='ocrx_word' id='word_1_242' title='bbox 308 2607 423 2637; x_wconf 80' lang='lat' dir='ltr'>vero,</span> <span class='ocrx_word' id='word_1_243' title='bbox 448 2599 498 2633; x_wconf 89' lang='lat' dir='ltr'>ut</span> <span class='ocrx_word' id='word_1_244' title='bbox 533 2592 586 2632; x_wconf 90' lang='lat' dir='ltr'>de</span> <span class='ocrx_word' id='word_1_245' title='bbox 624 2592 822 2647; x_wconf 89' lang='lat' dir='ltr'>utrisque</span> <span class='ocrx_word' id='word_1_246' title='bbox 856 2607 880 2632; x_wconf 88' lang='lat' dir='ltr'>a</span> <span class='ocrx_word' id='word_1_247' title='bbox 915 2591 1138 2640; x_wconf 85' lang='lat' dir='ltr'>Patribus,</span> <span class='ocrx_word' id='word_1_248' title='bbox 1176 2593 1318 2648; x_wconf 86' lang='lat' dir='ltr'>primo</span> <span class='ocrx_word' id='word_1_249' title='bbox 1352 2609 1530 2652; x_wconf 91' lang='lat' dir='ltr'>quoque</span> <span class='ocrx_word' id='word_1_250' title='bbox 1567 2603 1760 2653; x_wconf 88' lang='lat' dir='ltr'>tempore</span> 
     </span>
     <span class='ocr_line' id='line_1_33' title="bbox 305 2664 1760 2722; baseline 0.006 -17"><span class='ocrx_word' id='word_1_251' title='bbox 305 2664 586 2714; x_wconf 88' lang='lat' dir='ltr'>deliberetur,</span> <span class='ocrx_word' id='word_1_252' title='bbox 624 2672 756 2721; x_wconf 89' lang='lat' dir='ltr'>atque</span> <span class='ocrx_word' id='word_1_253' title='bbox 788 2667 1030 2722; x_wconf 83' lang='lat' dir='ltr'>prolixitati</span> <span class='ocrx_word' id='word_1_254' title='bbox 1062 2667 1195 2707; x_wconf 90' lang='lat' dir='ltr'>Prum</span> <span class='ocrx_word' id='word_1_255' title='bbox 1232 2668 1275 2708; x_wconf 91' lang='lat' dir='ltr'>in</span> <span class='ocrx_word' id='word_1_256' title='bbox 1307 2669 1498 2712; x_wconf 86' lang='lat' dir='ltr'>dicendis</span> <span class='ocrx_word' id='word_1_257' title='bbox 1533 2673 1760 2715; x_wconf 83' lang='lat' dir='ltr'>sententiis</span> 
     </span>
     <span class='ocr_line' id='line_1_34' title="bbox 306 2738 1758 2794; baseline 0.008 -18"><span class='ocrx_word' id='word_1_258' title='bbox 306 2738 458 2778; x_wconf 84' lang='lat' dir='ltr'>modus</span> <span class='ocrx_word' id='word_1_259' title='bbox 488 2739 809 2794; x_wconf 79' lang='lat' dir='ltr'>praescribatur.</span> <span class='ocrx_word' id='word_1_260' title='bbox 883 2739 1015 2787; x_wconf 86' lang='lat' dir='ltr'>Tum,</span> <span class='ocrx_word' id='word_1_261' title='bbox 1049 2746 1099 2780; x_wconf 90' lang='lat' dir='ltr'>ut</span> <span class='ocrx_word' id='word_1_262' title='bbox 1135 2739 1188 2780; x_wconf 89' lang='lat' dir='ltr'>de</span> <span class='ocrx_word' id='word_1_263' title='bbox 1221 2743 1521 2785; x_wconf 85' lang='lat' dir='ltr'>constituenda</span> <span class='ocrx_word' id='word_1_264' title='bbox 1553 2745 1758 2787; x_wconf 77' lang='lat' dir='ltr'>Ecclesiae</span> 
     </span>
     <span class='ocr_line' id='line_1_35' title="bbox 305 2809 1757 2874; baseline 0.008 -24"><span class='ocrx_word' id='word_1_265' title='bbox 305 2809 531 2866; x_wconf 86' lang='lat' dir='ltr'>disciplina</span> <span class='ocrx_word' id='word_1_266' title='bbox 560 2812 728 2867; x_wconf 86' lang='lat' dir='ltr'>insigne</span> <span class='ocrx_word' id='word_1_267' title='bbox 752 2811 917 2868; x_wconf 89' lang='lat' dir='ltr'>aliquid</span> <span class='ocrx_word' id='word_1_268' title='bbox 950 2827 974 2853; x_wconf 87' lang='lat' dir='ltr'>a</span> <span class='ocrx_word' id='word_1_269' title='bbox 1005 2812 1189 2870; x_wconf 84' lang='lat' dir='ltr'>Legatis</span> <span class='ocrx_word' id='word_1_270' title='bbox 1223 2814 1267 2855; x_wconf 92' lang='lat' dir='ltr'>in</span> <span class='ocrx_word' id='word_1_271' title='bbox 1299 2815 1443 2858; x_wconf 88' lang='lat' dir='ltr'>lucem</span> <span class='ocrx_word' id='word_1_272' title='bbox 1480 2818 1757 2874; x_wconf 63' lang='lat' dir='ltr'>proferatur,</span> 
     </span>
    </p>
   </div>
  </div>
 </body>
</html>
