1905 3254
1850 91 1856 121 l

1851 125 1856 170 !

1852 202 1857 259 l

373 274 458 313 412
1015 288 1126 318 snss.
1154 287 1231 317 vu.
1853 269 1858 293 ⁴

1855 348 1859 385 ἐ

375 397 475 443 rint,
505 395 753 452 legitimum
776 409 954 451 quoque
975 394 1354 450 impedimentum,
1379 409 1456 435 seu
1475 395 1618 450 justas
1640 401 1683 436 et
1704 395 1828 436 ratio-
1855 390 1860 440 ἶ

376 469 544 509 nabiles
566 484 716 509 causas
738 468 943 508 absentiae
967 468 1126 508 Sancta
1148 467 1347 523 Synodus
1369 482 1460 508 esse
1481 467 1686 509 declarat.
1857 507 1860 523 ζ

437 545 482 586 Si
506 545 603 600 quis
635 560 659 585 a
692 545 778 585 Β1110
815 545 940 599 Papa
962 550 1157 593 vocatus,
1180 543 1298 599 quod
1318 551 1464 584 tamen
1485 559 1537 585 ex
1561 544 1688 600 gravi
1709 543 1830 584 dum·
1857 533 1861 564 ¹

378 624 502 659 taxat
517 624 714 666 causa,et
728 633 827 673 quae
842 622 937 673 ejus
954 618 1230 673 praesentiam
1248 632 1294 658 ac
1310 617 1572 658 industriam
1590 618 1690 672 [non
1702 617 1832 672 longo

379 691 620 746 tempore‘]
647 692 845 745 requirat
872 691 1087 731 facturum
1110 689 1297 737 confidit,
1327 690 1538 745 quamdiu
1574 689 1699 746 apud
1735 704 1832 730 eum
1860 672 1866 745 i

378 765 524 812 fuerit,
543 772 619 805 aut
637 779 898 819 quocunque
912 765 955 804 in
971 764 1076 811 loco,
1095 779 1171 805 seu
1190 778 1368 803 munere
1384 764 1600 804 Sanctitas
1615 778 1694 803 sua
1707 777 1755 803 eo
1771 762 1834 803 uti
1860 751 1867 808 ‘‚

380 837 584 884 voluerit,
613 837 740 877 modo
767 838 862 893 ipse
891 837 1156 878 vocationem
1184 836 1292 876 hanc
1317 851 1402 876 non
1426 836 1753 891 procuraverit:
1789 836 1835 876 Si
1862 818 1868 876 l

380 911 490 967 quis,
507 910 668 966 Synodi
681 926 811 951 causa
827 910 1055 951 Generalis
1069 909 1137 950 vel
1147 909 1433 950 Provincialis
1446 909 1655 950 abfuerit:
1679 909 1726 949 Si
1738 909 1836 964 quis
1863 882 1868 946 l
1899 927 1901 930 ¹

378 984 505 1039 gravi
533 982 794 1039 aegritudine
817 989 939 1023 extra
960 981 1176 1022 Dioccsim
1198 988 1423 1036 correptus
1456 995 1671 1022 accessum
1706 996 1833 1021 suum
1864 958 1870 1022 l
1899 1015 1905 1019 .

379 1057 595 1112 tantisper
616 1055 788 1097 differre
809 1056 865 1097 sit
884 1062 1067 1103 coactus,
1096 1062 1172 1095 aut
1192 1054 1386 1095 Dioccsis
1415 1055 1592 1110 propria
1613 1055 1669 1095 ab
1689 1053 1837 1095 hostili
1865 1031 1872 1103 l
1899 1059 1905 1094 1

380 1130 618 1178 invasione,
643 1136 721 1170 aut
744 1135 882 1185 peste,
907 1128 1047 1169 aliove
1071 1128 1195 1184 gravi
1217 1128 1367 1168 morbo
1387 1128 1630 1175 infestetur,
1646 1127 1751 1168 dum
1772 1134 1835 1169 ta·
1866 1113 1871 1157 l
1900 1137 1905 1167 1

381 1218 481 1244 men
497 1203 670 1243 interim
688 1217 742 1243 ex
760 1201 957 1242 absentia
973 1217 1052 1242 sua
1066 1216 1166 1242 oves
1178 1216 1262 1241 non
1278 1202 1604 1257 periclitenturt
1637 1201 1683 1242 Si
1701 1200 1837 1256 Impris
1900 1214 1905 1239 ⁴:

381 1282 461 1316 aut
475 1274 764 1329 Reipublicae,
780 1275 849 1315 cui
862 1275 1085 1329 subjectus
1098 1281 1175 1322 est,
1187 1275 1405 1315 occasione
1421 1274 1580 1329 aliqua,
1595 1289 1679 1314 non
1692 1280 1838 1315 tamen
1874 1308 1875 1311 ,
1900 1295 1902 1299 ·

384 1346 771 1387 administrationis
806 1346 1102 1402 suscipiendae,
1137 1354 1214 1388 aut
1245 1347 1437 1387 muneris
1468 1347 1653 1402 alicujus
1675 1346 1840 1402 publici
1870 1347 1905 1395 ,r

383 1419 601 1475 privative
641 1419 748 1459 alibi
782 1419 1013 1460 exercendi
1054 1435 1195 1469 causa,
1239 1421 1294 1461 ab
1327 1421 1434 1461 Ecca
1469 1427 1750 1461 amoveatur:
1794 1420 1840 1461 Si
1870 1400 1901 1459 ζ’,

385 1493 536 1534 similis
567 1492 650 1533 alia
683 1493 792 1533 ratio
824 1492 940 1533 idem
973 1494 1183 1549 postulet,
1219 1509 1320 1549 quae
1348 1501 1492 1534 tamen
1518 1501 1616 1534 ante
1639 1498 1734 1549 ejus
1755 1494 1840 1534 dis·
1872 1495 1904 1547 gi

383 1581 549 1607 cessum
580 1581 632 1606 cx
664 1565 851 1615 Diocesi,
890 1573 967 1607 aut
1001 1567 1155 1607 saltem
1187 1566 1303 1607 intra
1339 1568 1498 1607 mensis
1530 1567 1748 1621 spatium:
1794 1566 1840 1606 Si
1872 1560 1905 1606 ἓξ·

383 1637 533 1677 subita
567 1637 866 1692 proficiscendi
900 1639 1129 1679 necessitas
1162 1654 1261 1679 eum
1290 1639 1531 1694 impulerit,
1554 1654 1579 1680 a
1601 1640 1840 1680 Sanctitate
1874 1644 1904 1680 ‘t

383 1724 477 1757 sua,
502 1715 578 1749 aut
601 1724 625 1749 a
646 1709 772 1750 certis
793 1725 818 1750 a
839 1709 1103 1766 deputandis
1126 1711 1326 1752 Praelatis
1346 1711 1390 1751 in
1411 1711 1582 1766 scriptis
1605 1711 1660 1752 sit
1684 1726 1839 1768 appro-
1875 1726 1905 1750 ι»

383 1782 542 1824 banda.
604 1784 771 1825 Praeter
791 1784 1066 1839 supradictas
1089 1792 1237 1826 autem
1260 1800 1426 1833 causas,
1455 1785 1489 1825 si
1511 1785 1609 1840 quis
1633 1785 1839 1834 abfuerit,
1875 1786 1905 1833 {l

385 1856 448 1896 Sta
471 1856 671 1912 Synodus
688 1857 890 1906 declarat,
910 1873 1011 1899 eum
1035 1858 1285 1899 nullatenus
1307 1857 1361 1898 ad
1376 1873 1684 1914 quemcunque
1707 1858 1841 1899 alium
1877 1870 1905 1897 ιι

381 1934 648 1984 praetextum
672 1936 749 1970 aut
770 1930 1033 1971 occasionem
1057 1925 1331 1986 probandum
1353 1930 1513 1972 debere
1543 1931 1696 1972 audiri.
1757 1932 1841 1974 Ve-
1880 1942 1905 1975 ²1

385 2015 481 2040 rum
504 2015 554 2040 eo
576 2002 672 2056 ipso
688 2017 772 2042 non
795 2009 965 2043 tantum
989 2004 1217 2044 amissione
1234 2004 1456 2044 fructuum
1478 2004 1662 2060 aliisque
1685 2005 1841 2061 poenis,
1878 2002 1905 2050 ζὲ

388 2073 441 2114 dc
464 2075 625 2130 quibus
644 2077 688 2116 in
709 2076 834 2118 dictis
856 2077 1257 2119 Constitutionibus
1279 2079 1428 2124 teneri,
1450 2078 1526 2120 sed
1557 2079 1690 2120 etiam
1721 2077 1840 2119 inha-
1879 2063 1905 2116 ’ῐᾶ

386 2147 519 2188 bilem
552 2147 608 2189 ad
638 2150 780 2190 onmia
810 2150 960 2199 officia,
987 2167 1247 2207 omnemque
1270 2152 1622 2193 Jurisdictioncm
1645 2167 1840 2194 exercen-
1881 2162 1902 2187 ²-

386 2219 500 2268 dam,
535 2236 582 2262 ac
618 2222 819 2264 ordinum
856 2231 899 2264 et
934 2225 1249 2266 Beneficiorum
1286 2225 1560 2266 collationem
1593 2226 1731 2275 reddi,
1765 2241 1842 2267 nec

384 2294 521 2334 alium
544 2309 808 2351 quemquam
832 2296 876 2337 in
898 2297 965 2337 sui
986 2297 1127 2338 locum
1153 2298 1237 2338 sibi
1258 2312 1382 2353 posse
1405 2298 1597 2339 sufficere
1619 2314 1698 2354 pro
1719 2299 1843 2340 dictis

386 2368 642 2409 muneribus
677 2369 954 2425 exequendis,
1016 2371 1199 2411 Nullam
1235 2378 1450 2426 praeterea
1484 2372 1524 2412 ei
1556 2372 1767 2413 actionem
1800 2373 1842 2412 in

387 2441 587 2496 quolibet
613 2443 780 2499 judicio
812 2450 899 2485 tam
921 2444 1224 2485 Ecclesiastico
1247 2460 1378 2500 quam
1406 2445 1604 2487 saeculari
1636 2445 1843 2487 adversus

385 2528 694 2571 quamcunque
718 2531 944 2572 personam
966 2516 1301 2566 concedendam3
1336 2524 1468 2573 atque
1491 2532 1516 2558 a
1536 2518 1727 2558 mortalis
1748 2533 1841 2573 pec-

386 2589 471 2628 cati
512 2596 639 2630 reatu
680 2590 800 2646 quod
839 2591 1035 2639 incurrit,
1079 2606 1103 2632 a
1141 2591 1311 2632 nemine
1348 2591 1390 2631 in
1433 2591 1525 2632 foro
1557 2591 1840 2632 Conscientiae

387 2668 683 2717 praeterquam
718 2679 743 2704 a
774 2664 950 2705 Summo
982 2664 1205 2711 Pontifice,
1243 2671 1319 2704 aut
1348 2679 1373 2704 a
1411 2663 1678 2713 Confessorc,
1713 2679 1839 2720 quem
1886 2673 1890 2712 ἱ

386 2733 480 2787 ipse
502 2734 752 2791 Episcopus
772 2737 1032 2792 poenitentia
1058 2736 1230 2785 ductus,
1266 2745 1399 2792 atque
1433 2736 1488 2777 ad
1518 2737 1760 2779 Ecclesiam
1793 2743 1842 2777 ut

769 2808 779 2826 ³
799 2809 953 2850 Supplied
970 2809 1049 2840 stom
1066 2809 1116 2840 the
1132 2809 1305 2850 repetition,
1324 2821 1354 2850 p.
1372 2811 1443 2840 416.
