1905 3254
693 282 802 312 suss.
829 283 871 311 vi
881 284 903 312 ι.
1445 272 1523 312 481

70 385 276 426 sessorem
298 385 482 443 Reginae
505 387 739 437 Bohemiae,
772 404 958 444 quorum
980 391 1154 432 consilio
1176 391 1230 432 de
1259 392 1392 432 rebus
1415 392 1527 432 Con-

69 457 156 498 cilii
178 465 270 499 erat
289 458 631 508 deliberaturus,
656 467 787 515 atque
809 476 889 516 per
912 461 1418 518 Quinqueecclesiensem
1441 464 1525 504 Le-

70 531 185 586 gatis
207 532 316 588 quid
336 532 582 573 faciendum
601 533 819 588 judicaret
840 535 1175 590 significaturus.

128 604 224 645 Hoc
258 620 387 660 porro
423 611 596 660 tempus
627 605 738 646 illud
769 607 866 655 fuit,
900 622 986 662 quo
1022 608 1069 648 Sa
1100 609 1299 664 Sjmodus
1321 610 1528 664 primario

67 689 146 715 suo
186 676 379 717 Praeside
420 691 469 717 ae
508 677 680 733 Legato
721 678 853 718 fuerit
894 679 1059 719 orbata.
1123 679 1239 720 Nam
1283 680 1527 721 Cardinalis

70 746 356 796 Mantuanus,
392 748 469 803 qui
501 749 602 796 levi,
634 756 684 790 ut
717 750 958 798 ferebatur,
990 752 1142 791 morbo
1169 766 1311 807 nuper
1333 759 1528 793 tentatus

65 818 226 865 fuerat,
255 819 326 860 die
361 822 408 861 2²¹
429 820 598 869 Martii,
631 821 737 862 hora
760 822 849 863 fere
871 823 929 862 42³
961 824 1096 864 noctis
1129 839 1153 864 a
1175 825 1277 864 Dno
1298 825 1342 865 in
1364 825 1525 866 coelum

69 898 249 932 vocatus
271 899 347 933 est.
408 893 524 948 Ejus
546 895 695 935 obitus
718 895 800 935 fuit
822 896 910 936 fere
941 897 1202 952 inopinatus,
1235 912 1330 937 cum
1362 904 1527 953 septem

68 971 240 1006 tantum
263 965 420 1007 diebus
441 965 562 1007 haud
584 969 780 1023 graviter
803 969 846 1009 in
872 969 983 1011 lecto
1015 968 1310 1018 decubuisset,
1346 970 1527 1011 incredi-

70 1038 239 1093 bilique
261 1053 407 1079 omnes
429 1038 591 1087 dolore,
614 1040 669 1080 ob
692 1055 904 1081 summam
937 1046 1033 1097 ejus
1063 1042 1343 1096 probitatem,
1374 1042 1528 1084 huma-

67 1109 264 1157 nitatem,
299 1110 616 1166 virtutemque,
655 1118 756 1152 sunt
791 1112 946 1153 affecti.
1020 1113 1134 1154 Erat
1161 1113 1197 1154 is
1233 1128 1392 1170 magno
1427 1114 1528 1155 huic

71 1182 267 1224 Concilio
289 1182 520 1238 splendori,
540 1198 799 1239 summaque
817 1185 939 1240 apud
960 1185 1183 1240 Principes
1204 1201 1351 1227 omnes
1373 1187 1525 1228 autho-

68 1255 208 1296 ritate.
275 1254 382 1310 [Ad]
419 1262 664 1297 extremum
698 1257 816 1304 vitae,
852 1258 1052 1312 quamvis
1086 1258 1216 1313 aegris
1247 1260 1461 1307 sensibus,
1485 1267 1528 1300 et

69 1330 227 1384 magna
257 1343 365 1384 erga
385 1328 533 1369 Deum
559 1329 736 1384 pietate,
770 1329 911 1384 pridie
933 1344 1063 1384 quam
1086 1344 1185 1370 eum
1208 1331 1387 1371 morbus
1407 1332 1528 1372 inva-

68 1401 201 1450 deret,
216 1402 388 1442 missam
405 1402 713 1443 celebraverat.
760 1403 1013 1457 Antequam
1030 1410 1174 1443 tamen
1190 1403 1436 1453 excederet,
1453 1405 1528 1445 Sa-

69 1478 216 1515 cramta
246 1475 378 1515 etiam
401 1475 546 1515 omnia
563 1474 773 1515 Ecclesiae
795 1475 1035 1515 neccssaria
1055 1476 1126 1531 pie
1149 1476 1348 1531 sumpsit,
1364 1476 1530 1517 codicil-

64 1546 128 1587 los
149 1547 264 1595 fecit,
288 1562 386 1588 cum
409 1553 538 1587 antea
559 1553 747 1587 testatus
773 1554 900 1595 essct,
924 1547 966 1587 in
994 1546 1148 1602 hisque
1180 1550 1449 1603 propinquos
1485 1564 1532 1589 ac

68 1618 305 1659 familiares
327 1633 425 1658 suos
442 1632 603 1658 omnes.
670 1617 896 1672 [Cumque
915 1632 1020 1673 erga
1044 1617 1253 1671 Clericos]
1273 1624 1279 1640 ¹
1304 1619 1532 1660 societatis

67 1690 343 1732 ‚Jesuitarum
377 1689 504 1730 valde
539 1689 719 1729 affectus
753 1694 878 1735 esset,
910 1688 1054 1728 dictus
1076 1695 1142 1729 cst
1165 1688 1412 1744 Collegium
1435 1689 1530 1729 illo-

68 1777 166 1803 rum
189 1763 232 1802 in
252 1762 449 1802 Civitate
473 1761 719 1802 Mantuana
753 1760 1025 1815 erigendum,
1048 1760 1241 1801 honestis
1273 1762 1313 1801 ei
1346 1776 1528 1816 proven-

68 1832 190 1873 tibus
211 1832 385 1880 relictis,
408 1833 649 1873 mandasse.
711 1833 837 1887 Erga
860 1832 947 1871 alia
969 1832 1101 1872 etiam
1123 1832 1299 1886 pietatis
1319 1846 1464 1887 opera,
1487 1839 1532 1874 et

69 1903 389 1960 Religiosorum
405 1903 589 1951 ordines,
605 1904 842 1944 maturiore
860 1903 1102 1958 prcescrtim
1122 1904 1221 1943 vitae
1235 1918 1325 1943 suae
1345 1917 1528 1952 accessu,

71 1991 116 2017 se
137 1976 377 2017 studiosum
403 1991 575 2031 semper
597 1975 908 2016 declaraverat.
973 1975 1099 2015 Obiit
1133 1989 1241 2014 anno
1265 1975 1409 2015 aetatis
1437 1991 1530 2016 suae

73 2047 140 2094 56,
164 2047 231 2088 vir
251 2054 471 2103 perpetua
497 2047 659 2102 dignus
685 2047 911 2088 hominum
936 2045 1154 2086 memoria.
1214 2044 1411 2100 Magnus
1442 2060 1530 2086 om-

73 2121 192 2162 nium
215 2135 376 2162 moeror
408 2121 452 2161 in
485 2124 580 2176 ejus
601 2120 757 2161 funere
780 2120 837 2161 ab
859 2119 1059 2159 omnibus
1080 2116 1259 2172 publice
1282 2123 1346 2157 est
1366 2117 1530 2172 signifi-

72 2200 220 2242 catus;
257 2193 530 2248 cadaverque
563 2197 659 2248 ejus
693 2191 941 2238 Mantuam,
976 2190 1288 2231 comitantibus
1321 2191 1415 2245 ejus
1436 2204 1531 2230 con-

74 2266 325 2322 sanguineis
346 2281 393 2306 ae
415 2265 721 2313 familiaribus,
747 2264 908 2304 celebri
929 2277 1093 2318 pompa
1113 2261 1308 2303 delatum
1333 2262 1432 2302 fuit.

129 2337 278 2378 Rediit
310 2338 475 2378 interea
510 2337 760 2392 Episcopus
793 2333 1270 2389 Quinqueecclesiensis
1291 2348 1315 2373 a
1338 2332 1530 2381 Caesare,

72 2424 250 2451 narrans
282 2409 394 2450 male
429 2408 651 2464 Synodum
687 2408 743 2448 ab
777 2407 898 2447 illius
931 2406 1033 2446 aula
1069 2405 1232 2451 audire,
1268 2404 1385 2459 quod
1424 2404 1533 2445 nihil

71 2482 267 2538 praeclari
301 2483 358 2523 ab
393 2496 446 2522 ea
477 2488 651 2536 agatur,
688 2478 1064 2535 disputationibus
1096 2477 1241 2517 omnia
1278 2477 1529 2524 turbentur,

73 2561 118 2596 et
151 2555 338 2610 quisque
373 2554 603 2595 affectibus
637 2553 826 2608 propriis
863 2551 1005 2606 magis
1041 2564 1171 2605 quam
1206 2549 1384 2605 publico
1416 2563 1528 2590 com-

73 2673 174 2704 Letter
196 2673 231 2703 of
253 2673 394 2703 Visconti
421 2682 534 2711 among
556 2671 642 2702 those
668 2670 836 2711 published
862 2670 902 2708 by
925 2670 1064 2707 Aymon,
1093 2673 1174 2698 tome
1197 2668 1232 2705 i.,
1256 2678 1287 2708 p.
1313 2668 1368 2698 34.
1393 2669 1472 2699 Lett.
1488 2669 1532 2700 iv,

138 2748 145 2754 .
253 2726 289 2753 '6
314 2748 321 2755 .

71 2724 134 2793 Fe?
151 2725 311 2818 Sltiqul‘iej
322 2778 400 2808 stom
419 2777 523 2816 Rayn.
540 2776 657 2807 Aunal.
681 2777 770 2814 1563,
786 2775 870 2805 lviii.
887 2774 956 2805 whu
974 2778 1082 2814 quotes
1097 2774 1156 2803 this
1173 2773 1294 2813 portion
1309 2773 1343 2802 of
1356 2773 1498 2804 Paleotto

1226 2832 1251 2870 :2
1284 2845 1297 2870 ι
