1905 3254
710 279 819 310 sess.
845 280 904 309 ix.
1453 267 1532 306 631

82 386 279 427 Exortus
299 390 363 426 est
384 385 440 426 ab
460 384 692 426 indictione
712 385 847 442 huJus
869 385 1062 434 Concilii,
1081 386 1197 443 quod
1218 387 1441 443 praecipue
1455 402 1535 444 pro

84 459 315 501 Gallicana
334 459 509 500 natione
531 466 810 500 convocatum
834 459 917 500 fuit
937 475 946 508 3
979 466 1133 501 caetera
1149 466 1248 516 post
1263 461 1539 516 subsequuta

82 534 309 582 recensuit,
331 539 374 575 et
405 532 452 574 id
472 533 758 589 potissimum,
782 532 898 588 quod
926 534 970 573 in
993 540 1184 574 extremo
1216 534 1291 574 illo
1324 541 1539 576 conventu

86 608 327 653 Gallicano,
358 608 658 663 superioribus
693 608 917 648 mensibus
952 607 1114 655 habito,
1142 609 1256 649 inter
1295 608 1462 666 Regem
1495 615 1539 650 et

86 682 237 722 Status
258 680 404 737 Regni
426 687 640 721 statutum
664 681 825 730 fuerat,
844 688 896 721 ut
917 681 1161 722 Concilium
1184 682 1420 722 Nationale
1435 682 1539 723 cele-

84 754 302 803 braretur,
317 755 351 794 si
367 754 607 795 Concilium
627 754 707 795 hoc
721 754 1029 796 Tridentinum
1045 756 1172 795 finem
1190 770 1274 796 non
1290 755 1516 796 sortiretur
1530 771 1541 805 ;

85 841 110 867 a
141 841 228 882 quo
261 827 474 868 nationali
503 827 697 868 Concilio
741 828 855 868 mala
887 827 1029 868 omnia
1062 843 1109 868 ae
1139 827 1296 868 damna
1322 827 1545 884 expectari

84 900 266 956 possint.
327 901 486 957 Igitur,
511 900 547 942 si
582 901 746 942 salvam
784 901 995 942 vellemus
1028 901 1231 945 Galliam,
1256 901 1545 943 laborandum

85 975 260 1015 omnino
282 982 388 1024 erat,
411 982 461 1017 ut
491 991 605 1016 nunc
634 982 848 1017 extremas
881 990 1034 1016 manus
1065 973 1168 1017 huic
1204 974 1376 1031 Synodo
1406 975 1544 1031 impo—

86 1063 302 1090 neremus.

146 1122 199 1164 In
221 1123 404 1165 eandem
438 1123 712 1172 sententiam,
746 1122 928 1164 diversis
953 1123 1084 1164 etiam
1118 1124 1376 1172 rationibus,
1400 1123 1549 1164 caeteri

89 1212 239 1239 omnes
273 1198 573 1246 discesserunt,
605 1204 697 1239 tum
731 1203 913 1253 propter
943 1196 1150 1252 pericula,
1185 1212 1300 1253 quae,
1330 1196 1549 1253 pendente

90 1272 300 1323 Concilio,
321 1287 374 1313 ex
400 1271 526 1312 obitu
549 1274 637 1312 aut¹
665 1270 836 1311 Summi
858 1270 1081 1311 Pontificis
1115 1276 1191 1311 aut
1218 1270 1429 1312 Caesareae
1454 1270 1549 1311 Ma-

84 1344 268 1401 jestatis,
301 1344 526 1385 imminere
559 1348 776 1398 poterant,
800 1347 895 1382 tum
929 1341 985 1381 ob
1016 1340 1174 1381 damna
1208 1356 1308 1397 quae
1341 1341 1550 1382 Ecclesiae

91 1433 146 1460 ex
167 1418 303 1461 Pium
327 1417 525 1459 absentia
546 1416 846 1472 patiebantur,
877 1415 938 1470 [et
960 1413 1170 1469 tandem2]
1208 1421 1258 1456 ut
1289 1421 1491 1470 optatum
1528 1431 1553 1456 a

90 1498 182 1533 toto
222 1492 329 1533 orbe
368 1491 561 1531 fructum
603 1504 750 1530 omnes
785 1487 990 1543 colligere
1024 1494 1209 1542 possent.
1271 1486 1470 1528 Aderant
1498 1501 1552 1528 ex

91 1565 308 1621 Hispanis
352 1563 652 1610 Granatensis,
697 1560 957 1609 Ilerdensis3
1011 1575 1063 1601 ex
1106 1560 1350 1616 Portugall.
1395 1561 1553 1601 Braca-

90 1639 228 1681 rensis
246 1642 275 1689 3³
307 1653 360 1679 ex
383 1637 594 1679 Flandria
617 1635 936 1681 Atrebatensis,
970 1634 1284 1683 Namurensis3
1317 1649 1370 1674 ex
1403 1634 1553 1674 Gallia

92 1712 366 1760 Senonensis,
388 1709 671 1753 Virdunensis
688 1726 698 1758 3
729 1715 847 1749 etex
871 1707 967 1748 aliis
999 1713 1093 1748 tum
1127 1707 1286 1755 Italiae,
1316 1713 1409 1748 tum
1448 1707 1553 1747 alia-

94 1799 191 1826 rum
226 1783 573 1830 Provinciarum,
609 1781 728 1829 locis,
763 1794 896 1836 quam
932 1779 1096 1835 plures,
1145 1779 1256 1834 [qui]
1295 1778 1410 1820 idem
1452 1785 1554 1819 sunt

93 1859 286 1915 sequuti.

151 1932 383 1973 Rationem
407 1935 551 1970 autem
574 1926 828 1969 absolvendi
847 1926 1091 1967 Concilium
1117 1940 1211 1967 eam
1235 1925 1552 1972 concluserunt,

94 2012 146 2046 ut
167 2020 268 2061 quae
283 2009 518 2060 supersunt
538 2001 592 2042 de
609 2001 915 2042 reformatione
930 2006 974 2040 et
995 1999 1290 2055 Regularibus
1311 2014 1554 2054 proponan-

95 2086 181 2125 tur,
206 2093 306 2134 quae
329 2092 433 2118 vcro
455 2076 625 2131 reliqua
645 2081 747 2115 sunt
775 2073 1045 2130 dogmatum,
1071 2073 1168 2120 viz„
1192 2071 1245 2113 de
1279 2072 1553 2128 Purgatorio,

97 2151 387 2207 ImaginibUS‚
430 2156 473 2191 et
512 2149 806 2190 Veneratione
841 2147 1108 2193 Sanctorum,
1151 2144 1205 2185 de
1244 2144 1554 2201 Indulgentiis,

96 2240 162 2274 ea,
196 2240 294 2266 cum
331 2223 437 2265 satis
468 2223 595 2270 clara,
629 2229 673 2263 et
705 2220 1009 2276 superioribus
1034 2234 1212 2274 quoque
1237 2219 1443 2260 Conciliis
1465 2219 1555 2259 fuc-

97 2300 190 2341 rint
228 2299 405 2346 sancita,
443 2296 556 2345 ideo,
595 2295 649 2336 ad
690 2293 922 2349 fugiendas
964 2293 1295 2348 disputationes,
1333 2307 1426 2348 quae
1466 2307 1557 2332 rem

96 2373 224 2414 nimis
262 2373 307 2413 in
347 2371 531 2427 longum
572 2369 808 2415 traherent,
851 2367 954 2408 satis
994 2381 1109 2406 nunc
1151 2379 1257 2413 esse,
1294 2365 1444 2419 paucis
1484 2364 1556 2405 de-

97 2446 224 2488 cretis
260 2445 426 2486 abusus
460 2442 673 2499 quosdam
708 2441 930 2491 damnare,
968 2439 1044 2495 qui
1077 2439 1121 2479 in
1154 2437 1341 2494 singulis
1369 2438 1554 2493 irrepse-

142 2563 150 2582 ¹
177 2566 306 2601 Autem,
324 2561 394 2593 MS.
442 2562 457 2591 I
485 2564 601 2592 correct
624 2561 701 2590 from
730 2557 928 2598 Raynaldus,
951 2556 1018 2586 who
1042 2555 1111 2585 here
1140 2558 1274 2585 exn-acts
1302 2555 1381 2585 from
1404 2554 1549 2585 Paleotto

101 2616 160 2648 No.
184 2616 255 2646 198.

142 2668 156 2687 ²
178 2669 276 2699 These
290 2668 353 2699 and
369 2667 420 2698 the
436 2672 511 2699 next
534 2666 700 2698 bracketed
718 2664 817 2696 words
832 2673 882 2694 are
898 2664 975 2694 srom
991 2663 1042 2693 the
1057 2672 1150 2699 same,
1167 2662 1235 2692 who
1253 2672 1326 2701 may
1340 2661 1418 2692 have
1434 2660 1565 2692 himself

101 2722 258 2754 corrected
273 2722 320 2753 his
336 2721 406 2754 MS.

140 2776 154 2794 ³
178 2776 329 2813 Crancar,
345 2775 431 2810 MS„
448 2775 478 2805 iu
494 2786 512 2805 a
527 2774 605 2805 faint
620 2772 788 2812 misgiving
803 2771 898 2809 hand,
915 2781 948 2801 as
971 2770 998 2800 is
1018 2769 1068 2800 the
1085 2767 1217 2808 original
1233 2778 1308 2798 were
1323 2765 1561 2806 unintelligible

101 2834 132 2860 to
148 2828 196 2859 the
212 2828 403 2859 transcribet.
