1905 3254
334 302 416 340 590
946 312 1054 342 sess.
1083 313 1175 341 vm.

391 420 599 461 Oratores
642 419 802 459 Gallici
844 418 1139 459 exhibuerunt
1180 417 1399 474 quandam
1441 417 1690 473 petitionem
1733 416 1785 457 de

331 492 595 534 matrimonii
607 491 864 532 clandestini
885 490 1310 532 declaratione—fol.

389 566 477 607 Die
501 566 554 606 26
577 565 688 606 Julii
714 565 834 606 1563.

389 640 506 681 Vota
527 641 663 681 Pf'um
696 638 750 680 de
782 639 986 679 Sacramto
1015 637 1298 678 Matrimonii.
1360 636 1661 685 Virdunensis,
1683 637 1786 677 Pac-

333 714 479 761 tensis,
503 713 736 761 Niciensis,
761 719 804 753 et
826 711 1001 766 reliqui.

390 788 477 828 Die
502 787 557 827 26
580 786 695 828 Julii
720 786 840 826 1563.

393 860 507 900 Cum
531 860 694 914 saepius
716 866 759 899 et
789 865 980 899 oratores
1002 864 1046 898 et
1067 857 1247 898 Praelati
1270 857 1593 913 efflagitassent,
1616 863 1665 897 ut
1696 864 1786 897 tan-

333 933 431 973 dem
454 933 507 973 de
529 947 699 972 morum
721 931 1026 971 reformatione
1047 930 1089 969 in
1113 929 1286 985 Synodo
1315 945 1397 970 non
1428 930 1598 976 leviter,
1626 929 1703 970 sed
1734 929 1787 971 de

333 1005 466 1045 rebus
499 1004 777 1060 gravioribus
811 1010 1031 1059 ageretur,
1065 1003 1227 1060 Legati
1263 1003 1375 1043 decr.
1408 1003 1464 1043 42
1498 1002 1790 1058 componenda

334 1085 604 1126 curaverant,
623 1077 788 1134 quibus
809 1077 933 1118 varia
954 1075 1009 1117 ad
1037 1076 1386 1117 reformationem
1409 1076 1672 1132 pertinentia
1693 1091 1789 1117 con-

334 1151 605 1191 tinebantur:
641 1165 693 1190 ea
712 1156 859 1190 autem
876 1148 1067 1189 nondum
1080 1149 1123 1188 in
1139 1155 1303 1189 certum
1317 1148 1509 1189 ordinem
1522 1148 1789 1204 redigerant‚

335 1224 452 1280 quod
472 1223 796 1272 intellexerant,
820 1229 973 1279 optare
996 1222 1101 1263 alios
1130 1221 1333 1277 quaedam
1356 1220 1582 1277 praeponi,¹
1606 1222 1710 1263 alios
1740 1237 1792 1263 ea

335 1297 552 1354 postponi.
616 1297 776 1351 Itaque
808 1303 856 1337 ut
887 1295 1102 1351 judicium
1136 1295 1296 1335 certius
1328 1294 1381 1335 de
1418 1295 1488 1336 die
1520 1295 1793 1337 deliberandi

335 1370 675 1425 relinqueretur,
698 1369 897 1410 omnibus
919 1384 982 1414 ea,
1012 1368 1250 1408 distributa
1277 1367 1460 1425 singulis
1486 1369 1672 1424 paginis,
1694 1369 1791 1410 reli-

338 1450 538 1499 querant,
562 1457 639 1484 nec
662 1443 773 1484 inter
795 1458 838 1483 se
861 1441 1168 1497 conglutinata,
1186 1447 1234 1481 ut
1255 1447 1407 1496 postea
1423 1445 1792 1496 conjungerentur

336 1514 500 1562 ordine,
524 1521 566 1555 et
588 1514 632 1554 in
655 1521 903 1554 contextum
932 1513 1245 1568 redigerentur.
1305 1513 1398 1553 Ubi
1419 1513 1511 1553 haec
1533 1513 1793 1554 Oratoribus

337 1587 614 1636 exhibentur,
646 1588 767 1628 venit
794 1587 837 1627 in
875 1587 1162 1643 suspicionem
1198 1586 1459 1627 Oratoribus
1489 1586 1716 1636 Caesareis,
1750 1594 1795 1629 et

339 1661 515 1702 Oratori
549 1660 767 1715 Hispano,
790 1659 883 1700 haec
905 1659 958 1699 de
982 1659 1200 1700 industria
1219 1660 1280 1699 ita
1302 1659 1465 1700 tradita
1485 1659 1608 1700 nullo
1629 1659 1792 1708 ordine,

338 1740 382 1774 et
409 1732 499 1773 fere
531 1732 747 1788 neglecta,
771 1732 897 1787 quasi
926 1731 1043 1771 levia
1066 1731 1110 1771 in
1143 1732 1194 1771 iis
1215 1732 1550 1779 continerentur,
1585 1732 1793 1773 Oratores

340 1790 702 1846 Caesarei‘statim
720 1804 931 1845 admoniti
947 1810 1061 1850 sunt,
1078 1804 1241 1845 factum
1264 1804 1309 1844 id
1329 1805 1502 1861 majoris
1519 1804 1794 1846 commodita-

338 1879 392 1919 tis
409 1893 548 1925 causa,
567 1884 610 1918 et
632 1884 683 1918 ut
704 1878 844 1918 laxior
857 1877 942 1917 illis
957 1878 1144 1918 facultas
1160 1884 1270 1918 esset
1287 1877 1340 1918 de
1358 1877 1541 1934 singulis
1558 1877 1794 1934 judicandi,

339 1958 382 1992 et
397 1966 483 2006 quo
504 1951 688 1991 mallent
708 1950 871 1999 ordine,
887 1966 959 1991 eos
975 1951 1019 1990 in
1041 1951 1194 1991 seriem
1209 1949 1450 2006 redigendi.
1516 1950 1677 1992 Orator
1693 1951 1796 1991 His-

339 2040 494 2081 panus,
509 2025 601 2065 sive
617 2024 696 2066 hac
714 2039 790 2065 seu
810 2023 1033 2065 occultiori
1052 2024 1137 2065 alia
1155 2040 1296 2072 causa,
1313 2025 1449 2080 coepit
1470 2040 1630 2080 magno
1651 2025 1795 2066 studio

341 2099 579 2140 Oratorum
611 2099 773 2139 animos
796 2106 979 2147 tentare,
1013 2106 1062 2139 ut
1093 2114 1237 2139 secum
1266 2099 1556 2146 convenirent,
1580 2114 1634 2139 ne
1665 2099 1795 2140 refor-

338 2172 471 2212 matio
506 2172 598 2212 haec
630 2172 675 2212 in
713 2171 882 2227 Synodo
917 2179 1249 2227 proponeretur,
1283 2171 1359 2212 sed
1388 2178 1538 2226 petere
1571 2178 1621 2212 ut
1651 2173 1798 2227 potius

340 2244 560 2300 deputari,
594 2251 638 2285 et
669 2245 853 2299 singulis
884 2245 1145 2293 nationibus,
1171 2245 1337 2299 aliquot
1363 2244 1587 2292 Praelatos,
1623 2246 1700 2300 qui
1731 2261 1795 2294 ea,

340 2333 438 2373 quae
463 2317 518 2358 ad
538 2317 887 2358 reformationem
909 2318 1191 2372 pertinerent,
1215 2318 1481 2373 colligerent,
1505 2333 1551 2358 ac
1576 2318 1631 2358 ad
1663 2320 1796 2374 Syno-

339 2390 444 2430 dum
468 2391 690 2432 referrent.
754 2390 936 2430 Habere
959 2391 1091 2430 etiam
1119 2405 1163 2430 se
1182 2391 1226 2430 in
1259 2391 1402 2431 animo
1434 2392 1665 2446 petitiones
1694 2407 1798 2432 non·

340 2464 484 2504 nullas
517 2465 689 2504 nomine
725 2463 864 2519 Regis
900 2462 1072 2518 Synodo
1098 2463 1264 2511 offerre,
1291 2479 1400 2518 quas
1437 2472 1619 2520 cuperet
1651 2480 1798 2507 eorum

343 2552 520 2592 quoque
542 2552 752 2579 consensu
774 2543 818 2577 et
840 2535 1013 2577 consilio
1036 2534 1244 2576 exhiberi.
1295 2536 1504 2578 Oratores
1525 2538 1615 2579 fere
1637 2553 1796 2585 omnes,

341 2615 384 2649 et
400 2608 605 2655 Caesarei,
622 2615 665 2650 et
681 2608 813 2656 Galli,
830 2614 873 2648 et
888 2608 1149 2663 Portugalli,
1165 2615 1208 2648 et
1224 2608 1419 2649 Sabaudi
1438 2610 1482 2649 in
1504 2609 1721 2651 mandatis
1742 2610 1798 2651 ab

342 2696 490 2722 eorum
508 2681 783 2736 principibus
797 2680 1034 2728 habebant,
1051 2696 1146 2721 cum
1163 2680 1345 2722 Oratore
1361 2681 1575 2737 Hispano,
1590 2682 1668 2723 ubi
1682 2681 1800 2738 quod

342 2756 453 2808 opus
475 2760 602 2801 esset,
637 2753 876 2794 convenire.
941 2752 1109 2793 Idcirco
1136 2767 1382 2809 repugnare
1408 2761 1659 2809 nequeunt3
1692 2754 1796 2810 obji-

937 2840 943 2858 ¹
971 2841 1118 2881 Proponi,
1137 2841 1206 2870 Ms.
