1905 3254
0 203 2 230 ι

0 230 11 335 i
650 288 763 318 snss.
790 288 869 318 vn.
1418 273 1502 313 429

6 346 10 368 l

0 394 11 466 ,1
36 393 91 435 D.
115 392 361 433 Surentini:
392 393 436 433 in
457 393 604 443 verbo,
628 395 684 436 ab
701 410 764 443 ea,
787 395 958 437 dicatur
973 395 1116 438 Dioec.
1135 397 1211 438 &c.
1272 396 1342 438 De
1364 396 1503 438 causis

0 474 9 494 '³
38 465 237 507 absentiae
261 466 381 506 varia
403 465 644 508 adnotavit.

5 500 10 550 l

5 555 10 593 Ι
92 537 562 594 Caprulanus——Circa
594 541 898 595 quaestionem,
936 543 1009 583 An
1032 543 1089 583 sit
1111 542 1376 584 declaranda
1398 544 1500 584 resi-

0 623 2 638 2
38 609 182 651 dentia
201 610 232 651 J
235 610 326 651 uris
346 610 496 659 divini,
514 611 609 652 dico
624 613 717 668 jam
738 612 883 668 lapsos
906 629 997 655 esse
1024 614 1076 656 17
1098 629 1244 662 annos,
1263 628 1317 655 ex
1339 615 1502 670 quibus

37 683 119 725 fuit
138 698 205 724 res
230 683 434 734 definita3
467 699 567 726 nam
592 693 789 741 tempore
812 687 945 727 Pauli
968 686 1075 735 ΙΙΙ.,
1098 702 1196 728 cum
1219 702 1302 743 ego
1324 702 1502 743 quoque

0 808 1 811 Ἴ
36 757 102 800 hie
123 757 330 807 adessem,
365 759 450 800 scio
483 759 593 800 hanc
614 759 670 800 ob
687 775 861 800 causam
885 761 1132 816 appositam
1155 760 1287 801 fuisse
1311 760 1502 802 authori-

0 826 2 846 ³
37 838 169 874 tatem
204 831 326 873 illam
363 833 463 874 Act.
496 833 576 874 16.¹
642 833 876 876 Attendite
918 835 1056 883 vobis,
1095 841 1307 891 tanquam
1348 834 1502 876 funda-

37 912 229 947 mentum
251 905 384 962 hujus
405 907 479 948 rei.
535 905 642 948 Ideo
664 921 746 948 non
766 906 907 956 video,
931 923 1008 948 cur
1032 909 1223 964 amplius
1243 908 1322 950 hoc
1345 915 1501 950 retrac-

36 978 228 1029 tandum,
257 987 301 1020 et
337 981 580 1035 praesertim
615 981 724 1035 quia
760 980 972 1022 Haeretici
1008 981 1087 1023 hoc
1123 983 1269 1038 ipsum
1303 984 1346 1023 in
1377 982 1503 1024 libris

37 1052 121 1094 suis
155 1052 388 1100 inculcant,
424 1056 489 1094 ut⁹
525 1052 786 1102 declaretur,
820 1070 910 1096 esse
943 1054 974 1096 J
979 1056 1069 1096 uris
1090 1056 1240 1105 divini,
1265 1071 1289 1097 a
1312 1071 1502 1112 quorum

38 1125 199 1167 insidiis
232 1133 298 1168 est
340 1127 608 1178 cavendum3
642 1135 693 1169 ut
726 1128 847 1184 apud
885 1129 1037 1170 Molin.
1081 1130 1124 1169 in
1166 1129 1263 1170 add.
1304 1146 1329 1170 a
1370 1129 1498 1171 Decr.

39 1198 163 1241 Cons.
190 1200 282 1240 151.
333 1200 463 1250 Quod
496 1200 551 1241 ad
580 1200 806 1243 decretum
839 1203 1009 1249 attinet,
1043 1217 1140 1244 cum
1176 1201 1338 1244 habeat
1378 1204 1502 1258 quin-

40 1286 123 1329 que
149 1280 312 1329 partes,
356 1274 634 1329 prooemium,
669 1289 832 1323 causas,
866 1289 1033 1331 poenas,
1068 1276 1266 1331 praemia,
1308 1276 1502 1331 promul-

39 1347 268 1403 gationem,
302 1348 445 1388 omnia
487 1355 711 1403 oporteret
752 1364 796 1389 re
838 1349 936 1403 ipsa
978 1355 1200 1404 praestare,
1235 1349 1362 1389 sicuti
1402 1349 1504 1390 fecit

41 1419 285 1462 cardinalis
307 1421 638 1477 Lotharingius‚
662 1421 952 1477 prmdicando,
975 1421 1179 1470 docendo,
1205 1422 1435 1471 visitando,
1461 1428 1504 1463 et

38 1494 206 1536 similia.
268 1495 477 1536 Tollatur
499 1510 634 1551 poena
655 1495 898 1536 collationis
919 1495 1252 1543 Beneficiorum,
1275 1502 1318 1536 et
1338 1495 1504 1551 peccati

40 1567 231 1608 mortalis
245 1584 255 1617 3
291 1574 335 1608 et
378 1568 515 1608 omnis
559 1569 672 1608 actio
704 1567 945 1615 auferatur,
983 1582 1067 1608 non
1105 1571 1268 1607 tamen³
1305 1582 1383 1622 pro
1417 1568 1501 1608 Ec-

40 1639 178 1681 clesiae
213 1639 473 1682 defensione.
547 1640 815 1681 Oceurratur
850 1639 1131 1680 incommodis
1167 1640 1502 1695 Episcoporum,

41 1719 83 1755 et
120 1713 249 1755 detur
287 1714 374 1754 illis
405 1713 584 1769 aliquod
604 1714 795 1768 spatium
828 1713 1106 1754 recreationis
1139 1712 1346 1761 honestae,
1369 1721 1503 1768 prout

41 1784 169 1826 datur
194 1785 438 1833 Canonicis,
470 1793 514 1826 et
552 1785 647 1826 aliis
675 1786 718 1825 in
742 1801 761 1826 0
798 1785 899 1826 licet
933 1784 1041 1825 Can.
1070 1784 1123 1825 de
1159 1784 1304 1825 Elect.
1328 1784 1367 1824 6.
1431 1786 1502 1827 De

42 1859 392 1915 promulgatione
415 1866 628 1906 servetur,
653 1858 771 1914 quod
792 1858 952 1899 dicitur
972 1859 1015 1898 in
1039 1874 1072 1899 c.
1096 1858 1210 1899 sicut
1226 1857 1279 1899 de
1298 1866 1501 1908 accusat„

43 1937 85 1972 et
104 1932 359 1987 publicetur
380 1932 424 1972 in
449 1931 632 1987 Synodis
656 1931 1018 1972 Provincialibus.

100 2003 304 2045 Civitatis
324 2003 924 2046 Bellunensis—Declaretur
944 2001 1200 2043 Residentia
1220 2016 1311 2042 esse
1324 2017 1377 2043 ex
1391 2017 1503 2058 prae-

44 2083 164 2132 cepto
186 2076 286 2126 Dei,
311 2084 360 2118 ut
381 2078 538 2118 certior
559 2083 772 2133 appareat
808 2076 1040 2117 necessitas
1077 2075 1321 2115 residentiae
1336 2092 1345 2125 3
1385 2075 1505 2131 quod

45 2147 79 2189 si
112 2147 157 2189 id
177 2163 260 2190 non
283 2155 438 2204 potest,
465 2149 711 2190 inveniatur
745 2149 831 2190 alia
866 2148 993 2199 ratio,
1021 2155 1069 2188 ut
1103 2147 1304 2187 omnibus
1336 2154 1501 2188 eertum

44 2221 119 2263 fiat
138 2223 277 2264 teneri
297 2222 497 2264 residere.
543 2223 613 2264 De
635 2221 876 2263 adimendis
891 2222 1021 2263 etiam
1045 2219 1370 2276 impedimentis
1393 2220 1502 2276 Epi-

44 2307 269 2350 scoporum
285 2295 428 2336 multa
448 2295 572 2345 dixit,
587 2294 936 2350 mittendumque
961 2309 1053 2335 csse
1075 2309 1100 2333 a
1117 2292 1290 2349 Synodo
1314 2293 1503 2348 aliquem

46 2380 98 2408 ex
119 2367 329 2409 Patribus
351 2367 406 2408 ad
428 2368 772 2414 Sanctissimum,
809 2368 886 2422 qui
930 2382 981 2408 ea
1011 2381 1153 2407 coram
1186 2365 1391 2420 explicet,
1427 2380 1504 2406 nee

46 2439 126 2483 huc
141 2442 223 2483 nisi
243 2457 289 2483 re
311 2443 420 2483 bene
433 2442 627 2483 confecta
648 2448 918 2490 revertatur3
942 2449 986 2481 et
1008 2439 1197 2487 tandem,
1216 2445 1266 2479 ut
1283 2445 1502 2486 caveatur,

46 2528 111 2563 ne,
132 2514 234 2557 dum
255 2515 438 2556 nimium
462 2514 720 2556 authoritati
743 2514 867 2555 Sedis
890 2513 1154 2569 Apostolicae
1175 2511 1322 2552 favere
1345 2513 1504 2567 quaeri-

47 2601 155 2636 muS,
177 2588 316 2630 eidem
338 2588 657 2630 incommodum
693 2595 737 2629 ct
770 2588 974 2628 universo
1007 2585 1257 2626 Christiano
1278 2585 1374 2626 orbi
1396 2585 1502 2626 affe-

47 2667 178 2702 ratur.

107 2733 317 2776 Cavensis
338 2736 389 2782 2⁵,
435 2735 555 2791 quod
588 2734 824 2776 residentia
854 2734 909 2774 sit
942 2739 1111 2774 tantum
1145 2732 1269 2772 Juris
1310 2732 1499 2786 positivi,

221 2818 226 2835 ¹
256 2823 391 2863 Perhaps
407 2834 459 2861 xx,
478 2823 529 2854 28.
731 2822 743 2839 ‘²
768 2825 844 2861 Aut,
864 2822 933 2851 MS.
1172 2819 1185 2836 ³
1212 2818 1331 2848 Illam?
