<?xml version="1.0" encoding="UTF-8"?>
<!DOCTYPE html PUBLIC "-//W3C//DTD XHTML 1.0 Transitional//EN"
    "http://www.w3.org/TR/xhtml1/DTD/xhtml1-transitional.dtd">
<html xmlns="http://www.w3.org/1999/xhtml" xml:lang="en" lang="en">
 <head>
  <title>
</title>
<meta http-equiv="Content-Type" content="text/html;charset=utf-8" />
  <meta name='ocr-system' content='tesseract 3.04.00' />
  <meta name='ocr-capabilities' content='ocr_page ocr_carea ocr_par ocr_line ocrx_word'/>
</head>
<body>
  <div class='ocr_page' id='page_1' title='image "actaconciliitrid00paleuoft_0622.png"; bbox 0 0 1905 3254; ppageno 0'>
   <div class='ocr_carea' id='block_1_1' title="bbox 372 261 1211 306">
    <p class='ocr_par' dir='ltr' id='par_1_1' title="bbox 372 261 1211 306">
     <span class='ocr_line' id='line_1_1' title="bbox 372 261 1211 306; baseline 0.002 -6"><span class='ocrx_word' id='word_1_1' title='bbox 372 261 456 300; x_wconf 77' lang='lat'>448</span> <span class='ocrx_word' id='word_1_2' title='bbox 1001 274 1109 306; x_wconf 67' lang='lat' dir='ltr'>smss.</span> <span class='ocrx_word' id='word_1_3' title='bbox 1134 274 1211 303; x_wconf 70' lang='lat' dir='ltr'>vu.</span> 
     </span>
    </p>
   </div>
   <div class='ocr_carea' id='block_1_2' title="bbox 373 378 1835 2696">
    <p class='ocr_par' dir='ltr' id='par_1_2' title="bbox 373 378 1832 785">
     <span class='ocr_line' id='line_1_2' title="bbox 375 378 1830 437; baseline -0.002 -14"><span class='ocrx_word' id='word_1_4' title='bbox 375 382 454 437; x_wconf 90' lang='lat' dir='ltr'>qui</span> <span class='ocrx_word' id='word_1_5' title='bbox 475 382 565 423; x_wconf 89' lang='lat' dir='ltr'>sine</span> <span class='ocrx_word' id='word_1_6' title='bbox 588 396 717 423; x_wconf 88' lang='lat' dir='ltr'>causa</span> <span class='ocrx_word' id='word_1_7' title='bbox 748 395 832 421; x_wconf 89' lang='lat' dir='ltr'>non</span> <span class='ocrx_word' id='word_1_8' title='bbox 854 380 1014 421; x_wconf 81' lang='lat' dir='ltr'>residet</span> <span class='ocrx_word' id='word_1_9' title='bbox 1035 385 1184 436; x_wconf 88' lang='lat' dir='ltr'>peccat</span> <span class='ocrx_word' id='word_1_10' title='bbox 1210 378 1464 429; x_wconf 81' lang='lat' dir='ltr'>mortaliter,</span> <span class='ocrx_word' id='word_1_11' title='bbox 1492 385 1534 421; x_wconf 91' lang='lat' dir='ltr'>et</span> <span class='ocrx_word' id='word_1_12' title='bbox 1557 380 1663 435; x_wconf 87' lang='lat' dir='ltr'>quia</span> <span class='ocrx_word' id='word_1_13' title='bbox 1684 386 1830 421; x_wconf 88' lang='lat' dir='ltr'>contra</span> 
     </span>
     <span class='ocr_line' id='line_1_3' title="bbox 373 451 1828 508; baseline -0.001 -14"><span class='ocrx_word' id='word_1_14' title='bbox 373 453 405 494; x_wconf 84' lang='lat' dir='ltr'>J</span> <span class='ocrx_word' id='word_1_15' title='bbox 410 469 458 494; x_wconf 90' lang='lat' dir='ltr'>us</span> <span class='ocrx_word' id='word_1_16' title='bbox 480 453 690 501; x_wconf 84' lang='lat' dir='ltr'>divinum,</span> <span class='ocrx_word' id='word_1_17' title='bbox 714 460 757 494; x_wconf 92' lang='lat' dir='ltr'>et</span> <span class='ocrx_word' id='word_1_18' title='bbox 778 460 926 494; x_wconf 89' lang='lat' dir='ltr'>contra</span> <span class='ocrx_word' id='word_1_19' title='bbox 942 453 972 494; x_wconf 86' lang='lat' dir='ltr'>J</span> <span class='ocrx_word' id='word_1_20' title='bbox 977 467 1028 493; x_wconf 88' lang='lat' dir='ltr'>us</span> <span class='ocrx_word' id='word_1_21' title='bbox 1047 451 1410 499; x_wconf 81' lang='lat' dir='ltr'>Ecclesiasticum,</span> <span class='ocrx_word' id='word_1_22' title='bbox 1427 458 1470 492; x_wconf 93' lang='lat' dir='ltr'>et</span> <span class='ocrx_word' id='word_1_23' title='bbox 1490 452 1553 492; x_wconf 88' lang='lat' dir='ltr'>ita</span> <span class='ocrx_word' id='word_1_24' title='bbox 1572 452 1640 492; x_wconf 92' lang='lat' dir='ltr'>bis</span> <span class='ocrx_word' id='word_1_25' title='bbox 1655 459 1828 508; x_wconf 84' lang='lat' dir='ltr'>peccat3</span> 
     </span>
     <span class='ocr_line' id='line_1_4' title="bbox 375 522 1829 580; baseline 0.001 -16"><span class='ocrx_word' id='word_1_26' title='bbox 375 524 593 580; x_wconf 83' lang='lat' dir='ltr'>siquidem</span> <span class='ocrx_word' id='word_1_27' title='bbox 628 532 794 566; x_wconf 85' lang='lat' dir='ltr'>certum</span> <span class='ocrx_word' id='word_1_28' title='bbox 822 532 899 572; x_wconf 84' lang='lat' dir='ltr'>est,</span> <span class='ocrx_word' id='word_1_29' title='bbox 923 524 1053 565; x_wconf 85' lang='lat' dir='ltr'>etiam</span> <span class='ocrx_word' id='word_1_30' title='bbox 1078 523 1426 564; x_wconf 87' lang='lat' dir='ltr'>Constitutiones</span> <span class='ocrx_word' id='word_1_31' title='bbox 1456 522 1670 564; x_wconf 88' lang='lat' dir='ltr'>humanas</span> <span class='ocrx_word' id='word_1_32' title='bbox 1704 538 1829 579; x_wconf 88' lang='lat' dir='ltr'>posse</span> 
     </span>
     <span class='ocr_line' id='line_1_5' title="bbox 374 595 1832 653; baseline 0 -16"><span class='ocrx_word' id='word_1_33' title='bbox 374 598 574 653; x_wconf 83' lang='lat' dir='ltr'>obligare</span> <span class='ocrx_word' id='word_1_34' title='bbox 599 598 654 638; x_wconf 89' lang='lat' dir='ltr'>ad</span> <span class='ocrx_word' id='word_1_35' title='bbox 682 598 878 646; x_wconf 82' lang='lat' dir='ltr'>mortale,</span> <span class='ocrx_word' id='word_1_36' title='bbox 919 595 1126 653; x_wconf 91' lang='lat' dir='ltr'>quicquid</span> <span class='ocrx_word' id='word_1_37' title='bbox 1159 596 1276 637; x_wconf 89' lang='lat' dir='ltr'>dicat</span> <span class='ocrx_word' id='word_1_38' title='bbox 1308 597 1434 637; x_wconf 88' lang='lat' dir='ltr'>Joan.</span> <span class='ocrx_word' id='word_1_39' title='bbox 1463 596 1646 644; x_wconf 89' lang='lat' dir='ltr'>Gerson,</span> <span class='ocrx_word' id='word_1_40' title='bbox 1679 598 1757 651; x_wconf 93' lang='lat' dir='ltr'>qui</span> <span class='ocrx_word' id='word_1_41' title='bbox 1788 598 1832 637; x_wconf 92' lang='lat' dir='ltr'>in</span> 
     </span>
     <span class='ocr_line' id='line_1_6' title="bbox 374 669 1828 735; baseline 0 -24"><span class='ocrx_word' id='word_1_42' title='bbox 374 671 454 712; x_wconf 97' lang='grc'>1100</span> <span class='ocrx_word' id='word_1_43' title='bbox 475 671 690 712; x_wconf 87' lang='lat' dir='ltr'>deseritur</span> <span class='ocrx_word' id='word_1_44' title='bbox 722 686 747 712; x_wconf 88' lang='lat' dir='ltr'>a</span> <span class='ocrx_word' id='word_1_45' title='bbox 778 671 881 719; x_wconf 88' lang='lat' dir='ltr'>suis,</span> <span class='ocrx_word' id='word_1_46' title='bbox 905 677 955 711; x_wconf 91' lang='lat' dir='ltr'>ut</span> <span class='ocrx_word' id='word_1_47' title='bbox 990 685 1015 711; x_wconf 88' lang='lat' dir='ltr'>a</span> <span class='ocrx_word' id='word_1_48' title='bbox 1035 670 1175 711; x_wconf 83' lang='lat' dir='ltr'>Jacob</span> <span class='ocrx_word' id='word_1_49' title='bbox 1198 669 1378 710; x_wconf 85' lang='lat' dir='ltr'>Almain</span> <span class='ocrx_word' id='word_1_50' title='bbox 1412 669 1465 710; x_wconf 91' lang='lat' dir='ltr'>de</span> <span class='ocrx_word' id='word_1_51' title='bbox 1490 676 1710 725; x_wconf 79' lang='lat' dir='ltr'>potestate</span> <span class='ocrx_word' id='word_1_52' title='bbox 1743 671 1828 735; x_wconf 62' lang='lat' dir='ltr'>Ef-</span> 
     </span>
     <span class='ocr_line' id='line_1_7' title="bbox 375 744 528 785; baseline -0.007 0"><span class='ocrx_word' id='word_1_53' title='bbox 375 744 528 785; x_wconf 84' lang='lat' dir='ltr'>clesiae.</span> 
     </span>
    </p>

    <p class='ocr_par' dir='ltr' id='par_1_3' title="bbox 376 815 1835 2551">
     <span class='ocr_line' id='line_1_8' title="bbox 432 815 1832 858; baseline -0.001 0"><span class='ocrx_word' id='word_1_54' title='bbox 432 817 787 858; x_wconf 84' lang='lat' dir='ltr'>Vestanus—fiat</span> <span class='ocrx_word' id='word_1_55' title='bbox 820 816 1055 857; x_wconf 82' lang='lat' dir='ltr'>declaratio</span> <span class='ocrx_word' id='word_1_56' title='bbox 1093 823 1136 857; x_wconf 87' lang='lat' dir='ltr'>et</span> <span class='ocrx_word' id='word_1_57' title='bbox 1169 815 1332 857; x_wconf 87' lang='lat' dir='ltr'>additio</span> <span class='ocrx_word' id='word_1_58' title='bbox 1367 815 1422 857; x_wconf 87' lang='lat' dir='ltr'>ad</span> <span class='ocrx_word' id='word_1_59' title='bbox 1453 815 1674 857; x_wconf 86' lang='lat' dir='ltr'>decretum</span> <span class='ocrx_word' id='word_1_60' title='bbox 1702 816 1832 857; x_wconf 90' lang='lat' dir='ltr'>Pauli</span> 
     </span>
     <span class='ocr_line' id='line_1_9' title="bbox 376 888 1833 945; baseline -0.001 -14"><span class='ocrx_word' id='word_1_61' title='bbox 376 891 519 931; x_wconf 89' lang='lat' dir='ltr'>Tertii</span> <span class='ocrx_word' id='word_1_62' title='bbox 542 905 637 931; x_wconf 89' lang='lat' dir='ltr'>cum</span> <span class='ocrx_word' id='word_1_63' title='bbox 652 890 942 945; x_wconf 80' lang='lat' dir='ltr'>explicatione</span> <span class='ocrx_word' id='word_1_64' title='bbox 959 890 1148 930; x_wconf 88' lang='lat' dir='ltr'>muneris</span> <span class='ocrx_word' id='word_1_65' title='bbox 1162 890 1397 930; x_wconf 86' lang='lat' dir='ltr'>Pastoralis</span> <span class='ocrx_word' id='word_1_66' title='bbox 1414 906 1421 929; x_wconf 90' lang='lat'>:</span> <span class='ocrx_word' id='word_1_67' title='bbox 1453 905 1539 930; x_wconf 90' lang='lat' dir='ltr'>non</span> <span class='ocrx_word' id='word_1_68' title='bbox 1555 890 1698 945; x_wconf 85' lang='lat' dir='ltr'>placet</span> <span class='ocrx_word' id='word_1_69' title='bbox 1719 888 1833 930; x_wconf 89' lang='lat' dir='ltr'>illud</span> 
     </span>
     <span class='ocr_line' id='line_1_10' title="bbox 376 962 1832 1018; baseline -0.001 -15"><span class='ocrx_word' id='word_1_70' title='bbox 376 962 429 1004; x_wconf 90' lang='lat' dir='ltr'>de</span> <span class='ocrx_word' id='word_1_71' title='bbox 451 963 682 1010; x_wconf 88' lang='lat' dir='ltr'>fructibus,</span> <span class='ocrx_word' id='word_1_72' title='bbox 705 978 781 1003; x_wconf 88' lang='lat' dir='ltr'>uec</span> <span class='ocrx_word' id='word_1_73' title='bbox 803 962 856 1003; x_wconf 90' lang='lat' dir='ltr'>de</span> <span class='ocrx_word' id='word_1_74' title='bbox 880 969 1100 1018; x_wconf 75' lang='lat' dir='ltr'>tempore3</span> <span class='ocrx_word' id='word_1_75' title='bbox 1132 977 1247 1010; x_wconf 87' lang='lat' dir='ltr'>nam,</span> <span class='ocrx_word' id='word_1_76' title='bbox 1264 962 1373 1002; x_wconf 88' lang='lat' dir='ltr'>circa</span> <span class='ocrx_word' id='word_1_77' title='bbox 1391 969 1578 1017; x_wconf 86' lang='lat' dir='ltr'>tempus,</span> <span class='ocrx_word' id='word_1_78' title='bbox 1601 977 1688 1002; x_wconf 91' lang='lat' dir='ltr'>non</span> <span class='ocrx_word' id='word_1_79' title='bbox 1706 962 1832 1002; x_wconf 78' lang='lat' dir='ltr'>video</span> 
     </span>
     <span class='ocr_line' id='line_1_11' title="bbox 376 1034 1832 1093; baseline -0.001 -17"><span class='ocrx_word' id='word_1_80' title='bbox 376 1036 589 1092; x_wconf 88' lang='lat' dir='ltr'>quomodo</span> <span class='ocrx_word' id='word_1_81' title='bbox 611 1037 746 1093; x_wconf 79' lang='lat' dir='ltr'>possit</span> <span class='ocrx_word' id='word_1_82' title='bbox 778 1037 912 1078; x_wconf 89' lang='lat' dir='ltr'>statui</span> <span class='ocrx_word' id='word_1_83' title='bbox 932 1036 1091 1092; x_wconf 82' lang='lat' dir='ltr'>regula</span> <span class='ocrx_word' id='word_1_84' title='bbox 1113 1035 1340 1092; x_wconf 84' lang='lat' dir='ltr'>generaliS,</span> <span class='ocrx_word' id='word_1_85' title='bbox 1377 1050 1474 1075; x_wconf 90' lang='lat' dir='ltr'>cum</span> <span class='ocrx_word' id='word_1_86' title='bbox 1497 1034 1617 1076; x_wconf 87' lang='lat' dir='ltr'>aliud</span> <span class='ocrx_word' id='word_1_87' title='bbox 1637 1035 1680 1076; x_wconf 90' lang='lat' dir='ltr'>in</span> <span class='ocrx_word' id='word_1_88' title='bbox 1716 1034 1832 1075; x_wconf 85' lang='lat' dir='ltr'>Civi-</span> 
     </span>
     <span class='ocr_line' id='line_1_12' title="bbox 377 1108 1832 1164; baseline -0.001 -14"><span class='ocrx_word' id='word_1_89' title='bbox 377 1110 544 1150; x_wconf 85' lang='lat' dir='ltr'>tatibus</span> <span class='ocrx_word' id='word_1_90' title='bbox 565 1110 757 1158; x_wconf 89' lang='lat' dir='ltr'>modicis,</span> <span class='ocrx_word' id='word_1_91' title='bbox 793 1109 915 1151; x_wconf 90' lang='lat' dir='ltr'>aliud</span> <span class='ocrx_word' id='word_1_92' title='bbox 944 1110 989 1149; x_wconf 89' lang='lat' dir='ltr'>in</span> <span class='ocrx_word' id='word_1_93' title='bbox 1023 1109 1263 1150; x_wconf 88' lang='lat' dir='ltr'>minoribus</span> <span class='ocrx_word' id='word_1_94' title='bbox 1298 1109 1561 1164; x_wconf 84' lang='lat' dir='ltr'>requiratur,</span> <span class='ocrx_word' id='word_1_95' title='bbox 1599 1115 1643 1149; x_wconf 92' lang='lat' dir='ltr'>et</span> <span class='ocrx_word' id='word_1_96' title='bbox 1679 1108 1710 1149; x_wconf 85' lang='lat' dir='ltr'><strong>J</strong></span> <span class='ocrx_word' id='word_1_97' title='bbox 1713 1123 1752 1150; x_wconf 88' lang='lat' dir='ltr'>o.</span> <span class='ocrx_word' id='word_1_98' title='bbox 1788 1108 1832 1149; x_wconf 92' lang='lat' dir='ltr'>in</span> 
     </span>
     <span class='ocr_line' id='line_1_13' title="bbox 378 1181 1832 1239; baseline -0.002 -15"><span class='ocrx_word' id='word_1_99' title='bbox 378 1184 626 1239; x_wconf 82' lang='lat' dir='ltr'>Extravag.</span> <span class='ocrx_word' id='word_1_100' title='bbox 648 1184 732 1224; x_wconf 86' lang='lat' dir='ltr'>fine</span> <span class='ocrx_word' id='word_1_101' title='bbox 754 1183 807 1224; x_wconf 88' lang='lat' dir='ltr'>de</span> <span class='ocrx_word' id='word_1_102' title='bbox 828 1183 1075 1239; x_wconf 85' lang='lat' dir='ltr'>majoritate</span> <span class='ocrx_word' id='word_1_103' title='bbox 1099 1189 1142 1223; x_wconf 93' lang='lat' dir='ltr'>et</span> <span class='ocrx_word' id='word_1_104' title='bbox 1164 1181 1380 1222; x_wconf 89' lang='lat' dir='ltr'>obedient.</span> <span class='ocrx_word' id='word_1_105' title='bbox 1405 1182 1575 1230; x_wconf 80' lang='lat' dir='ltr'>statuit,</span> <span class='ocrx_word' id='word_1_106' title='bbox 1590 1188 1641 1222; x_wconf 93' lang='lat' dir='ltr'>ut</span> <span class='ocrx_word' id='word_1_107' title='bbox 1660 1196 1738 1222; x_wconf 88' lang='lat' dir='ltr'>nec</span> <span class='ocrx_word' id='word_1_108' title='bbox 1753 1195 1832 1236; x_wconf 87' lang='lat' dir='ltr'>per</span> 
     </span>
     <span class='ocr_line' id='line_1_14' title="bbox 376 1253 1832 1303; baseline -0.001 -6"><span class='ocrx_word' id='word_1_109' title='bbox 376 1264 558 1297; x_wconf 89' lang='lat' dir='ltr'>mortem</span> <span class='ocrx_word' id='word_1_110' title='bbox 580 1257 710 1298; x_wconf 80' lang='lat' dir='ltr'>liceat</span> <span class='ocrx_word' id='word_1_111' title='bbox 734 1258 882 1298; x_wconf 89' lang='lat' dir='ltr'>abesse</span> <span class='ocrx_word' id='word_1_112' title='bbox 899 1257 987 1297; x_wconf 89' lang='lat' dir='ltr'>sine</span> <span class='ocrx_word' id='word_1_113' title='bbox 1007 1256 1193 1297; x_wconf 87' lang='lat' dir='ltr'>licentia.</span> <span class='ocrx_word' id='word_1_114' title='bbox 1211 1255 1284 1296; x_wconf 87' lang='lat' dir='ltr'>sed</span> <span class='ocrx_word' id='word_1_115' title='bbox 1304 1255 1349 1295; x_wconf 88' lang='lat' dir='ltr'>id</span> <span class='ocrx_word' id='word_1_116' title='bbox 1370 1256 1498 1295; x_wconf 90' lang='lat' dir='ltr'>nimis</span> <span class='ocrx_word' id='word_1_117' title='bbox 1519 1255 1694 1303; x_wconf 87' lang='lat' dir='ltr'>durum,</span> <span class='ocrx_word' id='word_1_118' title='bbox 1717 1253 1832 1295; x_wconf 89' lang='lat' dir='ltr'>unde</span> 
     </span>
     <span class='ocr_line' id='line_1_15' title="bbox 377 1327 1832 1386; baseline -0.001 -16"><span class='ocrx_word' id='word_1_119' title='bbox 377 1337 523 1386; x_wconf 85' lang='lat' dir='ltr'>posset</span> <span class='ocrx_word' id='word_1_120' title='bbox 543 1331 702 1371; x_wconf 88' lang='lat' dir='ltr'>mensis</span> <span class='ocrx_word' id='word_1_121' title='bbox 724 1345 802 1385; x_wconf 90' lang='lat' dir='ltr'>per</span> <span class='ocrx_word' id='word_1_122' title='bbox 834 1345 893 1378; x_wconf 85' lang='lat' dir='ltr'>se,</span> <span class='ocrx_word' id='word_1_123' title='bbox 928 1337 972 1370; x_wconf 92' lang='lat' dir='ltr'>et</span> <span class='ocrx_word' id='word_1_124' title='bbox 1006 1329 1226 1384; x_wconf 88' lang='lat' dir='ltr'>reliquum</span> <span class='ocrx_word' id='word_1_125' title='bbox 1260 1328 1314 1369; x_wconf 92' lang='lat' dir='ltr'>de</span> <span class='ocrx_word' id='word_1_126' title='bbox 1349 1328 1536 1369; x_wconf 85' lang='lat' dir='ltr'>licentia.</span> <span class='ocrx_word' id='word_1_127' title='bbox 1599 1328 1748 1369; x_wconf 82' lang='lat' dir='ltr'>Placet</span> <span class='ocrx_word' id='word_1_128' title='bbox 1779 1327 1832 1369; x_wconf 87' lang='lat' dir='ltr'>de</span> 
     </span>
     <span class='ocr_line' id='line_1_16' title="bbox 378 1400 1830 1458; baseline -0.001 -15"><span class='ocrx_word' id='word_1_129' title='bbox 378 1409 555 1458; x_wconf 84' lang='lat' dir='ltr'>peccato</span> <span class='ocrx_word' id='word_1_130' title='bbox 590 1403 775 1451; x_wconf 83' lang='lat' dir='ltr'>mortali,</span> <span class='ocrx_word' id='word_1_131' title='bbox 799 1402 1003 1457; x_wconf 87' lang='lat' dir='ltr'>quoniam</span> <span class='ocrx_word' id='word_1_132' title='bbox 1038 1401 1083 1442; x_wconf 85' lang='lat' dir='ltr'>id</span> <span class='ocrx_word' id='word_1_133' title='bbox 1124 1400 1362 1442; x_wconf 89' lang='lat' dir='ltr'>admittunt</span> <span class='ocrx_word' id='word_1_134' title='bbox 1396 1416 1543 1442; x_wconf 86' lang='lat' dir='ltr'>omnes</span> <span class='ocrx_word' id='word_1_135' title='bbox 1577 1402 1830 1450; x_wconf 69' lang='lat' dir='ltr'>summistae,</span> 
     </span>
     <span class='ocr_line' id='line_1_17' title="bbox 377 1474 1833 1532; baseline -0.001 -15"><span class='ocrx_word' id='word_1_136' title='bbox 377 1478 587 1532; x_wconf 88' lang='lat' dir='ltr'>aiuntque</span> <span class='ocrx_word' id='word_1_137' title='bbox 610 1477 715 1517; x_wconf 89' lang='lat' dir='ltr'>alias</span> <span class='ocrx_word' id='word_1_138' title='bbox 736 1476 874 1517; x_wconf 89' lang='lat' dir='ltr'>teneri</span> <span class='ocrx_word' id='word_1_139' title='bbox 896 1475 950 1516; x_wconf 90' lang='lat' dir='ltr'>ad</span> <span class='ocrx_word' id='word_1_140' title='bbox 971 1475 1301 1521; x_wconf 87' lang='lat' dir='ltr'>restitutionem,</span> <span class='ocrx_word' id='word_1_141' title='bbox 1330 1481 1373 1515; x_wconf 91' lang='lat' dir='ltr'>et</span> <span class='ocrx_word' id='word_1_142' title='bbox 1409 1474 1497 1516; x_wconf 90' lang='lat' dir='ltr'>sine</span> <span class='ocrx_word' id='word_1_143' title='bbox 1529 1474 1608 1515; x_wconf 85' lang='lat' dir='ltr'>hoc</span> <span class='ocrx_word' id='word_1_144' title='bbox 1642 1475 1833 1516; x_wconf 88' lang='lat' dir='ltr'>remedio</span> 
     </span>
     <span class='ocr_line' id='line_1_18' title="bbox 378 1547 1834 1605; baseline -0.001 -15"><span class='ocrx_word' id='word_1_145' title='bbox 378 1550 452 1590; x_wconf 75' lang='lat' dir='ltr'>vix</span> <span class='ocrx_word' id='word_1_146' title='bbox 486 1550 609 1590; x_wconf 91' lang='lat' dir='ltr'>aliter</span> <span class='ocrx_word' id='word_1_147' title='bbox 645 1549 950 1605; x_wconf 82' lang='lat' dir='ltr'>providebitur</span> <span class='ocrx_word' id='word_1_148' title='bbox 971 1548 1231 1589; x_wconf 85' lang='lat' dir='ltr'>residentiae.</span> <span class='ocrx_word' id='word_1_149' title='bbox 1298 1547 1433 1588; x_wconf 89' lang='lat' dir='ltr'>Multi</span> <span class='ocrx_word' id='word_1_150' title='bbox 1456 1552 1683 1603; x_wconf 87' lang='lat' dir='ltr'>opponunt</span> <span class='ocrx_word' id='word_1_151' title='bbox 1715 1548 1834 1604; x_wconf 88' lang='lat' dir='ltr'>quod</span> 
     </span>
     <span class='ocr_line' id='line_1_19' title="bbox 377 1620 1834 1676; baseline 0 -14"><span class='ocrx_word' id='word_1_152' title='bbox 377 1622 539 1663; x_wconf 89' lang='lat' dir='ltr'>dantur</span> <span class='ocrx_word' id='word_1_153' title='bbox 560 1623 637 1663; x_wconf 89' lang='lat' dir='ltr'>uni</span> <span class='ocrx_word' id='word_1_154' title='bbox 659 1629 723 1663; x_wconf 93' lang='lat' dir='ltr'>tot</span> <span class='ocrx_word' id='word_1_155' title='bbox 745 1621 1031 1662; x_wconf 87' lang='lat' dir='ltr'>Parochiales.</span> <span class='ocrx_word' id='word_1_156' title='bbox 1094 1621 1195 1676; x_wconf 86' lang='lat' dir='ltr'>Ego</span> <span class='ocrx_word' id='word_1_157' title='bbox 1219 1627 1418 1661; x_wconf 80' lang='lat' dir='ltr'>versatus</span> <span class='ocrx_word' id='word_1_158' title='bbox 1442 1635 1536 1661; x_wconf 88' lang='lat' dir='ltr'>sum</span> <span class='ocrx_word' id='word_1_159' title='bbox 1558 1621 1602 1660; x_wconf 91' lang='lat' dir='ltr'>in</span> <span class='ocrx_word' id='word_1_160' title='bbox 1626 1620 1764 1662; x_wconf 88' lang='lat' dir='ltr'>Curia</span> <span class='ocrx_word' id='word_1_161' title='bbox 1780 1622 1834 1662; x_wconf 74' lang='lat'>25</span> 
     </span>
     <span class='ocr_line' id='line_1_20' title="bbox 378 1692 1831 1749; baseline -0.001 -15"><span class='ocrx_word' id='word_1_162' title='bbox 378 1696 511 1742; x_wconf 86' lang='lat' dir='ltr'>annis,</span> <span class='ocrx_word' id='word_1_163' title='bbox 535 1703 578 1736; x_wconf 92' lang='lat' dir='ltr'>et</span> <span class='ocrx_word' id='word_1_164' title='bbox 601 1695 686 1735; x_wconf 88' lang='lat' dir='ltr'>scio</span> <span class='ocrx_word' id='word_1_165' title='bbox 707 1709 933 1749; x_wconf 87' lang='lat' dir='ltr'>nunquam</span> <span class='ocrx_word' id='word_1_166' title='bbox 956 1693 1089 1734; x_wconf 88' lang='lat' dir='ltr'>fuisse</span> <span class='ocrx_word' id='word_1_167' title='bbox 1117 1692 1240 1734; x_wconf 86' lang='lat' dir='ltr'>datas</span> <span class='ocrx_word' id='word_1_168' title='bbox 1262 1692 1392 1733; x_wconf 87' lang='lat' dir='ltr'>alicui</span> <span class='ocrx_word' id='word_1_169' title='bbox 1422 1700 1509 1734; x_wconf 87' lang='lat' dir='ltr'>tres</span> <span class='ocrx_word' id='word_1_170' title='bbox 1531 1693 1831 1744; x_wconf 86' lang='lat' dir='ltr'>Parochiales;</span> 
     </span>
     <span class='ocr_line' id='line_1_21' title="bbox 378 1764 1830 1822; baseline -0.002 -15"><span class='ocrx_word' id='word_1_171' title='bbox 378 1768 459 1808; x_wconf 88' lang='lat' dir='ltr'>nisi</span> <span class='ocrx_word' id='word_1_172' title='bbox 489 1767 825 1815; x_wconf 82' lang='lat' dir='ltr'>Refercndariis,</span> <span class='ocrx_word' id='word_1_173' title='bbox 859 1767 994 1822; x_wconf 87' lang='lat' dir='ltr'>idque</span> <span class='ocrx_word' id='word_1_174' title='bbox 1032 1772 1131 1807; x_wconf 87' lang='lat' dir='ltr'>ante</span> <span class='ocrx_word' id='word_1_175' title='bbox 1162 1765 1426 1821; x_wconf 88' lang='lat' dir='ltr'>principium</span> <span class='ocrx_word' id='word_1_176' title='bbox 1459 1764 1591 1822; x_wconf 86' lang='lat' dir='ltr'>hujus</span> <span class='ocrx_word' id='word_1_177' title='bbox 1625 1764 1830 1814; x_wconf 89' lang='lat' dir='ltr'>Concilii;</span> 
     </span>
     <span class='ocr_line' id='line_1_22' title="bbox 378 1837 1832 1896; baseline -0.002 -15"><span class='ocrx_word' id='word_1_178' title='bbox 378 1848 531 1896; x_wconf 81' lang='lat' dir='ltr'>postea</span> <span class='ocrx_word' id='word_1_179' title='bbox 546 1841 714 1881; x_wconf 85' lang='lat' dir='ltr'>Paulus</span> <span class='ocrx_word' id='word_1_180' title='bbox 729 1841 817 1881; x_wconf 93' lang='lat' dir='ltr'>III.</span> <span class='ocrx_word' id='word_1_181' title='bbox 839 1840 1011 1896; x_wconf 81' lang='lat' dir='ltr'>redegit</span> <span class='ocrx_word' id='word_1_182' title='bbox 1032 1839 1087 1880; x_wconf 89' lang='lat' dir='ltr'>ad</span> <span class='ocrx_word' id='word_1_183' title='bbox 1103 1839 1226 1886; x_wconf 84' lang='lat' dir='ltr'>duas,</span> <span class='ocrx_word' id='word_1_184' title='bbox 1250 1845 1293 1879; x_wconf 93' lang='lat' dir='ltr'>et</span> <span class='ocrx_word' id='word_1_185' title='bbox 1310 1837 1458 1879; x_wconf 88' lang='lat' dir='ltr'>addita</span> <span class='ocrx_word' id='word_1_186' title='bbox 1480 1838 1693 1887; x_wconf 83' lang='lat' dir='ltr'>clausula,</span> <span class='ocrx_word' id='word_1_187' title='bbox 1711 1838 1832 1879; x_wconf 92' lang='lat' dir='ltr'>dum-</span> 
     </span>
     <span class='ocr_line' id='line_1_23' title="bbox 379 1909 1832 1960; baseline -0.001 -8"><span class='ocrx_word' id='word_1_188' title='bbox 379 1911 504 1952; x_wconf 90' lang='lat' dir='ltr'>modo</span> <span class='ocrx_word' id='word_1_189' title='bbox 526 1927 610 1952; x_wconf 89' lang='lat' dir='ltr'>non</span> <span class='ocrx_word' id='word_1_190' title='bbox 633 1912 795 1953; x_wconf 87' lang='lat' dir='ltr'>distent</span> <span class='ocrx_word' id='word_1_191' title='bbox 816 1912 932 1953; x_wconf 86' lang='lat' dir='ltr'>ultra</span> <span class='ocrx_word' id='word_1_192' title='bbox 948 1912 1124 1960; x_wconf 87' lang='lat' dir='ltr'>dietam,</span> <span class='ocrx_word' id='word_1_193' title='bbox 1140 1918 1184 1952; x_wconf 93' lang='lat' dir='ltr'>et</span> <span class='ocrx_word' id='word_1_194' title='bbox 1195 1910 1324 1952; x_wconf 87' lang='lat' dir='ltr'>hodie</span> <span class='ocrx_word' id='word_1_195' title='bbox 1345 1917 1559 1951; x_wconf 79' lang='lat' dir='ltr'>servatur.</span> <span class='ocrx_word' id='word_1_196' title='bbox 1623 1909 1693 1951; x_wconf 92' lang='lat' dir='ltr'>De</span> <span class='ocrx_word' id='word_1_197' title='bbox 1710 1910 1832 1951; x_wconf 87' lang='lat' dir='ltr'>Prin-</span> 
     </span>
     <span class='ocr_line' id='line_1_24' title="bbox 379 1982 1835 2040; baseline -0.001 -14"><span class='ocrx_word' id='word_1_198' title='bbox 379 1986 548 2040; x_wconf 84' lang='lat' dir='ltr'>cipibus</span> <span class='ocrx_word' id='word_1_199' title='bbox 571 1992 638 2026; x_wconf 90' lang='lat' dir='ltr'>est</span> <span class='ocrx_word' id='word_1_200' title='bbox 659 1992 807 2026; x_wconf 81' lang='lat' dir='ltr'>textus</span> <span class='ocrx_word' id='word_1_201' title='bbox 828 2000 919 2040; x_wconf 88' lang='lat' dir='ltr'>cap.</span> <span class='ocrx_word' id='word_1_202' title='bbox 1010 1999 1093 2025; x_wconf 91' lang='lat' dir='ltr'>non</span> <span class='ocrx_word' id='word_1_203' title='bbox 1115 1991 1181 2025; x_wconf 87' lang='lat' dir='ltr'>est</span> <span class='ocrx_word' id='word_1_204' title='bbox 1200 1983 1252 2025; x_wconf 90' lang='lat' dir='ltr'>de</span> <span class='ocrx_word' id='word_1_205' title='bbox 1270 1991 1381 2025; x_wconf 78' lang='lat' dir='ltr'>voto.</span> <span class='ocrx_word' id='word_1_206' title='bbox 1445 1984 1530 2024; x_wconf 86' lang='lat' dir='ltr'>Illa</span> <span class='ocrx_word' id='word_1_207' title='bbox 1552 1983 1764 2031; x_wconf 85' lang='lat' dir='ltr'>clausula,</span> <span class='ocrx_word' id='word_1_208' title='bbox 1781 1982 1835 2024; x_wconf 91' lang='lat' dir='ltr'>ad</span> 
     </span>
     <span class='ocr_line' id='line_1_25' title="bbox 382 2057 1831 2113; baseline -0.001 -15"><span class='ocrx_word' id='word_1_209' title='bbox 382 2057 598 2098; x_wconf 84' lang='lat' dir='ltr'>modicum</span> <span class='ocrx_word' id='word_1_210' title='bbox 621 2065 806 2113; x_wconf 78' lang='lat' dir='ltr'>temPUS,</span> <span class='ocrx_word' id='word_1_211' title='bbox 844 2073 928 2098; x_wconf 91' lang='lat' dir='ltr'>non</span> <span class='ocrx_word' id='word_1_212' title='bbox 960 2057 1122 2112; x_wconf 86' lang='lat' dir='ltr'>placet,</span> <span class='ocrx_word' id='word_1_213' title='bbox 1145 2057 1351 2111; x_wconf 88' lang='lat' dir='ltr'>quoniam</span> <span class='ocrx_word' id='word_1_214' title='bbox 1374 2063 1475 2097; x_wconf 89' lang='lat' dir='ltr'>tunc</span> <span class='ocrx_word' id='word_1_215' title='bbox 1495 2071 1581 2096; x_wconf 90' lang='lat' dir='ltr'>non</span> <span class='ocrx_word' id='word_1_216' title='bbox 1603 2062 1668 2096; x_wconf 85' lang='lat' dir='ltr'>est</span> <span class='ocrx_word' id='word_1_217' title='bbox 1687 2070 1831 2096; x_wconf 85' lang='lat' dir='ltr'>neces-</span> 
     </span>
     <span class='ocr_line' id='line_1_26' title="bbox 379 2128 1830 2186; baseline -0.002 -15"><span class='ocrx_word' id='word_1_218' title='bbox 379 2132 493 2171; x_wconf 86' lang='lat' dir='ltr'>saria</span> <span class='ocrx_word' id='word_1_219' title='bbox 514 2146 642 2171; x_wconf 83' lang='lat' dir='ltr'>causa</span> <span class='ocrx_word' id='word_1_220' title='bbox 665 2146 696 2171; x_wconf 90' lang='lat' dir='ltr'>c.</span> <span class='ocrx_word' id='word_1_221' title='bbox 719 2144 893 2186; x_wconf 80' lang='lat' dir='ltr'>magnae</span> <span class='ocrx_word' id='word_1_222' title='bbox 916 2129 969 2170; x_wconf 89' lang='lat' dir='ltr'>de</span> <span class='ocrx_word' id='word_1_223' title='bbox 992 2136 1105 2170; x_wconf 79' lang='lat' dir='ltr'>voto.</span> <span class='ocrx_word' id='word_1_224' title='bbox 1168 2128 1238 2169; x_wconf 92' lang='lat' dir='ltr'>De</span> <span class='ocrx_word' id='word_1_225' title='bbox 1263 2128 1451 2169; x_wconf 87' lang='lat' dir='ltr'>Casibus</span> <span class='ocrx_word' id='word_1_226' title='bbox 1468 2128 1711 2175; x_wconf 82' lang='lat' dir='ltr'>reservatis,</span> <span class='ocrx_word' id='word_1_227' title='bbox 1735 2142 1830 2168; x_wconf 88' lang='lat' dir='ltr'>cum</span> 
     </span>
     <span class='ocr_line' id='line_1_27' title="bbox 380 2200 1832 2259; baseline -0.002 -15"><span class='ocrx_word' id='word_1_228' title='bbox 380 2204 634 2259; x_wconf 80' lang='lat' dir='ltr'>exceptione</span> <span class='ocrx_word' id='word_1_229' title='bbox 650 2203 806 2251; x_wconf 79' lang='lat' dir='ltr'>Bullae,</span> <span class='ocrx_word' id='word_1_230' title='bbox 826 2209 890 2243; x_wconf 87' lang='lat' dir='ltr'>est</span> <span class='ocrx_word' id='word_1_231' title='bbox 911 2202 1064 2242; x_wconf 89' lang='lat' dir='ltr'>similis</span> <span class='ocrx_word' id='word_1_232' title='bbox 1086 2208 1382 2256; x_wconf 79' lang='lat' dir='ltr'>extravagans</span> <span class='ocrx_word' id='word_1_233' title='bbox 1399 2201 1511 2242; x_wconf 74' lang='lat' dir='ltr'>Sixti</span> <span class='ocrx_word' id='word_1_234' title='bbox 1534 2201 1612 2242; x_wconf 89' lang='lat' dir='ltr'>IV.</span> <span class='ocrx_word' id='word_1_235' title='bbox 1641 2208 1685 2242; x_wconf 83' lang='lat' dir='ltr'>et</span> <span class='ocrx_word' id='word_1_236' title='bbox 1703 2200 1832 2242; x_wconf 89' lang='lat' dir='ltr'>Pauli</span> 
     </span>
     <span class='ocr_line' id='line_1_28' title="bbox 381 2273 1834 2330; baseline -0.002 -13"><span class='ocrx_word' id='word_1_237' title='bbox 381 2277 444 2318; x_wconf 88' lang='lat' dir='ltr'>II.</span> <span class='ocrx_word' id='word_1_238' title='bbox 483 2276 536 2317; x_wconf 88' lang='lat' dir='ltr'>de</span> <span class='ocrx_word' id='word_1_239' title='bbox 569 2276 849 2317; x_wconf 88' lang='lat' dir='ltr'>immunitate</span> <span class='ocrx_word' id='word_1_240' title='bbox 881 2275 1106 2316; x_wconf 78' lang='lat' dir='ltr'>Ecclesiae.</span> <span class='ocrx_word' id='word_1_241' title='bbox 1169 2275 1239 2315; x_wconf 93' lang='lat' dir='ltr'>De</span> <span class='ocrx_word' id='word_1_242' title='bbox 1277 2274 1454 2315; x_wconf 89' lang='lat' dir='ltr'>Curatis</span> <span class='ocrx_word' id='word_1_243' title='bbox 1488 2274 1673 2324; x_wconf 88' lang='lat' dir='ltr'>dicatur,</span> <span class='ocrx_word' id='word_1_244' title='bbox 1717 2273 1834 2330; x_wconf 90' lang='lat' dir='ltr'>quod</span> 
     </span>
     <span class='ocr_line' id='line_1_29' title="bbox 380 2347 1833 2406; baseline -0.001 -16"><span class='ocrx_word' id='word_1_245' title='bbox 380 2350 645 2406; x_wconf 83' lang='lat' dir='ltr'>Eugeniana</span> <span class='ocrx_word' id='word_1_246' title='bbox 666 2364 750 2389; x_wconf 92' lang='lat' dir='ltr'>non</span> <span class='ocrx_word' id='word_1_247' title='bbox 772 2355 928 2404; x_wconf 80' lang='lat' dir='ltr'>potest¹</span> <span class='ocrx_word' id='word_1_248' title='bbox 951 2348 1032 2388; x_wconf 86' lang='lat' dir='ltr'>nisi</span> <span class='ocrx_word' id='word_1_249' title='bbox 1054 2347 1349 2388; x_wconf 79' lang='lat' dir='ltr'>servientibus</span> <span class='ocrx_word' id='word_1_250' title='bbox 1370 2348 1451 2403; x_wconf 86' lang='lat' dir='ltr'>ipsi</span> <span class='ocrx_word' id='word_1_251' title='bbox 1478 2349 1571 2389; x_wconf 74' lang='lat' dir='ltr'>Sm0.</span> <span class='ocrx_word' id='word_1_252' title='bbox 1632 2348 1833 2389; x_wconf 86' lang='lat' dir='ltr'>Publice-</span> 
     </span>
     <span class='ocr_line' id='line_1_30' title="bbox 380 2420 1834 2476; baseline -0.003 -12"><span class='ocrx_word' id='word_1_253' title='bbox 380 2430 451 2464; x_wconf 89' lang='lat' dir='ltr'>tur</span> <span class='ocrx_word' id='word_1_254' title='bbox 470 2423 710 2463; x_wconf 88' lang='lat' dir='ltr'>Decretum</span> <span class='ocrx_word' id='word_1_255' title='bbox 731 2422 777 2462; x_wconf 90' lang='lat' dir='ltr'>in</span> <span class='ocrx_word' id='word_1_256' title='bbox 801 2421 1086 2469; x_wconf 85' lang='lat' dir='ltr'>Cancellaria,</span> <span class='ocrx_word' id='word_1_257' title='bbox 1125 2427 1168 2461; x_wconf 85' lang='lat' dir='ltr'>et</span> <span class='ocrx_word' id='word_1_258' title='bbox 1203 2420 1245 2460; x_wconf 88' lang='lat' dir='ltr'>in</span> <span class='ocrx_word' id='word_1_259' title='bbox 1279 2420 1465 2476; x_wconf 67' lang='lat' dir='ltr'>Synodis</span> <span class='ocrx_word' id='word_1_260' title='bbox 1487 2421 1834 2462; x_wconf 71' lang='lat' dir='ltr'>Provincialibus</span> 
     </span>
     <span class='ocr_line' id='line_1_31' title="bbox 381 2494 1025 2551; baseline -0.002 -15"><span class='ocrx_word' id='word_1_261' title='bbox 381 2511 415 2536; x_wconf 88' lang='lat' dir='ltr'>c.</span> <span class='ocrx_word' id='word_1_262' title='bbox 441 2510 573 2551; x_wconf 72' lang='lat' dir='ltr'>grave</span> <span class='ocrx_word' id='word_1_263' title='bbox 596 2495 722 2535; x_wconf 88' lang='lat' dir='ltr'>nimis</span> <span class='ocrx_word' id='word_1_264' title='bbox 752 2494 805 2535; x_wconf 91' lang='lat' dir='ltr'>de</span> <span class='ocrx_word' id='word_1_265' title='bbox 830 2495 1025 2535; x_wconf 78' lang='lat' dir='ltr'>Praeben.</span> 
     </span>
    </p>

    <p class='ocr_par' dir='ltr' id='par_1_4' title="bbox 381 2566 1831 2696">
     <span class='ocr_line' id='line_1_32' title="bbox 438 2566 1831 2624; baseline -0.001 -17"><span class='ocrx_word' id='word_1_266' title='bbox 438 2567 860 2608; x_wconf 83' lang='lat' dir='ltr'>Dolensis——laudat</span> <span class='ocrx_word' id='word_1_267' title='bbox 881 2569 1023 2624; x_wconf 84' lang='lat' dir='ltr'>magis</span> <span class='ocrx_word' id='word_1_268' title='bbox 1045 2567 1162 2623; x_wconf 85' lang='lat' dir='ltr'>quod</span> <span class='ocrx_word' id='word_1_269' title='bbox 1182 2566 1439 2608; x_wconf 86' lang='lat' dir='ltr'>Residentia</span> <span class='ocrx_word' id='word_1_270' title='bbox 1470 2566 1714 2608; x_wconf 84' lang='lat' dir='ltr'>executioni</span> <span class='ocrx_word' id='word_1_271' title='bbox 1741 2580 1831 2606; x_wconf 80' lang='lat' dir='ltr'>mo·</span> 
     </span>
     <span class='ocr_line' id='line_1_33' title="bbox 381 2640 1143 2696; baseline -0.003 -14"><span class='ocrx_word' id='word_1_272' title='bbox 381 2640 572 2689; x_wconf 81' lang='lat' dir='ltr'>deretur,</span> <span class='ocrx_word' id='word_1_273' title='bbox 595 2655 726 2696; x_wconf 88' lang='lat' dir='ltr'>quam</span> <span class='ocrx_word' id='word_1_274' title='bbox 749 2640 867 2696; x_wconf 91' lang='lat' dir='ltr'>quod</span> <span class='ocrx_word' id='word_1_275' title='bbox 886 2640 1143 2681; x_wconf 88' lang='lat' dir='ltr'>declaretur.</span> 
     </span>
    </p>
   </div>
   <div class='ocr_carea' id='block_1_3' title="bbox 1018 2727 1202 2758">
    <p class='ocr_par' dir='ltr' id='par_1_5' title="bbox 1018 2727 1202 2758">
     <span class='ocr_line' id='line_1_34' title="bbox 1018 2727 1202 2758; baseline -0.005 0"><span class='ocrx_word' id='word_1_276' title='bbox 1018 2727 1025 2744; x_wconf 81' lang='lat'>¹</span> <span class='ocrx_word' id='word_1_277' title='bbox 1054 2727 1179 2758; x_wconf 81' lang='lat' dir='ltr'>Prodest</span> <span class='ocrx_word' id='word_1_278' title='bbox 1192 2728 1202 2757; x_wconf 73' lang='lat'>3</span> 
     </span>
    </p>
   </div>
   <div class='ocr_carea' id='block_1_4' title="bbox 1883 657 1902 2874">
    <p class='ocr_par' dir='ltr' id='par_1_6' title="bbox 1883 657 1902 2874">
     <span class='ocr_line' id='line_1_35' title="bbox 1895 657 1902 846; baseline 0 0"><span class='ocrx_word' id='word_1_279' title='bbox 1895 657 1902 846; x_wconf 74' lang='grc' dir='ltr'>Ξ</span> 
     </span>
     <span class='ocr_line' id='line_1_36' title="bbox 1889 1846 1896 2050; baseline 0 -62"><span class='ocrx_word' id='word_1_280' title='bbox 1889 1846 1896 2050; x_wconf 67' lang='lat'>3</span> 
     </span>
     <span class='ocr_line' id='line_1_37' title="bbox 1888 2053 1895 2140; baseline 0 0"><span class='ocrx_word' id='word_1_281' title='bbox 1888 2053 1895 2140; x_wconf 74' lang='lat'>1</span> 
     </span>
     <span class='ocr_line' id='line_1_38' title="bbox 1886 2141 1894 2395; baseline 0 -21"><span class='ocrx_word' id='word_1_282' title='bbox 1886 2141 1894 2395; x_wconf 69' lang='grc' dir='ltr'><strong><em>ἒ</em></strong></span> 
     </span>
     <span class='ocr_line' id='line_1_39' title="bbox 1885 2400 1892 2577; baseline 0 -151"><span class='ocrx_word' id='word_1_283' title='bbox 1885 2400 1892 2577; x_wconf 68' lang='lat' dir='ltr'>i</span> 
     </span>
     <span class='ocr_line' id='line_1_40' title="bbox 1884 2603 1890 2764; baseline 0 -9"><span class='ocrx_word' id='word_1_284' title='bbox 1884 2603 1890 2764; x_wconf 70' lang='grc'>1</span> 
     </span>
     <span class='ocr_line' id='line_1_41' title="bbox 1883 2783 1889 2874; baseline 0 -11"><span class='ocrx_word' id='word_1_285' title='bbox 1883 2783 1889 2874; x_wconf 72' lang='grc' dir='ltr'>ἓ,</span> 
     </span>
    </p>
   </div>
  </div>
 </body>
</html>
