1905 3254
680 330 790 359 sEss.
820 330 893 359 vu.
1437 313 1520 354 323

54 441 176 477 natos
197 436 357 478 iterum
390 436 545 478 Laicos
577 437 687 479 effici
724 452 862 493 posse,
891 438 927 478 si
957 438 1081 479 verbi
1112 437 1402 479 ministerium
1423 451 1508 477 non

52 516 294 550 exerceant.

108 581 272 622 Verum
294 589 455 637 praeter
485 587 576 639 Jam
598 589 952 623 commemoratos
973 582 1165 624 diversos
1185 583 1383 624 ordinum
1407 596 1505 637 gra·
1552 582 1557 590 '

50 653 143 701 dus,
177 661 220 695 et
255 655 508 710 spirituales
541 662 794 712 potestates,
827 655 950 696 docet
982 661 1129 696 sancta
1162 655 1374 711 Synodus,
1396 654 1506 709 Epi-

49 741 198 782 seopos
228 727 273 768 in
301 727 477 769 ecclesia
510 728 738 770 Catholica
766 728 849 769 sub
881 743 966 769 uno
989 727 1156 769 Christi
1182 728 1356 769 Vicario
1378 726 1504 767 Rom.

50 800 257 842 Pontifice
284 802 328 842 in
362 809 535 858 partem
569 801 852 843 solicitudinis
873 807 1044 843 vocatos
1067 802 1343 858 praecipuum
1364 800 1503 841 locum

48 874 272 923 obtinere3
308 882 442 931 atque
473 876 536 916 ita
567 874 622 916 ad
649 874 980 916 similitudinem
1009 874 1196 916 coelestis
1219 873 1504 915 Hierusalem

48 947 393 989 Ecclesiasticam
428 948 730 990 Hierarchiam
760 963 839 1003 per
860 947 1182 989 succedentium
1205 948 1406 989 ordinum
1430 962 1505 1003 ap-

46 1021 256 1062 tissimam
303 1021 626 1078 dispositionem
666 1037 690 1062 a
732 1021 908 1063 Christo
948 1021 1032 1062 D¹¹⁰
1067 1022 1345 1063 constitutam
1397 1035 1503 1062 esse.

53 1092 200 1147 [Quod
219 1093 254 1133 si
278 1093 378 1149 quis
399 1108 547 1135 omnes
571 1094 842 1136 Christianos
861 1095 1106 1150 promiscue
1127 1095 1230 1135 novi
1252 1094 1504 1136 testamenti

47 1166 288 1208 sacerdotes
311 1182 415 1215 esse,
439 1175 516 1209 aut
536 1183 684 1209 omncs
702 1169 798 1223 pari
820 1169 933 1210 inter
953 1183 998 1209 se
1031 1173 1250 1224 potestate
1285 1167 1506 1223 spirituali

46 1239 298 1295 praeditos]¹
332 1241 529 1290 affirmet,
564 1241 671 1282 nihil
699 1240 819 1282 aliud
840 1242 980 1283 facere
1015 1241 1206 1291 videtur,
1247 1257 1377 1297 quam
1414 1242 1503 1282 Ec-

46 1311 233 1361 clesiam,
267 1327 365 1368 quae
387 1320 452 1354 est
476 1320 524 1353 ut
546 1320 785 1354 castrorum
819 1314 932 1355 acies
962 1313 1176 1361 ordinata,
1213 1313 1503 1365 confundere;

47 1383 227 1439 perinde
250 1399 298 1426 ac
324 1385 356 1426 si
392 1392 540 1427 contra
573 1386 780 1442 Apostoli
811 1386 1067 1435 doctrinam,
1105 1401 1252 1427 omncs
1286 1387 1506 1443 Apostoli,

43 1472 190 1498 omnes
211 1457 434 1506 Doctores,
458 1474 606 1501 omncs
629 1460 950 1516 Evangelistae‚
983 1475 1131 1501 omncs
1154 1461 1370 1509 Pastorcs,
1395 1462 1504 1502 sint:

45 1531 250 1587 quoniam
279 1531 492 1589 Episcopi
523 1533 567 1574 in
598 1533 912 1589 Apostolorum
948 1533 1091 1574 locum
1120 1540 1433 1582 successerunt,
1457 1542 1506 1576 ut

47 1619 213 1645 sacrum
237 1604 421 1646 chrisma
442 1607 660 1655 conficere,
693 1613 1009 1647 sacramentum
1047 1607 1380 1648 confirmationis
1411 1623 1505 1649 con-

48 1677 175 1725 ferre,
198 1678 417 1719 ministros
438 1679 646 1721 Ecclesiae
668 1679 880 1728 ordinare,
905 1687 1038 1736 atque
1062 1681 1148 1722 alia
1179 1696 1389 1736 peragere
1421 1682 1506 1737 ipsi

46 1758 239 1807 possunt,
260 1766 446 1807 quarum
469 1752 738 1793 functionum
761 1759 1024 1807 potestatem
1046 1768 1123 1794 nec
1147 1754 1231 1809 ipsi
1255 1754 1505 1810 Presbyteri

45 1838 122 1866 nee
150 1824 313 1880 reliqui
344 1825 598 1866 inferiorum
630 1825 832 1866 ordinum
861 1826 995 1866 ullam
1018 1826 1199 1876 habent,
1222 1827 1502 1882 perspicuum

45 1905 109 1940 est
129 1914 201 1940 eos
224 1914 249 1941 a
270 1899 543 1955 Presbyteris
564 1915 646 1941 non
668 1900 808 1941 solum
830 1900 1018 1947 differre,
1048 1899 1123 1941 sed
1152 1900 1235 1940 illis
1268 1900 1398 1941 etiam
1433 1917 1507 1942 su-

45 1973 235 2028 periores
268 1988 373 2020 esse,
410 1979 542 2029 atquc
576 1974 631 2014 ab
662 1973 897 2029 Episcopis
919 1973 1125 2014 Ecclesiae
1147 1973 1334 2014 ministri
1355 1974 1436 2015 rite
1460 1982 1504 2016 ct

44 2045 240 2102 legitime
278 2046 562 2095 ordinantur;
601 2053 736 2101 atque
768 2047 811 2086 in
843 2044 1095 2100 hujusmodi
1127 2044 1399 2087 ordinatione
1425 2062 1503 2088 nec

51 2118 212 2166 Plebis,
237 2133 314 2160 nec
336 2119 531 2174 cujusvis
552 2119 772 2160 saecularis
793 2118 1022 2174 potestatis
1043 2123 1086 2158 et
1106 2117 1391 2172 magistratus
1411 2134 1504 2160 eon-

47 2203 210 2237 sensuS,
244 2189 335 2230 sive
369 2190 551 2238 vocatio,
584 2190 673 2232 sive
703 2190 946 2232 authoritas
977 2191 1039 2230 ita
1068 2190 1320 2244 requiritur,
1342 2197 1391 2232 ut
1412 2191 1503 2233 sine

46 2276 98 2302 ea
118 2262 241 2303 irrita
263 2263 331 2311 sit,
356 2263 465 2318 quin
487 2264 637 2318 potius
661 2265 720 2304 Sm
745 2263 943 2319 Synodus
965 2262 1170 2311 decernit,
1194 2277 1278 2310 OOS,
1302 2263 1377 2318 qui
1403 2279 1502 2320 pro·

45 2335 146 2390 pria
177 2335 425 2377 temeritate
455 2335 546 2377 haec
578 2337 820 2378 ministeria
852 2337 935 2378 sibi
970 2341 1162 2381 sumunt,
1198 2340 1242 2376 et
1273 2335 1346 2390 qui
1371 2336 1426 2377 ad
1453 2352 1505 2379 ea

46 2407 285 2448 exercenda
305 2422 389 2449 non
412 2423 491 2464 per
512 2410 685 2458 ostium,
708 2409 785 2451 hoc
802 2416 867 2450 est
890 2409 946 2450 ab
968 2407 1275 2449 Ecclesiastica
1295 2413 1339 2448 et
1361 2407 1501 2451 Cano-

47 2479 143 2519 nica
162 2486 379 2534 potestate
402 2481 518 2521 missi
540 2481 792 2529 ascendunt,
825 2495 969 2522 omncs
1000 2495 1084 2520 non
1117 2479 1322 2520 Ecclesiae
1355 2481 1502 2524 minis-

47 2557 147 2600 tros,
171 2552 246 2593 sed
266 2552 384 2594 fures
406 2560 450 2594 et
471 2554 660 2596 latrones
685 2553 906 2596 habendos
937 2569 1042 2594 esse.
1106 2552 1218 2594 Haec
1251 2560 1366 2602 sunt,
1401 2568 1502 2610 quae

47 2625 284 2680 generatim
317 2640 448 2667 sacrae
476 2626 648 2682 Synodo
680 2628 820 2668 visum
858 2634 923 2668 est
955 2625 1120 2666 Christi
1150 2624 1301 2666 fideles
1332 2625 1499 2669 docere.

48 2695 134 2738 His
170 2705 314 2739 autem
351 2700 564 2740 contraria
599 2701 724 2741 certis
756 2707 801 2741 et
833 2698 1021 2755 propriis
1048 2698 1285 2738 canonibus
1306 2699 1349 2740 in
1372 2698 1500 2750 hunc,

50 2771 123 2825 qui
154 2772 366 2826 sequitur,
400 2772 578 2813 modum
613 2772 818 2814 damnare
853 2771 1089 2819 constituit,
1123 2776 1171 2810 ut
1202 2785 1348 2812 omnes
1376 2772 1502 2829 adju-

220 2859 227 2876 ¹
254 2859 327 2889 This
347 2860 359 2889 1
378 2859 491 2902 supply
508 2861 586 2891 from
603 2860 654 2891 the
675 2860 789 2890 Decree
804 2860 838 2890 os
851 2859 900 2889 ilie
917 2859 1043 2897 coming
1059 2859 1188 2897 Session,
1206 2869 1272 2899 cap.
1291 2860 1334 2890 iv.

1202 2919 1275 2958 Y2
