1905 3254
642 294 751 324 sess.
779 293 854 323 vu.
1402 275 1485 315 393

33 400 217 443 Romani
251 399 469 440 Pontificis
504 406 752 447 sumuntur,
785 414 870 439 non
904 413 995 439 esse
1030 398 1248 453 legitimos
1281 412 1327 438 ac
1365 411 1488 437 veros

33 474 290 528 Episcopos,
314 471 389 512 sed
406 472 663 526 figmentum
684 470 948 519 humanum3
983 469 1234 510 Anathema
1256 469 1327 509 sit.

91 547 261 592 Postea,
288 544 357 585 die
378 543 405 584 6
421 544 451 585 J
455 544 544 592 ulii,
567 543 812 598 complures
841 542 1035 590 praelati,
1069 557 1123 582 ex
1144 540 1326 582 diversis
1348 541 1484 581 natio-

34 619 164 660 nibus
197 632 337 658 coram
362 616 586 657 Cardinali
609 616 792 657 Morono
823 622 1126 662 convocantur,
1166 621 1216 654 ut
1251 613 1490 668 exploratis

35 692 157 747 prius
190 692 372 732 istorum
404 690 594 746 judiciis,
633 705 701 730 res
724 689 880 730 deinde
909 689 950 728 in
975 687 1328 743 Congregatione
1361 701 1488 741 gene-

34 764 128 812 rali,
173 764 207 804 si
245 763 481 811 videbitur,
516 769 799 818 proponatur.
864 761 1063 802 Aderant
1096 760 1259 816 Legati
1302 766 1492 814 quatuor

37 836 302 885 cardinales,
324 836 498 891 reliqui,
529 835 617 876 duo
641 835 848 876 Oratores
878 833 1187 881 Ecclesiastici,
1211 846 1357 873 omnes
1379 832 1491 872 Prae-

35 909 127 956 lati,
153 909 223 949 alii
245 909 413 949 circiter
433 908 503 949 40.

93 981 180 1023 Res
200 981 496 1037 disputatione
518 995 603 1020 non
626 980 778 1027 caruit,
804 979 877 1020 sed
899 980 1048 1020 mitius
1082 977 1221 1018 multo
1253 992 1383 1033 quam
1421 991 1492 1017 an-

37 1064 109 1098 tea
130 1057 241 1097 inter
263 1071 334 1097 eos
357 1063 502 1096 actum
526 1055 635 1095 luit:
669 1069 767 1094 nam
800 1053 853 1094 de
889 1052 1157 1093 authoritate
1190 1051 1267 1091 illa
1300 1052 1492 1091 Actuum

38 1131 195 1186 Apost.
212 1130 279 1178 20,
294 1129 337 1170 in
360 1144 460 1184 quo,
480 1143 554 1168 vos
578 1128 722 1183 posuit
747 1127 937 1182 Spiritus
954 1127 1149 1172 Sanctus,
1166 1126 1312 1169 &c.,et
1332 1123 1385 1164 de
1408 1124 1495 1164 alia

37 1201 233 1258 ejusdem
270 1200 468 1255 Apostoli
505 1200 560 1240 ad
586 1199 751 1254 Ephes.
783 1201 840 1246 4.,
866 1199 971 1238 alios
1006 1198 1232 1245 Doctores,
1257 1197 1362 1237 alios
1392 1197 1494 1237 Pas-

38 1280 163 1318 tores.
206 1273 344 1328 aliqui
381 1288 452 1313 eas
499 1272 659 1327 apponi
696 1271 970 1319 recusabant,
1007 1269 1126 1325 quod
1161 1269 1369 1316 dicerent,
1404 1268 1495 1309 haec

39 1347 186 1403 potius
227 1345 282 1387 ad
322 1345 681 1386 Jurisdictionem
727 1345 957 1400 pertinere,
1001 1343 1186 1398 ideoque
1226 1342 1496 1391 omittenda3

38 1436 135 1462 cum
157 1419 224 1460 hic
245 1420 530 1460 constitutum
554 1420 624 1465 sit,
662 1417 768 1458 nihil
800 1418 882 1458 nisi
915 1417 968 1458 de
1005 1423 1274 1457 sacramento
1295 1416 1390 1471 ipso
1415 1416 1497 1456 Or-

39 1492 162 1534 dinis.
226 1493 312 1534 Sed
334 1493 475 1534 multa
504 1506 712 1547 responsa
747 1491 869 1531 fuere
889 1506 897 1538 ;
932 1506 977 1531 ac
999 1491 1041 1530 in
1065 1490 1226 1545 primis,
1249 1489 1389 1529 locum
1414 1490 1497 1529 Ac-

41 1574 168 1608 tuum
200 1567 360 1621 Apost.
397 1565 567 1620 pridem
601 1565 657 1605 ab
689 1564 842 1604 eadem
867 1562 1053 1619 Synodo,
1076 1562 1218 1603 Paulo
1239 1562 1326 1602 III.
1351 1561 1498 1601 Ponti-

42 1641 130 1686 fice,
153 1654 252 1680 sess.
276 1639 329 1685 3.,
353 1654 402 1679 eo
424 1653 550 1678 sensu
574 1638 706 1677 fuisse
730 1636 982 1683 adductum,
1002 1650 1133 1691 quem
1149 1636 1268 1675 Sacri
1285 1635 1499 1675 Doctores

42 1712 235 1759 tradunt,
257 1727 334 1752 nec
356 1712 492 1752 alium
508 1711 681 1751 omnino
705 1710 760 1749 ab
782 1724 832 1749 eo
855 1708 1087 1749 admittere
1108 1723 1248 1763 posse.
1311 1707 1497 1753 Deinde,

43 1786 77 1826 si
98 1785 222 1825 aliter
242 1783 560 1839 intelligendus
576 1784 643 1830 sit,
667 1797 719 1823 ea
742 1782 877 1822 verba
900 1796 1001 1821 sane
1025 1781 1080 1821 ad
1102 1780 1383 1835 Presbyteros
1405 1786 1498 1820 tan-

44 1867 138 1901 tum
163 1858 376 1914 Ephesios
399 1858 566 1905 referri,
605 1871 713 1911 quos
747 1855 941 1911 appellat
978 1855 1166 1895 seniores
1198 1860 1305 1894 natu
1328 1853 1371 1893 in
1393 1853 1500 1893 Ecca

46 1931 222 1988 Ephes,
248 1930 365 1986 quod
387 1930 495 1970 nihil
517 1943 742 1970 commune
766 1928 900 1968 habet
922 1942 1020 1968 cum
1042 1925 1365 1967 Jurisdictione.
1415 1924 1501 1966 Sed

46 2013 89 2047 ct
110 2005 311 2060 quamvis
333 2004 387 2045 ad
415 2004 646 2058 Episcopos
667 2016 814 2042 omnes
836 2001 878 2041 id
905 2000 1161 2056 pertineret,
1183 2004 1327 2039 tamen
1349 1997 1394 2038 id
1414 2012 1500 2038 non

48 2079 181 2134 accipi
207 2077 260 2118 de
282 2076 592 2118 Jurisdictione
616 2075 894 2120 contentiosa,
926 2073 978 2113 de
999 2087 1086 2127 qua
1113 2078 1178 2112 est
1201 2071 1402 2125 quaestio,
1424 2069 1501 2110 sed

47 2151 100 2192 de
118 2167 183 2199 ea,
204 2166 303 2206 quae
321 2155 476 2206 juncta
497 2156 560 2190 est
585 2163 680 2188 cum
704 2148 981 2187 Sacramento
1005 2144 1196 2191 Ordinis,
1218 2144 1261 2183 in
1285 2158 1373 2197 qua
1394 2157 1500 2198 prae-

47 2225 177 2266 betur
198 2231 367 2265 tantuin
392 2238 511 2271 usus,
529 2230 571 2263 et
593 2221 789 2269 materia,
813 2226 942 2276 prout
965 2219 1007 2259 in
1032 2217 1384 2264 confirmatione,
1407 2230 1502 2256 con-

48 2296 283 2337 secratione
304 2296 442 2343 Eccae,
465 2302 509 2335 et
530 2294 672 2344 simiL,
692 2292 745 2333 de
774 2291 935 2346 quibus
970 2291 1013 2331 S.
1045 2288 1202 2329 Thom.
1226 2288 1269 2327 ‘2³
1290 2288 1339 2326 2ae
1370 2293 1414 2342 qe
1435 2287 1501 2327 39.

51 2370 147 2411 Art.
172 2370 211 2410 3.
235 2376 278 2410 et
299 2369 499 2415 maxime,
523 2367 628 2422 quia
651 2367 694 2406 in
710 2372 838 2406 textu
860 2364 1015 2404 Graeco
1037 2358 1218 2402 dicitur¹

221 2442 338 2498 quod
360 2449 424 2483 est
443 2455 635 2497 pascere,
658 2454 742 2480 non
766 2452 931 2493 regere.

106 2515 177 2557 De
210 2516 294 2556 alia
326 2514 594 2556 authoritate
616 2514 773 2568 Apost.
804 2511 858 2552 ad
880 2509 1046 2565 Ephes.
1068 2508 1110 2548 4.
1135 2507 1300 2548 dictum
1322 2512 1404 2555 est,
1425 2504 1505 2545 Di-

53 2603 154 2629 vum
188 2588 473 2629 Ambrosium
501 2602 601 2627 eum
622 2586 763 2626 locum
787 2596 1005 2638 exponere
1028 2595 1106 2636 pro
1128 2578 1310 2618 diversis
1332 2577 1505 2626 muniis,

54 2675 150 2716 quae
171 2667 426 2702 exercentur
447 2661 490 2700 in
512 2658 712 2699 Ecclesia
733 2655 818 2697 Dei
850 2671 874 2695 a
897 2653 1104 2694 ministris
1129 2666 1359 2691 sacrorum.
1422 2650 1507 2691 Ur-

55 2735 218 2790 gebant
239 2734 378 2790 aliqui
399 2733 546 2781 etiam,
570 2739 620 2773 ut
640 2732 763 2772 ficret
785 2728 946 2770 mentio
969 2726 1021 2768 de
1044 2725 1185 2780 capite
1218 2723 1506 2771 Hierarchiae,

389 2826 395 2843 ¹
422 2823 498 2853 This
511 2834 600 2863 space
617 2833 676 2852 was
695 2819 839 2850 intended
855 2819 899 2848 sor
915 2817 965 2847 tlw
982 2815 1082 2847 Greek
1101 2820 1176 2845 text.
