1905 3254
669 353 777 383 sess.
803 355 880 384 vn.
1418 341 1503 383 475

45 456 209 503 derent,
233 456 382 497 audivi
404 457 520 513 Ego,
539 458 692 499 Patres
714 459 958 505 nonnullos,
979 459 1055 513 qui
1077 459 1204 499 tacite
1227 458 1335 499 hane
1357 459 1505 514 potius

45 529 88 568 in
108 528 276 582 legatos
298 528 471 583 culpam
495 544 665 570 omnem
689 531 983 577 transferrent,
1009 537 1096 570 tres
1130 531 1376 585 praecipuas
1409 546 1505 571 con-

47 600 275 641 troversias
289 609 592 648 memorantes,
607 602 799 657 ipsorum
819 602 1118 642 tantummodo
1134 617 1263 642 eausa
1281 603 1503 650 excitatas,

47 687 146 727 quae
184 671 352 713 dudum
400 666 492 729 jam
535 673 757 729 Synodum
799 680 934 714 totam
977 674 1194 714 inutiliter
1234 674 1502 728 fatigarunt:

45 744 192 784 Prima
225 751 320 785 erat
351 745 404 786 de
438 745 705 795 Residentia,
729 761 860 802 quam
884 747 970 802 ipsi
992 746 1109 793 olim,
1135 761 1244 787 anno
1266 748 1503 801 superiore,

46 817 331 872 problematis
364 819 506 875 specie
539 827 886 875 proposuerant;
926 819 1043 860 unde
1085 820 1208 860 Juris
1241 819 1376 860 divini
1411 835 1506 860 con-

47 890 182 930 tentio
205 898 411 946 eruperat
430 907 437 931 :
464 892 619 932 Altera
641 898 736 932 erat
758 891 811 932 de
834 891 863 932 J
872 891 1149 932 urisdictione
1172 891 1504 947 Episcoporum,

46 962 144 1002 inde
180 963 310 1003 etiam
336 964 544 1019 profecta,
575 963 692 1018 quod
714 964 799 1019 ipsi
821 978 874 1003 ex
898 964 1036 1003 veteri
1058 962 1252 1003 doctrina
1275 964 1357 1004 sub
1380 964 1410 1004 J
1415 964 1506 1003 ulio

48 1035 138 1076 III.
162 1050 212 1075 ca
234 1036 371 1076 verba
392 1036 666 1076 abstulerant
684 1051 784 1091 quae
804 1035 857 1076 ad
879 1036 965 1076 Jus
982 1035 1180 1076 divinum
1198 1036 1479 1091 pertinebant
1497 1053 1504 1076 :

45 1109 195 1149 Tertia
231 1115 323 1149 erat
356 1109 408 1149 de
446 1116 663 1164 potestate
698 1110 835 1164 Papa*
867 1109 909 1148 in
935 1109 1225 1149 universalem
1247 1109 1503 1156 Ecclesiam,

48 1196 179 1237 quam
204 1181 344 1222 literae
369 1197 421 1222 ex
444 1182 554 1222 urbe
578 1181 718 1221 missae
740 1181 1009 1228 mandantes,
1046 1180 1232 1221 Concilii
1265 1182 1302 1222 F
1306 1182 1505 1223 lorentini

48 1254 182 1294 verba
203 1254 246 1293 in
266 1254 487 1294 Canonein
510 1260 704 1293 nostrum
728 1254 964 1301 transferri,
990 1253 1198 1294 adversus
1222 1254 1373 1294 Gallos
1396 1256 1505 1295 exci-

48 1333 215 1375 tarant;
253 1341 350 1365 nam
386 1325 633 1381 prudentiae
669 1325 915 1371 videbatur,
950 1341 1046 1366 cum
1083 1333 1234 1366 notum
1267 1327 1323 1368 sit
1356 1328 1509 1369 Gallos

49 1397 265 1437 mordicus
294 1395 460 1437 har—rere
494 1396 690 1436 Concilio
714 1397 942 1437 Basiliensi
965 1399 1056 1445 uni,
1090 1399 1236 1453 potius
1257 1399 1334 1439 hos
1356 1415 1507 1455 scopu-

48 1468 112 1508 los
132 1469 310 1514 evitare,
333 1483 408 1508 nec
430 1469 669 1515 crabrones,
694 1469 813 1523 quod
835 1470 972 1518 aiunt,
996 1470 1176 1511 irritare.
1230 1471 1341 1512 Haee
1363 1479 1507 1514 tamen

51 1541 235 1596 privatis
267 1548 436 1581 tantum
475 1542 721 1596 aliquorum
760 1543 1033 1582 sermonibus
1068 1543 1375 1592 volvebantur,
1410 1560 1507 1586 cum

51 1613 195 1669 palam
219 1614 338 1653 varie
362 1629 616 1669 responsum
641 1614 807 1655 fuisset.
870 1615 984 1654 Nam
1020 1616 1350 1671 Aquilegiensis
1382 1616 1507 1664 dixit,

51 1685 268 1742 duplicem
305 1702 397 1728 esse
432 1687 807 1734 consultationem,
847 1687 976 1727 aliam
1021 1687 1074 1727 de
1110 1688 1256 1735 rebus,
1294 1689 1421 1728 aliam
1455 1689 1508 1729 de

52 1759 208 1799 verbis.
271 1759 341 1799 De
374 1760 506 1801 rebus
534 1760 727 1801 breviter
749 1775 873 1815 posse
896 1760 1042 1801 statui.
1105 1760 1173 1800 De
1197 1760 1341 1800 verbis
1362 1760 1507 1801 diffici-

53 1831 150 1878 lius,
175 1832 280 1887 quia
295 1832 339 1872 id
356 1840 421 1873 est
442 1839 604 1888 praeter
626 1834 856 1874 rationem:
881 1833 990 1879 ideo,
1014 1833 1093 1872 nisi
1112 1839 1335 1873 statuatur
1357 1833 1509 1874 modus

55 1904 212 1953 verbis,
236 1919 290 1945 ne
322 1905 430 1960 quid
451 1912 575 1946 extra
592 1920 681 1946 rem
704 1905 889 1951 dicatur,
914 1920 996 1944 non
1023 1904 1169 1945 videre
1192 1920 1235 1944 se
1257 1904 1374 1958 quod
1396 1905 1508 1945 Con-

54 1976 199 2017 silium
223 1977 402 2033 posthac
423 1977 585 2032 suscipi
610 1984 726 2018 recte
750 1978 898 2033 possit.

112 2048 401 2096 Bracarensis,
425 2048 479 2088 ad
501 2048 730 2089 evitandas
747 2049 1074 2096 controversias,
1092 2062 1139 2088 ae
1157 2054 1207 2087 ut
1225 2048 1367 2088 Sessio
1385 2048 1511 2089 brevi

55 2120 313 2169 celebretur,
328 2121 416 2162 duo
430 2136 520 2162 esse
539 2121 730 2162 remedia
747 2122 893 2162 aiebat
909 2138 916 2161 :
952 2121 1018 2160 P0.
1045 2127 1093 2159 ut
1111 2119 1166 2160 ad
1183 2134 1251 2159 res
1267 2121 1512 2174 propositas

57 2205 82 2230 a
102 2190 264 2232 Pribus
285 2193 599 2247 respondeatur
621 2194 805 2248 simplici
829 2193 975 2239 verbo,
1000 2191 1162 2237 Placet,
1188 2190 1272 2240 vel,
1295 2191 1395 2230 Non
1418 2191 1511 2245 pla-

56 2271 144 2305 eet:
176 2266 231 2306 2⁰.
257 2273 305 2306 ut
320 2266 443 2305 nulla
464 2265 729 2306 adhibeatur
752 2265 856 2305 fides
877 2266 941 2312 iis,
962 2265 1038 2319 qui
1060 2264 1262 2303 laborant
1276 2277 1325 2302 eo
1347 2263 1510 2312 morbo,

58 2351 186 2392 quem
220 2353 371 2378 curare
406 2338 607 2393 Synodus
644 2339 779 2393 cupit,
812 2338 908 2383 illis,
943 2338 1040 2384 viz„
1075 2336 1150 2390 qui
1189 2335 1352 2375 habent
1383 2335 1513 2389 plura

58 2407 266 2449 beneficia
287 2416 448 2457 curata,
477 2417 527 2450 ut
548 2410 601 2449 iis
628 2424 713 2449 non
746 2409 960 2455 credatur,
985 2406 1158 2462 quando
1180 2406 1329 2461 agitur
1350 2406 1403 2447 de
1426 2407 1510 2447 Re-

59 2480 250 2522 sidentia.

117 2552 559 2609 Tarentinus—quod
581 2553 836 2594 debuissent
860 2551 959 2591 Illmi
986 2550 1147 2604 Legati
1170 2550 1411 2604 principiis¹
1435 2552 1510 2591 ob-

61 2627 184 2672 stare,
205 2639 259 2665 ne
283 2626 544 2679 quaestiones
581 2625 636 2665 ab
662 2625 713 2665 iis
738 2639 820 2663 non
843 2622 1080 2678 propositae
1103 2628 1235 2675 atque
1257 2621 1434 2663 inutiles
1455 2615 1511 2664 ab

63 2694 157 2735 aliis
178 2697 471 2737 miscerentur.

119 2766 454 2822 Pragensis—se
491 2783 715 2823 nunquam
760 2781 1032 2807 assensurum
1084 2765 1390 2819 prorogationi,
1431 2766 1510 2806 nisi

646 2856 652 2872 ¹
681 2856 847 2895 Principis,
867 2855 934 2884 MS.
