1905 3254
353 249 407 290 80
982 260 1092 290 SEss
1118 259 1182 288 111.

353 372 533 427 pietate,
559 376 692 424 atque
714 367 965 408 humilitate
993 364 1327 406 succurrendum
1357 362 1480 410 dixit,
1503 376 1591 418 quo
1625 361 1805 417 gravius

352 444 673 499 periclitantur.
728 441 779 482 In
812 439 926 480 hisce
960 438 1211 494 ignominiae
1242 436 1662 492 contemptionisque
1692 434 1805 489 peri-

352 516 460 557 culis
482 515 672 556 caritatis
705 514 797 554 zelo
829 512 1071 553 subeundis
1105 511 1378 551 christianas
1415 525 1439 550 a
1468 509 1594 549 nobis
1623 508 1807 548 virtutes

353 588 541 628 maxime
564 585 835 627 exercendas.

410 660 629 702 Nonnulli
669 666 814 700 tamen
856 659 1010 698 Patres
1057 656 1262 712 quaedam
1306 655 1374 696 his
1419 654 1654 703 addidere3
1705 667 1804 693 nam

354 733 650 790 Aquileiensis
672 732 845 787 placere
867 732 951 771 sibi
983 731 1164 771 formam
1196 729 1497 785 przescriptam
1530 726 1656 773 dixit,
1685 725 1807 765 dum—

353 807 481 848 modo
499 822 549 848 ea
569 807 665 862 ipsa
686 806 754 853 sit,
779 820 880 860 quae
903 804 1010 844 alias
1038 804 1211 844 decreta
1243 803 1339 843 fuit.
1406 801 1492 841 Cui
1526 799 1808 840 VVarmiensis

353 888 398 921 et
430 881 671 921 Simonetta
701 877 1033 932 responderunt,
1056 877 1142 916 imo
1165 875 1345 916 eandem
1378 877 1515 931 ipsam
1550 875 1806 928 impressam

353 953 531 1008 publice
554 958 701 992 extare
722 967 730 990 :
763 950 837 990 ille
860 949 1100 1005 replicavit,
1123 964 1166 989 se
1193 949 1430 995 dubitasse,
1455 963 1553 988 cum
1589 954 1684 987 acta
1715 946 1810 1000 ipsa

354 1025 607 1067 authentica
627 1039 711 1065 non
727 1022 898 1071 viderit,
924 1037 1022 1078 quae
1046 1022 1234 1063 testibus
1266 1021 1442 1077 probari
1463 1035 1547 1061 non
1568 1020 1732 1060 solent:
1766 1033 1810 1059 se

353 1107 499 1141 tamen
521 1099 614 1139 aliis
638 1099 849 1140 assentiri.

411 1173 803 1214 Florentinus—ut
841 1172 1046 1212 Oratores
1082 1171 1179 1227 ipsi,
1214 1171 1247 1211 si
1287 1169 1393 1226 quid
1437 1168 1625 1224 amplius
1666 1166 1810 1223 requi-

353 1253 456 1287 runt
478 1246 589 1286 illud
610 1246 847 1301 explicent,
871 1252 1060 1300 tuncque
1082 1246 1135 1285 iis
1158 1243 1492 1300 gratificandum
1515 1257 1621 1283 esse.

411 1320 667 1360 Bracarensi
706 1319 818 1359 illud
857 1319 1083 1374 negotium
1121 1318 1374 1365 exhibebat,
1409 1316 1527 1372 quod
1568 1315 1811 1371 impunitas

353 1393 437 1433 illis
470 1393 666 1448 promitti
699 1392 887 1438 videtur,
911 1398 999 1432 tam
1033 1391 1288 1431 delictorum
1323 1390 1645 1430 commissorum
1682 1403 1811 1444 quam

353 1466 778 1507 committendorum.
841 1465 1008 1506 Verum
1034 1465 1277 1505 Simonetta
1298 1463 1538 1519 respondit,
1561 1462 1653 1503 haec
1677 1463 1813 1518 accipi

352 1539 398 1579 in
429 1539 495 1579 his
527 1555 626 1594 quae
661 1539 715 1579 ad
750 1539 876 1579 fidem
906 1545 1134 1594 spectant:
1166 1553 1266 1577 uam
1300 1552 1395 1578 cum
1428 1536 1490 1576 illi
1521 1535 1606 1576 huc
1640 1535 1815 1576 venturi

353 1612 452 1659 sint,
477 1615 527 1652 ea
549 1619 719 1652 tantum
752 1611 805 1652 de
840 1614 980 1659 causa,
1009 1617 1057 1651 ut
1087 1610 1313 1666 opiniones
1348 1624 1449 1650 suas
1486 1615 1734 1665 proponant
1770 1615 1814 1649 et

353 1685 576 1725 nobiscum
619 1685 672 1725 de
714 1685 767 1725 iis
807 1684 1069 1739 disceptant,
1113 1684 1269 1739 utique
1309 1697 1482 1723 necesse
1523 1688 1587 1722 est
1628 1697 1699 1722 eos
1742 1682 1813 1722 illo

353 1765 548 1814 tempore
571 1759 633 1799 ita
656 1759 909 1799 aberrantes
929 1759 1150 1800 sustineri.

409 1832 642 1888 Pragensis
678 1831 804 1879 dixit,
841 1831 883 1871 in
925 1839 1049 1872 tanta
1084 1832 1358 1887 ingeniorum
1398 1831 1612 1872 varietate
1654 1831 1728 1871 vix
1770 1846 1813 1871 se

354 1904 515 1945 audere
549 1905 785 1960 quicquam
816 1905 949 1959 loqui,
984 1919 1037 1944 ne
1072 1905 1169 1959 quis
1197 1919 1253 1951 se,
1286 1911 1335 1944 ut
1359 1904 1588 1945 Oratorem
1613 1904 1812 1953 Caesaris,

354 1977 491 2019 verba
524 1978 673 2017 fecisse
707 1978 1035 2032 interpretetur,
1072 1976 1382 2033 dubitareque,
1419 1993 1472 2018 ne
1514 1978 1599 2018 sibi
1636 1978 1814 2033 posthac

355 2052 564 2092 Oratione
586 2052 643 2091 sit
663 2050 1014 2106 temperandum,
1039 2065 1136 2090 cum
1164 2065 1401 2091 sermonem
1437 2066 1565 2091 suum
1601 2051 1707 2092 adeo
1739 2053 1813 2092 ob-

351 2124 472 2179 liquo
493 2139 622 2164 sensu
645 2124 782 2179 accipi
803 2129 1057 2179 cognoscat:
1090 2138 1246 2178 rogare
1272 2138 1316 2164 se
1341 2124 1580 2179 Synodum,
1604 2131 1813 2180 tanquam

356 2195 587 2236 Oratorem
612 2195 811 2244 Caesaris,
845 2202 895 2236 ut
920 2197 1051 2251 juxta
1083 2194 1202 2250 quod
1234 2195 1382 2251 plures
1413 2203 1641 2238 senserunt
1662 2197 1815 2238 Patres

353 2267 438 2306 sibi
467 2267 635 2322 copiam
667 2266 802 2322 hujus
831 2266 933 2307 fidei
968 2267 1158 2322 publieae
1195 2267 1367 2308 decerni
1401 2268 1593 2309 mandet.
1658 2268 1814 2319 Quoad

352 2341 542 2396 reliqua,
565 2348 718 2397 optare
749 2356 793 2381 se
823 2341 1026 2388 maxime,
1052 2347 1101 2381 ut
1133 2340 1211 2381 hoc
1245 2341 1335 2382 loco
1368 2342 1673 2398 unusquisque
1707 2343 1812 2383 cari-

352 2415 456 2455 tatis
488 2421 661 2455 tantum
697 2414 788 2454 zelo
823 2414 867 2454 in
899 2413 1080 2454 dicenda
1111 2415 1328 2454 sententia
1363 2414 1564 2463 ducatur,
1598 2430 1812 2471 omneque

353 2503 531 2543 prorsus
562 2487 767 2528 humanae
808 2486 1045 2528 affectionis
1077 2502 1153 2528 seu
1188 2488 1439 2529 ambitionis
1472 2489 1708 2545 vestigium
1740 2489 1812 2530 de-

355 2568 504 2617 ponat,
528 2561 603 2601 sed
633 2560 843 2616 quicquid
879 2561 1154 2616 proditurum
1191 2569 1256 2602 est
1288 2562 1333 2603 id
1367 2563 1561 2603 omnium
1588 2563 1812 2604 hominum

354 2636 556 2689 opinione
578 2649 741 2690 purum
764 2640 1050 2689 sanctumque
1071 2634 1302 2675 habeatur.

413 2707 443 2747 J
449 2708 832 2764 ustinopolitanus,
870 2708 1120 2763 paululum,
1175 2715 1223 2748 ut
1271 2709 1516 2764 oportebat,
1570 2717 1809 2765 permotus,

355 2780 471 2834 quod
488 2796 586 2821 eum
604 2780 891 2823 Granatensis
906 2780 1086 2822 dicendo
1101 2780 1326 2823 videretur
1343 2782 1473 2823 tacite
1492 2783 1811 2838 perstrinxisse,

1891 423 1896 439 --
1890 334 1896 416 ..sfir4
1890 185 1897 323 ...fl-mam
