1905 3254
685 254 795 284 sess.
821 254 881 284 vi.
1432 239 1516 279 215

57 360 220 416 dosque
257 360 508 403 ostendunt.
573 360 700 401 Duas
731 361 770 401 ei
805 362 996 402 rationes
1030 368 1295 418 proponunt,
1330 362 1510 402 alteram

56 448 189 489 quam
206 440 347 474 tutam
364 441 553 481 censent,
569 434 753 474 alteram
771 434 989 475 difficilem
1007 435 1348 491 ancipitemque.
1397 434 1511 474 Cum

55 508 170 547 enim
193 514 332 548 totum
361 506 441 547 hoc
461 507 685 562 negotium
710 522 763 546 ex
785 514 963 562 patrum
996 508 1224 549 voluntate
1247 508 1302 550 sit
1323 515 1513 549 statuen-

55 579 174 627 dum,
197 586 370 620 censent
392 580 447 619 ab
461 579 513 619 iis
530 579 654 619 facile
673 579 858 620 obtineri
872 595 1010 635 posse,
1028 587 1078 621 ut
1095 580 1369 628 decernatur,
1384 581 1512 622 licere

58 654 135 694 Smo
156 653 213 694 N.
237 668 317 708 pro
337 653 429 693 loco
461 659 506 693 et
540 659 738 708 tempore
771 653 914 694 calicis
952 668 1080 694 usum
1114 654 1338 710 aliquibus
1369 654 1513 694 indul-

56 741 179 782 gere:
214 725 331 781 quod
363 726 398 766 si
433 733 678 781 urgeantur
700 726 868 773 Patres,
903 733 952 767 ut
973 726 1018 767 id
1040 727 1122 782 ipsi
1146 727 1412 768 authoritate
1434 743 1515 768 sua

56 805 268 847 statuant,
306 799 447 839 vereri
483 814 541 846 se,
584 813 636 838 ne
669 813 736 840 res
769 798 1052 839 difficiliorem
1086 799 1250 839 exitum
1282 806 1326 839 et
1347 799 1514 840 tristem

55 870 201 925 potius
223 871 278 911 sit
299 870 519 912 habitura.
585 871 1063 927 Quinqueecclesiensis
1091 872 1134 912 in
1165 870 1246 913 hoc
1267 871 1515 912 discrimine

57 941 284 991 adductus,
307 943 441 999 quod,
466 959 513 986 s„
549 945 583 984 si
609 943 767 984 Calicis
800 959 928 984 usum
961 943 1047 984 illis
1079 958 1104 984 a
1138 943 1312 999 Synodo
1344 951 1515 986 tantum

56 1015 253 1070 permitti
283 1022 419 1070 petat,
441 1016 706 1057 occasionem
731 1015 956 1071 aliquibus
976 1015 1296 1070 interpretandi
1317 1016 1517 1071 praebere

58 1089 205 1144 possit,
228 1088 543 1130 authoritatem
568 1090 639 1130 Smi
658 1090 810 1131 Positis
844 1105 868 1130 a
901 1104 945 1130 se
982 1104 1065 1129 non
1096 1090 1353 1145 magnifieri,
1378 1090 1520 1131 multa

57 1162 230 1217 praefari
259 1162 419 1218 legatis
440 1163 595 1218 incipit
617 1162 669 1203 de
692 1177 899 1218 suprema
920 1162 1160 1203 beatissimi
1182 1163 1265 1203 Nri
1287 1162 1517 1218 dignitate,

59 1241 196 1290 utque
218 1250 316 1276 eum
340 1251 473 1291 supra
496 1235 740 1276 Concilium
765 1250 856 1276 esse
878 1250 931 1276 ex
954 1236 1096 1276 animo
1119 1243 1327 1291 agnoscat
1355 1244 1399 1277 et
1422 1251 1518 1292 pro-

58 1309 221 1350 fitetur.
293 1308 454 1349 Subdit
478 1316 622 1350 tamen
640 1310 772 1349 variis
794 1324 847 1349 ex
861 1309 1002 1349 causis
1022 1315 1175 1364 optare
1199 1309 1418 1350 Caesarem
1441 1309 1520 1350 hoc

60 1381 143 1422 sibi
172 1381 216 1422 in
252 1382 459 1437 praesenti
494 1382 680 1423 Concilii
715 1397 916 1422 consessu
949 1381 1069 1431 dari;
1103 1382 1164 1423 ita
1185 1382 1298 1423 enim
1322 1383 1520 1424 nationes

59 1454 158 1495 illas
177 1456 221 1495 in
242 1454 351 1495 hanc
373 1470 495 1510 spem
520 1455 702 1502 venisse,
741 1470 839 1494 cum
862 1454 941 1495 hoc
964 1470 1017 1495 ex
1040 1455 1308 1510 praecedenti
1331 1456 1520 1497 sessione

61 1528 103 1569 in
135 1527 245 1569 hane
280 1530 490 1584 rejectum
526 1544 618 1569 esse
651 1527 853 1568 viderint.
919 1527 990 1569 Ita
1025 1529 1157 1569 etiam
1194 1529 1521 1570 Sanctissimum

59 1603 207 1659 ipsum
228 1603 430 1644 Caesareo
450 1604 627 1644 Oratori
649 1603 802 1643 Romae
823 1602 1111 1656 respondisse,
1134 1602 1213 1643 hoe
1230 1617 1273 1643 se
1294 1603 1522 1658 negotium

64 1675 248 1716 Concilii
269 1675 450 1716 arbitrio
473 1676 646 1716 omnino
668 1675 962 1716 definiendum
986 1675 1227 1730 reliquisse.
1291 1675 1523 1731 Quaprop-

61 1756 140 1797 ter,
165 1749 200 1789 si
221 1763 372 1789 rursus
393 1764 506 1790 nunc
526 1764 595 1790 res
618 1763 642 1789 a
660 1747 833 1804 Synodo
857 1747 913 1787 ad
926 1748 1095 1803 Papam
1117 1747 1357 1802 rejiciatur,
1382 1748 1523 1789 vereri

63 1835 122 1865 se,
145 1834 198 1860 ne
220 1819 418 1860 nationes
440 1820 527 1860 illae
549 1819 627 1860 hoe
649 1835 703 1860 ex
725 1820 962 1875 composito
985 1819 1072 1874 agi,
1108 1819 1247 1859 veluti
1268 1820 1311 1859 in
1335 1819 1525 1861 Caesaris

64 1891 320 1939 ludibrium,
357 1892 648 1947 suspicentur.
715 1893 875 1948 Itaque
917 1892 1042 1933 enixe
1078 1891 1248 1947 legatos
1297 1899 1439 1947 rogat,
1475 1900 1524 1934 ut

64 1980 238 2007 causam
261 1966 303 2005 in
326 1980 525 2005 consessu
549 1966 734 2020 proponi
758 1965 993 2020 patiantur.
1044 1964 1098 2004 Se
1121 1964 1235 2003 enim
1257 1963 1310 2004 de
1333 1964 1525 2021 benigna

68 2040 243 2080 Patrum
271 2039 499 2079 voluntate
522 2039 632 2079 bene
655 2054 830 2094 sperare
855 2038 983 2085 velle,
1008 2036 1128 2092 quod
1149 2043 1199 2077 ut
1220 2036 1390 2077 facilius
1412 2039 1522 2079 obti-

64 2129 165 2155 nere
189 2114 365 2170 possint,
388 2114 576 2154 rationes
598 2113 864 2168 multiplices
882 2113 924 2152 in
948 2126 1083 2152 unum
1108 2110 1334 2165 colligunt,
1359 2112 1524 2167 quibus

65 2188 289 2228 consilium
324 2203 452 2228 suum
489 2187 663 2243 Synodo
695 2187 931 2242 probatum
956 2185 1008 2225 iri
1032 2183 1278 2233 confidunt3
1312 2199 1422 2239 quas
1442 2185 1522 2225 du-

66 2262 200 2317 plices
227 2267 502 2316 componunt,
539 2260 701 2301 alteras
736 2259 924 2314 plenius,
961 2258 1121 2298 alteras
1157 2256 1350 2306 brevius,
1385 2258 1525 2298 veluti

66 2334 107 2375 in
140 2334 442 2390 compendium
477 2335 767 2389 conscriptas3
815 2349 839 2374 a
883 2333 1133 2389 legatisque
1181 2345 1342 2385 magna
1392 2331 1523 2371 animi

66 2409 334 2449 contentione
368 2414 541 2463 petunt,
575 2414 626 2447 ut
659 2407 831 2447 illarum
867 2406 1024 2447 alteras
1053 2420 1078 2445 a
1110 2403 1322 2444 Patribus
1357 2410 1523 2445 attente

65 2480 166 2538 legi,
201 2489 438 2538 antequam
481 2481 741 2522 sententiam
787 2481 829 2520 in
868 2493 1067 2520 consessu
1107 2476 1268 2524 dicant,
1315 2476 1523 2518 mandare

69 2554 213 2595 velint.
279 2554 331 2595 Id
355 2553 599 2594 Cardinalis
632 2554 905 2594 Mantuanus
937 2565 1150 2607 perquam
1185 2549 1370 2591 officiose
1403 2551 1524 2606 apud

67 2627 219 2668 Patres
239 2627 355 2684 egit;
387 2634 431 2668 et
453 2642 602 2668 earum
631 2626 821 2682 quidem,
857 2640 957 2681 quae
990 2623 1162 2679 longius
1185 2629 1376 2664 exaratae
1409 2631 1521 2674 sunt,

67 2701 318 2756 exemplum
343 2700 448 2741 alibi
464 2707 598 2742 extat.
